3293 5219
2308 359 2462 434 299

220 582 356 665 tur,
435 596 523 647 ac
598 572 1015 669 Augustam
1086 572 1507 647 transmitti.
1583 572 1801 665 Quod
1903 573 2001 647 ad
2112 575 2478 651 contribu-

216 701 492 775 tionem
545 700 823 792 attinet,
901 696 1221 774 Carolus
1261 698 1508 774 multis
1546 699 1836 774 vicibus
1915 699 2303 794 hortando,
2341 723 2491 776 mo·

211 826 478 919 nendo,
518 850 607 901 ac
661 826 1180 901 necessitatem
1237 825 1688 901 ostendendo
1727 826 1991 917 effecit,
2030 835 2112 902 ut
2150 828 2290 902 duo
2328 827 2465 903 flo-

210 955 370 1029 reni
408 954 484 1028 in
503 960 976 1051 praesentem
998 976 1267 1028 annum
1288 954 1771 1048 offerrentur3
1812 953 2177 1051 exemptis
2217 961 2487 1045 tamen,

212 1102 399 1176 quos
456 1078 825 1152 exercitus
901 1079 1408 1168 caesarianus,
1467 1079 1625 1153 sive
1680 1079 1935 1153 hostes
2010 1088 2457 1155 vastassent.

209 1203 676 1302 Quamquam
713 1204 1229 1303 prudentiores
1269 1205 1959 1280 animadvertebant
2030 1205 2313 1280 frustra
2386 1214 2460 1281 et

206 1331 362 1429 peti
419 1340 496 1406 et
549 1331 897 1430 promitti,
954 1330 1149 1427 quod
1204 1330 1577 1428 praestari
1632 1330 1990 1428 nequiret,
2069 1354 2230 1406 cum
2284 1355 2454 1407 mox

204 1455 561 1552 flagranti
632 1456 830 1530 bello
906 1456 1149 1530 omnia
1225 1458 1427 1531 velut
1497 1455 1836 1530 incendio
1912 1456 2480 1554 corriperentur3

204 1583 430 1657 etiam
469 1581 766 1656 comitia
782 1581 1344 1681 intempestiva3
1384 1606 1553 1657 nam
1591 1605 1900 1679 regnum
1963 1585 2056 1659 ab
2114 1583 2371 1658 amicis
2410 1591 2486 1658 et

201 1708 548 1785 hostibus
632 1713 854 1807 juxta
935 1708 1286 1785 afflictum
1321 1708 1680 1785 beneficio
1757 1707 2003 1807 aliquo
2076 1710 2460 1796 redimere,

204 1858 425 1932 quam
464 1857 736 1930 urgere
772 1834 1006 1910 fuisse
1047 1835 1472 1910 consultius.

414 1958 782 2039 Volumen
854 1961 1121 2056 ingens
1160 1961 1464 2036 missum
1502 1961 1793 2035 caesari
1849 1955 1974 2060 (ex
2013 1983 2156 2058 quo
2197 1963 2462 2039 saltem

198 2109 442 2183 pauca
533 2094 888 2162 annotare
959 2081 1215 2184 lubet),
1324 2085 1531 2160 initio
1605 2086 1777 2161 inde
1889 2096 2183 2187 coept0,
2260 2088 2456 2185 quod

199 2235 467 2288 caesar
556 2210 853 2309 oblique
940 2213 1501 2311 perstrinxerat,
1596 2213 1813 2309 quasi
1841 2204 2105 2289 'minus
2197 2238 2452 2290 neces-

198 2341 422 2415 sitate
441 2347 949 2437 praestarent}
1000 2347 1347 2413 constare
1408 2340 1700 2415 caesari
1727 2343 1888 2437 jam
1924 2341 2096 2415 inde
2141 2343 2476 2437 abinitio‚

197 2474 493 2541 centum
550 2474 623 2540 et
714 2466 1028 2563 amplius
1105 2490 1361 2562 annos,
1418 2475 1811 2566 postquam
1886 2466 2006 2543 hic
2077 2468 2317 2544 hostis
2396 2470 2473 2544 in

193 2592 578 2690 Europam
613 2593 929 2686 transiit,
969 2594 1337 2691 quamdiu,
1390 2595 1685 2693 quantis
1725 2595 2108 2691 periculis,
2153 2602 2467 2694 quanto-

195 2742 336 2816 que
370 2719 602 2794 totius
642 2718 1202 2796 christianitatis
1243 2723 1620 2797 commodo
1663 2722 2132 2816 decertarint,
2164 2731 2446 2820 quanta

198 2844 406 2919 bella
440 2845 634 2919 ultro
653 2844 1052 2937 intulerint,
1071 2853 1245 2921 utet
1268 2848 1667 2922 eorundem
1697 2855 1771 2923 et
1789 2847 2241 2947 reliquorum
2279 2847 2466 2922 chri·

193 2970 603 3046 stianorum
625 2972 1109 3064 confessione,
1131 2979 1416 3047 scutum
1453 2972 1682 3049 veluti
1703 2996 1793 3049 ac
1834 2975 2476 3072 propugnaculum

191 3098 510 3171 omnium
529 3097 902 3173 nationum
921 3122 1009 3173 ac
1044 3120 1443 3194 regnorum
1462 3099 1735 3175 fuerint
1773 3129 1789 3173 :
1830 3124 1967 3175 nec
2007 3125 2089 3176 se
2132 3102 2451 3193 desidia,

194 3221 328 3295 sed
345 3222 506 3295 fato
528 3223 875 3314 cessisse,
919 3246 1060 3320 quo
1121 3231 1383 3298 cuncta
1423 3232 1586 3299 orta
1625 3233 1989 3322 auctaque
2032 3226 2252 3302 finem
2317 3250 2473 3304 sor-

195 3347 498 3422 tiuntur.
539 3346 857 3439 Quotam
895 3350 1251 3447 temporis
1270 3359 1560 3448 partem
1599 3351 1864 3425 nedum
1901 3352 2095 3445 anni,
2139 3352 2313 3448 quin
2353 3377 2481 3452 pu-

192 3482 448 3570 gnent,
474 3474 915 3572 vincantque
946 3482 1021 3550 et
1040 3476 1447 3568 vincantur,
1468 3477 1679 3551 incur
1693 3485 2092 3575 senturque
2132 3487 2207 3553 et
2242 3480 2480 3555 incur·
2513 3461 2518 3464 ’

192 3607 360 3674 sent
380 3598 417 3673 P
439 3599 649 3674 ethis
669 3600 858 3698 ipsis
885 3600 1238 3698 reliquiis,
1261 3601 1368 3675 uti
1391 3600 1738 3676 claustris
1780 3601 2186 3700 potentiam
2223 3602 2484 3707 Asiae,

192 3725 505 3801 Africae
541 3727 929 3826 partisque
972 3727 1321 3825 Europae
1341 3727 1581 3805 adhuc
1602 3729 2031 3824 sustentari;
2054 3713 2206 3805 tuin
2227 3731 2475 3824 etiam,

198 3860 475 3951 quanto
536 3853 803 3930 ardore
865 3852 1227 3928 coluerint
1265 3861 1339 3929 et
1409 3861 1812 3956 patrem-et
1843 3856 2123 3953 ipsum,
2164 3878 2350 3953 quos
2387 3856 2464 3931 in

192 4000 419 4075 reges
455 3979 651 4054 ultro
692 3978 1520 4078 depoposcerint;quae
1575 3981 1751 4057 item
1810 3982 2089 4056 auxilia
2128 3981 2476 4079 Ungaro-

193 4127 357 4178 rum
395 4103 477 4176 in
510 4105 859 4181 Inferiori
897 4105 1277 4201 Ungaria,
1319 4130 1510 4205 quae
1552 4107 1975 4184 Danubium
2010 4109 2212 4183 ultra
2248 4109 2472 4184 citra·
2557 4161 2564 4172 ·

189 4248 356 4327 que,
417 4252 608 4326 quae
661 4231 739 4304 in
798 4232 1105 4330 Illyrico
1127 4229 1164 4304 t>
1217 4233 1271 4310 J
1276 4257 1394 4307 am
1433 4241 1692 4308 auctus
1730 4234 2171 4310 tributorum
2207 4259 2298 4310 ac
2332 4236 2456 4310 tri-

190 4353 636 4431 cesimarum
714 4364 787 4432 et
860 4358 1145 4432 metalli
1216 4379 1665 4453 memorare;
1761 4381 1989 4457 saepe
2101 4360 2456 4458 supplici-

194 4487 314 4554 ter
369 4489 741 4579 precatos,
796 4491 878 4559 ut
928 4507 1331 4583 paucorum
1396 4486 1799 4581 potentiam
1869 4492 2085 4584 pater
2168 4487 2479 4585 primum

195 4615 276 4682 et
327 4630 523 4683 nunc
557 4608 722 4706 ipse
759 4609 1106 4708 princeps
1141 4612 1595 4709 prohiberet,
1634 4612 2305 4688 animadverterent
2321 4634 2462 4709 que
