3293 5219
2191 345 2481 412 LXXIX

228 532 620 608 scribenda
661 535 1021 630 Historia,
1064 542 1137 609 ct
1176 533 1386 608 lanta
1443 531 1804 631 supelleX,
1842 539 1916 606 et
1952 531 2344 620 luculenta,
2386 553 2476 605 ex

224 659 400 732 tanti
438 660 833 757 scriptoris
873 657 1365 736 monumentis
1408 659 1504 732 ad
1543 681 1634 733 ea
1673 657 2007 733 ornanda
2056 663 2278 755 atquc
2315 656 2481 732 illu-

223 785 545 881 stranda,
571 810 761 885 quae
785 786 980 875 velit,
1015 784 1595 883 suppeditentur.
1620 784 1811 859 Eum
1841 784 2107 860 librum
2130 781 2479 859 Basileae

223 935 585 1005 excusum,
625 912 915 988 animus
955 918 1071 986 est
1106 908 1519 985 inscribere
1543 909 2108 985 'l‘ransilvaniae
2129 907 2482 1007 Principi,

224 1034 285 1108 si
324 1035 562 1110 minus
603 1060 698 1112 ex
736 1061 818 1113 re
855 1036 1052 1135 ipsa,
1094 1042 1172 1110 at
1227 1057 1321 1109 ex
1362 1032 1767 1124 voluntate,
1809 1040 2030 1131 atque
2068 1034 2293 1110 animi
2331 1043 2478 1110 stu-

226 1158 359 1253 dio,
396 1160 593 1236 unde
631 1167 769 1255 est,
818 1185 1006 1259 quae
1061 1184 1209 1236 una
1264 1181 1386 1233 res
1442 1159 1766 1258 spectari
1822 1159 1897 1234 in
1945 1161 2143 1235 omni
2177 1182 2477 1237 munere

222 1285 602 1383 largiendo
643 1286 885 1383 debet,
925 1310 1068 1364 non
1126 1286 1498 1381 ingratum
1552 1285 1872 1361 futurum
1931 1307 2214 1361 munus.
2257 1285 2473 1361 Vale.

1278 1788 1414 1862 IX.

288 1969 563 2043 Bmtm
597 1968 837 2044 danos
874 1964 1144 2064 Mihdly
1181 1964 1323 2038 III.
1362 1964 1564 2039 levele
1599 1966 1919 2068 Forydch
1960 1963 2402 2043 Ferenczlzez.

1066 2092 1334 2193 (1573.
1379 2087 1628 2190 febr).

431 2292 933 2390 Wolfgangus
991 2291 1563 2369 Kovachoczius
1608 2292 1743 2367 Vir
1778 2293 1883 2368 tui
1928 2293 2467 2391 pe1·studiosu8‚

222 2429 295 2494 ut
331 2420 506 2494 mihi
545 2443 642 2495 ex
680 2419 881 2494 illius
920 2418 1199 2494 litteris·
1232 2427 1350 2496 est
1386 2416 1612 2511 visus,
1652 2443 1813 2494 cum
1853 2421 2237 2519 superiore
2276 2447 2471 2499 anno

224 2544 561 2622 Lutetiae
602 2568 866 2637 essem,
919 2543 1211 2621 litteras
1269 2545 1366 2620 ad
1421 2568 1536 2621 me
1577 2543 1891 2621 Patavio
1949 2545 2277 2642 dederat,
2319 2549 2473 2646 qui-

220 2672 355 2745 bus
396 2671 489 2748 de
525 2696 610 2747 re
666 2672 813 2746 iam
869 2695 1015 2747 non
1074 2674 1302 2748 semel
1358 2673 1550 2746 inter
1606 2694 1744 2747 nos
1785 2680 1976 2765 acta,
2017 2681 2141 2750 tuo
2179 2675 2473 2752 nomine

220 2821 496 2873 mecum
537 2796 1099 2895 diligentissime
1139 2798 1432 2896 agebat.
1475 2796 1776 2874 Summa
1804 2800 2137 2897 quidem:
2169 2802 2296 2877 ubi
2320 2803 2475 2877 ani-

220 2948 407 3000 mum
443 2924 866 3001 inducerem
924 2923 1251 3001 oblatam
1307 2923 1478 3000 olim
1539 2924 1716 2999 mihi
1755 2926 2245 3005 conditionem
2283 2929 2473 3005 acci-

218 3074 410 3148 pere,
452 3060 607 3126 tum
644 3050 1117 3145 commodam,
1159 3059 1308 3127 tum
1366 3050 1869 3145 honorificam,
1911 3061 1986 3128 et
2022 3053 2204 3130 meis
2251 3055 2473 3130 ratio·

218 3176 429 3252 nibus
486 3199 633 3252 non
690 3177 878 3252 male
919 3176 1418 3252 consulturum
1457 3199 1571 3251 me
1613 3203 1629 3249 ε
1674 3185 1744 3253 et
1786 3178 1980 3273 quod
2018 3201 2237 3254 unum
2291 3180 2471 3256 mihi

217 3311 415 3379 esset
470 3303 827 3402 imprimis
885 3303 1304 3402 optandum,
1344 3303 1479 3378 tibi
1527 3309 1733 3380 tanto
1794 3305 1956 3379 viro
1995 3329 2149 3381 rem
2187 3307 2460 3402 gratis·

217 3431 473 3507 simam
513 3431 894 3506 facturum.
955 3431 1078 3505 Me
1135 3453 1351 3506 unum
1411 3431 1550 3505 abs
1598 3437 1674 3505 te
1712 3429 2078 3507 delectum
2118 3456 2159 3507 e
2200 3433 2466 3524 multis,

219 3557 334 3655 qui
372 3581 538 3633 cnm
578 3557 950 3656 praeclari
989 3556 1311 3632 muneris
1348 3565 1764 3633 consortem
1805 3579 2154 3655 sperares
2193 3558 2325 3632 tibi
2364 3559 2469 3633 la-

216 3684 464 3760 borem
501 3685 858 3760 leviorem
900 3686 1240 3776 futurum,
1283 3708 1427 3781 quo
1466 3685 1601 3759 tibi
1634 3693 1838 3761 esset
1864 3708 2135 3783 magno
2173 3687 2467 3785 perfun-

214 3811 571 3905 gendum,
628 3820 703 3886 et
774 3809 1243 3886 consiliorum
1318 3809 2014 3903 communicatione,
2082 3818 2156 3885 et
2216 3834 2464 3888 eorum

212 3936 615 4012 studiorum
673 3933 1053 4028 societate,
1103 3934 1264 4008 sine
1322 3933 1588 4030 quibus
1644 3933 2019 4009 scribendi
2076 3956 2338 4011 munus
2377 3936 2468 4012 de

211 4063 432 4137 rebus
471 4059 944 4152 Pannonicis,
984 4059 1425 4157 praesertim
1485 4082 1676 4158 quae
1731 4067 1983 4136 tantae
2032 4068 2304 4155 essent,
2343 4084 2466 4136 ne-

213 4208 324 4261 mo
360 4193 568 4260 recte
606 4184 813 4260 obire
851 4192 1111 4283 posset
1143 4213 1160 4258 z
1202 4184 1298 4259 iis
1337 4207 1480 4280 ego
1518 4185 1813 4278 litteris,
1854 4187 2120 4284 quibus
2160 4185 2321 4262 dies
2361 4187 2461 4262 X.

212 4311 368 4386 Kal
391 4311 630 4410 April.
671 4319 835 4386 erat
870 4310 1272 4410 adscripta,
1304 4311 1542 4410 pridie
1571 4312 1770 4398 Idus,
1799 4335 1958 4388 cum
1999 4312 2175 4387 mihi
2214 4319 2469 4390 essent

213 4437 510 4528 allatae,
586 4436 845 4512 Idibus
919 4436 1307 4536 respondi,
1368 4437 1767 4534 curavique
1842 4462 1976 4537 per
2050 4438 2461 4515 Delbenios

212 4561 686 4640 Florentinos
744 4559 1228 4654 Mercatores,
1272 4562 1801 4658 quamprimum
1861 4588 2065 4638 meas
2124 4563 2234 4638 illi
2274 4564 2487 4645 litte-2
