3293 5219
2285 307 2438 384 145

239 533 301 598 et
331 523 765 621 temporibus
784 522 1109 599 felicium
1130 525 1541 621 regum,qui
1569 528 1663 600 ad
1703 527 2213 602 Macedoniam
2251 526 2435 601 fines

237 650 489 748 imperii
506 660 1122 748 propagaverant,
1142 651 1215 726 in
1238 651 1674 727 Macedonia
1713 661 1787 728 et
1825 653 1921 728 ad
1940 655 2245 752 Epirum
2283 677 2430 727 am-

235 778 378 874 plas
441 777 834 852 facultates
892 774 1282 872 habebant,
1318 784 1582 873 postea
1656 780 1729 853 in
1768 782 2127 856 Inferiore
2169 779 2428 874 Unga-

238 904 333 978 ria
368 928 451 980 ac
486 902 752 980 Servia
790 905 1138 1001 contigua
1158 906 1451 1002 magnis
1474 907 1874 982 ditionibus
1895 908 2144 984 donati
2184 913 2436 998 erant;

240 1055 400 1129 quae
453 1041 695 1109 tamen
752 1033 996 1108 omnia
1061 1041 1135 1108 et
1190 1042 1359 1108 ante
1417 1034 1697 1109 cladem
1771 1035 2289 1110 temesiensem
2345 1031 2439 1105 ab

242 1160 477 1234 Turcis
513 1159 787 1234 infesta
825 1167 1052 1250 erant,
1130 1160 1263 1234 sed
1310 1159 1584 1236 amisso
1625 1161 1920 1237 tandem
1962 1164 2441 1251 Temcsvar0‚

241 1309 446 1381 neque
480 1286 553 1360 in
596 1283 861 1360 Servia
932 1287 1155 1361 ullum
1191 1286 1573 1384 imperium
1639 1295 1988 1383 nostrum,
2027 1296 2100 1362 et
2137 1287 2443 1364 Inferio-

242 1410 324 1483 ris
358 1409 733 1507 Ungariae
771 1411 1130 1507 reliquiae
1168 1419 1445 1487 tantum
1466 1423 2049 1510 permanserunt.
2071 1414 2216 1488 Hic
2254 1438 2435 1509 ergo

238 1536 449 1630 gentis
488 1559 668 1612 suae
706 1538 963 1612 unicus
985 1537 1057 1610 in
1116 1539 1286 1612 aula
1342 1539 1796 1614 Ferdinandi
1853 1541 2207 1615 educatus
2246 1547 2431 1622 erat,

245 1661 467 1757 lingva
527 1662 997 1755 Germanica,
1053 1666 1524 1763 moribusque
1560 1667 2031 1742 Ferdinando
2092 1689 2446 1741 commen-

242 1786 452 1881 datus,
509 1798 585 1865 et
640 1791 734 1865 ob
792 1791 866 1864 id
921 1792 994 1864 in
1050 1792 1658 1868 cubiculariorum
1716 1818 1806 1869 ac
1863 1803 2285 1870 senatorum
2321 1814 2446 1865 nu-

237 1937 486 1989 merum
560 1927 925 2015 receptus.
1001 1915 1145 2008 Qui
1220 1940 1470 1993 mense
1529 1918 1772 2019 Aprili
1812 1920 2105 1995 vixdum
2162 1920 2446 2017 praefe-

236 2049 488 2117 cturam
540 2043 770 2136 inivit,
827 2068 917 2118 en
957 2041 1322 2119 Cassovia
1377 2047 1562 2121 hora
1597 2048 1831 2122 noctis
1888 2070 2100 2138 nona,
2155 2045 2448 2121 tertiam

233 2169 560 2244 decimam
635 2170 827 2244 diem
882 2173 1279 2268 sequentis5
1315 2173 1643 2269 fulgente
1740 2172 2104 2248 horrendo
2144 2179 2446 2261 cometa,

231 2297 404 2390 ignis
444 2321 537 2372 ex
560 2296 868 2372 aedibus
891 2298 1221 2372 Mathiae
1253 2296 1624 2374 Saiczlich
1648 2301 1916 2375 notarii
1954 2300 2236 2397 erupit3
2279 2322 2445 2371 ven-

231 2433 426 2520 toque
466 2420 752 2497 boreali
793 2425 1429 2499 vehementissimo
1488 2427 1839 2525 spirante,
1899 2427 2092 2500 intra
2132 2433 2449 2521 quatuor

230 2550 553 2625 horarum
591 2550 909 2649 spatium
946 2575 1092 2627 una
1129 2575 1288 2627 cum
1344 2556 1617 2652 templo
1657 2553 2075 2653 principali,
2153 2561 2226 2627 et
2279 2552 2449 2625 duo-

229 2679 349 2753 bus
386 2679 876 2771 monasteriis,
936 2681 1283 2775 curiaque
1326 2683 1702 2755 senatoria
1722 2680 2249 2775 conflagravit;
2327 2677 2448 2749 vix

226 2806 515 2902 triginta
570 2806 852 2881 duabus
892 2806 1344 2882 domunculis
1423 2808 1808 2882 vilioribus
1867 2808 2158 2881 intactis
2213 2829 2450 2879 rema-

228 2936 575 3009 nentibus.
616 2935 719 3010 Et
759 2935 931 3032 quia
970 2933 1355 3029 Georgius
1376 2936 1646 3027 Bebec‚
1691 2937 1812 3032 qui
1850 2945 2061 3009 nocte
2097 2936 2229 3008 illa
2269 2932 2453 3004 Ros·

229 3061 477 3135 noviae
542 3083 705 3134 cum
765 3062 1093 3135 exercitu
1149 3062 1411 3152 fuerat,
1470 3061 1717 3136 statim
1775 3082 1985 3134 mane
2044 3060 2138 3133 ad
2213 3079 2453 3132 arcem

230 3185 630 3283 Nag-Idam
667 3186 981 3262 vicinam
1037 3184 1450 3263 Oassoviae
1505 3211 1651 3261 non
1701 3194 1979 3262 tantum
2020 3209 2179 3261 cum
2218 3182 2456 3257 militi·

229 3313 369 3407 bus,
408 3313 546 3389 sed
584 3314 807 3390 etiam
861 3316 1201 3413 plurimis
1241 3316 1538 3390 rusticis
1597 3316 1694 3389 ad
1733 3316 1808 3388 id
1846 3314 2144 3405 coactis,
2186 3309 2455 3386 Casso-

230 3442 407 3516 viam
488 3451 974 3540 occupaturus
1051 3452 1530 3541 pervenerat:
1587 3443 1939 3517 creditum
1996 3448 2147 3530 est,
2219 3438 2457 3536 ipsum

227 3570 392 3642 tanti
449 3569 762 3643 incendii
801 3578 1173 3646 auctorem
1230 3571 1480 3645 fuisse.
1578 3571 1811 3646 Paulo
1850 3575 2022 3668 post
2059 3565 2458 3643 Marcellus

228 3691 550 3769 Dietrich
635 3703 709 3770 et
781 3693 1254 3793 Volfgangus
1369 3695 1697 3772 Pucham
1790 3697 2014 3771 duces
2090 3691 2460 3788 copiarum

230 3818 667 3897 Ferdinandi
704 3820 1120 3897 adveniunt.
1202 3823 1572 3921 Imprimis
1636 3846 1815 3898 vero
1855 3823 2289 3900 occurrebat
2326 3835 2463 3889 arx

231 3945 519 4023 Tarkeo
614 3973 704 4024 ac
765 3950 1079 4025 vicinum
1149 3950 1535 4025 castellum
1614 3950 1857 4046 Ujvar
1924 3954 2017 4027 ad
2074 3945 2462 4050 Oibinhrm,

232 4096 399 4170 quae
440 4100 535 4151 ex
575 4076 882 4175 consilio
927 4073 1246 4150 Simonis
1304 4076 1679 4173 Forgacb,
1738 4102 1828 4151 ne
1874 4078 2207 4152 inimicas
2247 4100 2464 4151 arces

232 4212 383 4297 post
419 4228 504 4279 se
543 4204 1065 4301 relinquerent,
1106 4204 1424 4278 admotis
1465 4205 1974 4279 tantummodo
2015 4205 2302 4298 castris,
2341 4203 2468 4279 ab·

235 4341 422 4405 sente
464 4328 804 4427 Georgio
848 4332 1195 4429 Tarczay
1262 4340 1335 4405 et
1392 4353 1554 4405 cum
1612 4332 1882 4427 regina
1957 4331 2334 4422 existente,
2391 4330 2468 4403 in

233 4453 657 4533 deditionem
697 4458 897 4533 circa
933 4457 1391 4532 undecimam
1430 4458 1621 4533 diem
1661 4457 1714 4533 J
1727 4457 1854 4532 ulii
1894 4465 2354 4555 acceperunt,
2395 4465 2469 4530 et

233 4580 542 4660 funditus
585 4585 917 4660 demoliti
992 4591 1183 4659 sunt.
1242 4585 1527 4659 Deinde
1590 4583 2037 4660 Cassoviam
2074 4608 2303 4680 usque
2346 4584 2466 4658 de-

331 4752 527 4788 nomm.
564 4752 731 4788 HUXG·
767 4754 903 4788 mS'r.
938 4753 1135 4789 somer.
1172 4755 1278 4788 xw.
2005 4712 2099 4785 10
