3293 5219
2238 265 2538 332 XXXIX

294 455 653 552 szepitett,
693 447 963 522 hanem
987 448 1196 523 mind
1233 475 1321 522 az
1342 449 1797 550 esemenyek
1826 449 2053 541 okait,
2093 450 2534 525 mindasze·

293 575 633 676 replo'ket
674 574 1069 666 feltunteti,
1110 573 1421 649 tekintet
1441 572 1703 648 nelkul
1725 575 2051 666 baratra,
2097 574 2531 675 ellensegre.

288 702 433 776 Ezt
470 704 629 776 mas
666 700 905 776 ironal
942 698 1846 801 reszrebajlatlansagnak
1885 702 2235 775 nevezik:
2280 700 2534 776 lassuk

285 826 548 901 minek
576 826 1582 930 helyegeztekForgachnal.
1611 823 1918 926 Istvdnsi
1937 832 2076 931 l'gy
2097 830 2164 901 ir
2185 829 2249 903 F
2253 828 2535 929 orgach

280 928 695 1028 Eletebcn:
746 953 1165 1049 „Historias
1188 954 1318 1030 diu
1356 965 1526 1029 ante
1566 954 1852 1030 obitum
1894 950 1989 1053 (ἲ)
2014 955 2334 1031 scribere
2375 979 2533 1029 coe-

280 1094 520 1180 perat,
563 1107 607 1153 a
643 1091 879 1154 morte
915 1080 1148 1181 Regis
1173 1060 1548 1156 ’Iohannis
1571 1106 1901 1176 exorsuS,
1944 1108 2032 1156 ac
2053 1081 2276 1156 variis
2315 1081 2533 1155 inter-

278 1206 510 1281 vallis
547 1234 783 1307 usque
821 1208 919 1282 ad
954 1206 1289 1308 Reginae
1345 1206 1712 1282 Isabellae
1749 1217 1821 1282 et
1857 1208 2015 1282 eius
2069 1208 2200 1282 filii
2257 1206 2533 1283 exitum

276 1334 764 1432 perduxerat,
804 1359 990 1431 quae
1030 1360 1079 1406 a
1134 1331 1381 1407 mztltis
1435 1331 1597 1406 ideo
1653 1356 1800 1406 non
1846 1334 2283 1431 probantur,
2343 1333 2540 1430 quod

272 1457 684 1535 maledictis
740 1461 1224 1557 conviciisque
1260 1462 1340 1534 in
1376 1461 1572 1534 viros
1627 1459 2084 1552 clarissimos,
2145 1484 2274 1534 nec
2333 1462 2529 1557 quic·

267 1612 502 1686 quam
534 1585 676 1661 tale
710 1586 1016 1680 meritOS,
1054 1601 1319 1661 scatere,
1372 1585 1727 1678 videntur,
1786 1610 1916 1660 nec
1939 1586 2234 1683 ‚ubique
2288 1608 2532 1659 rerum

265 1726 643 1811 ,qe-starum
676 1716 1034 1788 sinceram
1055 1709 1288 1812 fidem
1324 1725 1651 1786 tuentur:
1691 1721 1938 1787 tamen
1981 1712 2080 1787 ob
2120 1738 2367 1787 rerum
2404 1740 2532 1813 ge-

269 1852 568 1915 starum
624 1838 1059 1914 memoriam
1117 1838 1394 1938 dignae
1450 1840 1737 1914 censeri
1809 1850 2145 1938 possunt,
2204 1866 2393 1938 quae
2449 1840 2528 1915 in

267 1966 527 2041 lucem
566 1965 956 2065 prodeant,
1016 1974 1240 2063 atque
1296 1963 1482 2038 adeo
1524 1989 1697 2038 cum
1738 1962 2012 2039 iudicio
2051 1990 2187 2063 per
2250 1993 2529 2067 aequos

264 2118 628 2170 censores
667 2090 1061 2192 legantur“
1104 2087 1127 2124 ⁷
1144 2085 1223 2187 ⁷).
1270 2132 1364 2141 —
1406 2088 1677 2165 Brutus
1713 2090 2022 2185 viszont,
2061 2090 2142 2165 ki
2201 2094 2526 2196 annyira

264 2215 670 2296 hasznalta
708 2224 807 2311 ὅτ,
860 2214 1531 2317 megbotrankozik
1589 2217 1859 2309 benne,
1917 2217 2129 2320 bogy
2188 2219 2524 2321 egyfelul

269 2345 748 2422 Martinuzzit
801 2341 1314 2444 magasztalja,
1355 2342 1701 2418 masselul
1739 2342 2132 2444 korholja:
2197 2346 2524 2445 „Forga-

270 2472 425 2547 tius
463 2470 769 2571 quidem
807 2481 1028 2545 ornat
1063 2468 1447 2545 hominem
1483 2470 1907 2545 testimonio
1946 2469 2351 2563 luculento,
2392 2471 2523 2546 sed

276 2625 454 2674 cum
493 2624 582 2674 ea
618 2597 1078 2698 exceptione,
1118 2606 1200 2672 ut
1256 2595 1726 2673 cumulatum
1766 2597 1986 2672 etiam
2042 2595 2315 2672 divinis
2371 2595 2525 2672 lau-

275 2724 518 2818 dibus,
555 2725 878 2798 aeternis
916 2722 1269 2799 infamiae
1307 2725 1641 2798 inustum
1680 2722 2110 2799 maculisad
2141 2726 2519 2823 posterita-

276 2862 428 2925 tem
462 2850 757 2951 prodat.
799 2850 917 2925 Ita
955 2851 1151 2924 enim
1193 2852 1295 2924 ait
1331 2850 1561 2926 fuisse
1598 2849 1978 2926 hominem
2035 2850 2292 2950 magni
2350 2876 2522 2926 con-

282 2974 450 3070 silii,
490 2975 820 3077 ingentis
857 2976 1178 3072 virtutis,
1219 2976 1724 3071 auctoritatis,
1767 2986 1871 3071 ut,
1910 2977 1987 3051 in
2025 2975 2522 3052 maximarum

282 3101 631 3178 virtutum
686 3101 1361 3196 commendatione,
1404 3129 1639 3178 unum
1699 3102 2021 3201 excipiat
2074 3103 2521 3203 proditionis

286 3227 595 3305 crimen:
636 3229 842 3328 quod
880 3227 1191 3329 perinde
1230 3239 1359 3322 est,
1402 3254 1491 3303 ac
1531 3230 1591 3303 si
1632 3230 1826 3328 quis,
1886 3239 2286 3331 rogaturus
2343 3230 2521 3304 ami-

286 3377 408 3427 cos
439 3354 535 3429 ad
584 3378 922 3448 coenam,
979 3351 1424 3453 polliceatur
1461 3352 1664 3429 laute
1702 3380 1781 3429 se
1819 3380 1906 3431 ac
1962 3355 2381 3450 luculenter
2435 3354 2519 3430 il-

285 3475 394 3553 los
426 3490 933 3580 accepturum,
974 3479 1410 3579 conquisitis
1449 3479 1691 3580 epulis
1728 3481 1935 3580 regio
1991 3492 2316 3581 sumptu,
2357 3506 2520 3556 sua-

291 3603 597 3684 vissimis
639 3604 964 3700 ferculis,
1006 3605 1301 3683 Cretico
1362 3618 1433 3681 et
1490 3605 1818 3682 Falerno
1873 3608 2077 3704 vin0,
2138 3608 2267 3683 sed
2324 3636 2518 3708 quae

285 3741 451 3806 sunt
484 3731 735 3808 omnia
769 3730 1021 3810 infusa
1039 3733 1380 3811 veneno“
1402 3731 1425 3769 ⁷
1443 3730 1519 3833 ⁸).
1550 3734 1938 3835 Mitjelent
1958 3762 1997 3811 e
2019 3738 2255 3836 gancs
2293 3764 2515 3840 egye-

285 3856 428 3951 bet,
462 3858 647 3935 mint
681 3856 896 3964 hogy
934 3862 1136 3955 attol,
1178 3861 1292 3937 kit
1329 3860 1698 3937 arulonak
1753 3863 2083 3958 tartunk,
2143 3863 2515 3964 tagadjuk

286 4006 453 4083 meg
485 4010 529 4060 a
563 4011 774 4088 nagy
809 3985 1320 4087 tehetsegeket
1353 3981 1790 4091 melyekkel
1827 3991 2005 4084 bsrt,
2064 4015 2100 4063 s
2153 4016 2344 4067 azon
2403 3995 2513 4067 er·

283 4107 454 4184 dem
487 4109 948 4208 elismereset,
986 4111 1270 4216 melyet
1315 4112 1465 4190 tssle
1503 4113 1571 4189 el
1608 4139 1782 4189 nem
1818 4115 2260 4213 vitazhatni;
2302 4145 2514 4223 vagy

494 4357 578 4440 ⁷⁷)
605 4356 682 4424 L.
710 4354 904 4424 alabb
936 4380 977 4423 a
1007 4357 1327 4448 anqolak
1356 4360 1483 4447 νὸς
1515 4363 1733 4427 szama
1770 4360 1945 4428 alatt.

494 4479 574 4572 ¹¹⁸)
601 4481 675 4554 L.
712 4481 931 4573 Opera·
961 4482 1183 4569 Varia,
1216 4485 1267 4552 Ι.
1302 4484 1450 4576 23ῥ.
1485 4484 1525 4574 l,

1088 4879 1267 5006 f
2489 4793 2844 5114 ss
