3293 5219
2386 311 2545 394 463

291 519 513 602 nibus
553 528 650 602 ab
691 521 887 601 omni
939 523 1221 624 pietate
1278 519 1548 602 alienis
1611 528 1917 604 edoctus
1972 530 2129 621 fuit,
2171 531 2297 625 qui
2331 538 2414 606 ut
2452 533 2547 608 ad

297 652 778 728 arianismum
844 652 1140 728 facilius
1177 651 1524 728 inducere
1573 661 1903 751 possent,
1942 679 2313 753 nunquam
2351 657 2544 731 inter

293 802 429 854 eos
483 779 904 875 Evangelii,
945 803 1317 876 nunquam
1354 777 1660 872 Christi,
1718 804 2088 878 nunquam
2125 805 2541 860 sacramen-

290 912 533 980 torum
567 907 723 979 ulla
761 906 1032 981 mentio
1071 905 1228 981 fuit.
1287 904 1793 981 Sacramentis
1833 929 2014 1005 ergo
2054 931 2146 983 ne
2183 912 2262 983 in
2299 913 2544 1007 aegri-

291 1031 545 1106 tudine
603 1031 916 1127 quidem,
953 1054 1090 1106 nec
1128 1031 1204 1104 in
1265 1030 1419 1104 vita
1475 1031 1572 1105 ab
1619 1029 1825 1106 obitu
1881 1033 2138 1108 matris
2194 1056 2370 1109 usus
2427 1042 2544 1109 est

298 1180 656 1253 unquam;
735 1157 979 1255 pietas
1065 1163 1287 1253 atque
1380 1156 1648 1252 religio
1778 1158 2146 1234 exstincta
2238 1162 2532 1258 penitus

289 1283 488 1380 apud
537 1284 677 1358 hos
734 1291 969 1358 erant.
1045 1283 1279 1358 Hisce
1336 1307 1518 1380 ergo
1573 1283 1801 1358 rebus
1855 1285 2115 1381 gestis,
2175 1296 2538 1384 quatenus

289 1409 480 1483 bene
520 1407 907 1506 Solymani
981 1408 1259 1485 auxilio
1301 1417 1522 1506 atque
1576 1409 1958 1502 felicitate,
2015 1408 2134 1486 his
2192 1414 2541 1506 morib‘us,

286 1533 431 1624 hac
467 1534 625 1609 vita
645 1535 1053 1610 exstinctus
1074 1543 1209 1627 est,
1249 1542 1324 1609 et
1362 1558 1454 1609 ea
1492 1543 1759 1629 aetate,
1801 1559 1892 1610 ea
1929 1558 2084 1634 spe,
2123 1560 2217 1612 ea
2250 1538 2541 1631 fiducia,

288 1683 449 1735 cum
487 1660 668 1736 deos
705 1660 1184 1757 hominesque
1242 1668 1760 1753 contemneret,
1839 1661 1914 1735 in
1968 1684 2113 1736 uno
2168 1664 2540 1761 Bequesio

285 1807 574 1861 omnem
629 1809 859 1885 spem,
917 1786 1166 1878 vitam,
1221 1786 1655 1861 felicitatem
1711 1787 2110 1884 posuisset,
2171 1794 2246 1863 et
2304 1788 2538 1864 credi-

287 1912 523 1988 disset
556 1912 784 1988 totius
822 1936 1005 1988 suae
1061 1913 1263 1988 vitae
1316 1913 1824 1989 felicissimum
1881 1921 2153 1989 statum
2210 1915 2535 1998 amicitia

284 2044 508 2134 atque
547 2038 910 2113 affinitate
984 2039 1474 2113 Maximiliani
1527 2039 2013 2115 stabilivisse.
2054 2042 2143 2115 In
2180 2044 2390 2139 cujus
2426 2042 2538 2117 rei

281 2162 758 2238 meditatione
778 2170 1104 2239 mortuus
1144 2172 1556 2258 est,a1111um
1579 2187 1816 2259 agens
1837 2167 1877 2240 Ι
1901 2174 1975 2240 et
1998 2167 2254 2241 XXX.
2281 2166 2533 2242 divina

286 2288 612 2385 quadam
619 2292 632 2300 '
642 2288 1132 2385 providentia.
1174 2290 1367 2364 Nam
1408 2288 1729 2364 Selimus
1769 2312 1929 2364 cum
1963 2292 2207 2367 omnia
2244 2301 2538 2368 secreta

294 2414 798 2507 intellixisset,
823 2413 1127 2489 duarum
1147 2414 1679 2491 Valachiarum
1701 2416 1961 2490 ambos
1980 2416 2358 2514 principes
2379 2441 2541 2493 cum

302 2539 808 2637 quadragenis
849 2536 1223 2616 hominum
1264 2541 1589 2617 millibus
1631 2565 1720 2617 ac
1759 2541 2193 2639 magistrum
2214 2544 2537 2640 equitum
2616 2638 2621 2643 0

289 2664 663 2741 Graeciae
748 2689 912 2741 cum
1003 2667 1323 2743 maximo
1386 2668 1721 2744 exercitu
1776 2667 2207 2762 destinarat,
2267 2671 2411 2767 qui,
2471 2672 2538 2746 si

284 2790 537 2865 Bekes
573 2790 1144 2884 revertisset‚uti
1182 2814 1493 2889 regnum
1531 2793 1607 2867 iu
1645 2799 2093 2891 potestatem
2133 2817 2339 2870 suam
2376 2797 2537 2871 red-

279 2917 592 3012 igerent.
668 2917 919 2992 Etiam
974 2924 1346 2993 oratorem
1404 2921 1560 3015 jam
1617 2919 2014 3016 ablegarat
2070 2919 2534 3019 Aiasbegum

277 3042 581 3121 natione
638 3043 1243 3135 transsilvanum,
1303 3045 1427 3141 qui
1521 3068 1825 3120 munera
1912 3047 2272 3122 allaturus
2349 3057 2533 3141 erat,

279 3190 514 3265 equos
553 3176 629 3243 et
663 3169 989 3262 trabeas,
1065 3170 1199 3245 sed
1238 3172 1421 3246 miro
1480 3171 1792 3247 artificio
1850 3195 2133 3247 veneno
2189 3174 2532 3267 imbutas,

276 3295 357 3368 u't
397 3318 903 3394 quamcunque
960 3299 1296 3394 corporis
1349 3306 1632 3393 partem
1690 3298 2152 3394 contigisset,
2198 3302 2355 3396 jam
2413 3324 2532 3374 ac-

275 3427 430 3497 tum
471 3421 563 3496 de
603 3425 766 3519 eJus
804 3424 962 3499 vita
997 3425 1287 3501 fuisset.
1346 3423 1496 3499 Sed
1552 3425 1775 3500 etiam
1810 3425 2108 3523 ipsimet
2167 3434 2367 3502 certo
2405 3447 2532 3499 no-

272 3555 463 3641 rant,
503 3572 908 3645 nunquam·
947 3547 1298 3626 Selimum
1351 3558 1630 3626 tantam
1687 3552 1800 3627 rei
1853 3551 2364 3648 indignitatem
2402 3553 2531 3628 im-

271 3695 467 3771 pune
515 3675 850 3769 laturum,
892 3684 967 3751 et
1020 3678 1248 3752 ceteri
1287 3676 1696 3752 consiliarii
1754 3679 2171 3771 monebant,
2230 3701 2377 3754 uon
2414 3686 2527 3754 ta-

272 3823 437 3875 men
478 3800 866 3897 quisquam
885 3826 1307 3900 repugnare
1346 3802 1709 3900 audebat3
1766 3812 2050 3880 tantum
2107 3807 2527 3901 stupebant,

272 3933 347 4001 et
420 3925 619 4001 intra
710 3950 795 4002 se
849 3951 1092 4004 rerum
1180 3931 1403 4024 plane
1459 3930 1995 4008 incredibilium
2051 3932 2533 4009 admiratione

270 4073 532 4127 omnes
590 4054 1085 4131 miserandum
1142 4078 1394 4131 casum
1450 4059 2016 4155 exspectabant3
2074 4065 2282 4135 tanto
2339 4060 2532 4134 enim

267 4198 415 4250 non
453 4176 698 4252 studio
739 4179 873 4254 sed
928 4180 1324 4255 atrocitate
1361 4203 1517 4256 rem
1574 4183 1957 4278 gerebant,
1995 4192 2076 4258 ut
2128 4183 2299 4259 aliis
2338 4184 2533 4282 apud

267 4300 852 4379 Maximilianum
924 4305 1365 4404 periculum,
1427 4306 1598 4381 aliis
1664 4331 2028 4406 praesens
2085 4310 2390 4385 exitium
2425 4310 2529 4384 in-

265 4427 858 4504 terminarentur.
931 4432 1216 4528 Itaque,
1255 4436 1336 4506 ut
1372 4430 1639 4507 futuris
1698 4455 1987 4530 quoque
2026 4434 2325 4511 casibus
2362 4460 2531 4533 pro.-

267 4552 666 4649 spicerent‚
761 4550 1191 4630 Sacmarum
1266 4562 1346 4631 ut
1438 4566 1874 4660 oportunum
1934 4560 2329 4656 aliquando
2425 4560 2528 4637 lo*
2652 4664 2655 4667 Δ
