3293 5219
811 307 966 385 288

812 529 1211 602 exercitum
1270 527 1780 602 caesarianum
1860 523 2227 599 Sacmarii
2305 524 2587 620 aliquot
2642 523 2820 597 dies.
2878 524 3037 599 Erat

809 655 1021 728 collis
1044 654 1375 751 quidam,
1404 676 1619 749 quem
1641 650 2056 725 caesariani
2088 651 2589 748 occupandum
2629 659 3025 749 praeverte-

813 789 1000 876 rant3
1046 782 1292 878 itaque
1335 781 1482 853 illis
1522 777 2058 868 tuentibuS,l1is
2090 769 2284 851 *vero
2325 777 2933 875 oppugnantibus,
2952 779 3033 851 fe·

823 907 1186 980 rocissimi
1211 907 1477 1002 quique
1500 906 1881 980 amborum
1904 903 2352 977 exercituum
2396 902 2780 996 cecidere3
2828 911 3036 976 tamen

829 1034 1036 1108 irrito
1095 1040 1361 1107 conatu
1417 1031 1840 1104 Erdeodum
1892 1051 2325 1127 oppugnare
2392 1035 2742 1120 statuunt,
2818 1035 3031 1101 castra

709 1197 712 1202 ·
819 1168 989 1234 ante
1029 1159 1646 1232 caesarianorum.
1690 1159 1989 1233 Interea
2024 1177 2285 1253 parum
2328 1156 2586 1246 abfuit,
2627 1155 2796 1251 quin
2835 1157 3031 1229 semel

815 1284 1181 1359 Svendins
1275 1307 1692 1380 supremum
1786 1281 2189 1380 periculum
2267 1282 2527 1372 adiret,
2605 1303 2763 1354 cum
2831 1305 3030 1378 prope

819 1409 1275 1484 Sacmarium
1298 1433 1456 1483 cum
1495 1409 1871 1483 Vilhelmo
1914 1406 2293 1483 Grasbain
2349 1407 2737 1504 praefecto
2780 1407 3027 1479 muniti·

824 1561 1060 1627 onum,
1102 1546 1175 1610 et
1210 1536 1469 1633 paucis
1525 1532 2019 1608 familiaribus
2061 1531 2611 1630 obequitans*),
2668 1531 3029 1631 improviso

823 1688 867 1737 a
904 1662 1133 1737 turcis
1191 1660 1720 1736 excursoribus
1780 1659 2107 1750 adortus,
2186 1667 2259 1734 et
2309 1656 2694 1736 Grasbain
2783 1658 3028 1734 confos-

828 1810 954 1862 sus
996 1794 1130 1880 est,
1207 1786 1571 1861 Svendius
1629 1793 1870 1860 autem
1930 1785 2289 1860 beneficio
2331 1787 2500 1884 equi
2538 1787 2861 1884 periculo
2894 1809 3022 1860 ere·

817 1923 1009 2012 ptus.
1035 1913 1627 2010 Quadragesimo
1653 1918 1915 2009 quarto
1951 1913 2069 1986 die
2094 1912 2515 1987 Erdeodum
2561 1905 3024 2012 captumJGer·

819 2041 1052 2114 manis
1131 2015 1598 2130 dedentibus,
1670 2063 1830 2114 cum
1887 2039 2176 2114 interea
2233 2040 2592 2114 acerrime
2651 2059 3025 2138 oppugnas-

826 2174 1010 2258 sent,
1050 2165 1384 2263 Ungaris
1443 2166 1737 2265 quidem
1797 2165 2100 2240 diversa
2156 2166 2661 2257 svadentibus,
2699 2166 2799 2240 ita
2832 2172 2903 2239 ut
2935 2187 3024 2235 ar-

821 2294 959 2366 mis
1001 2295 1225 2370 etiam
1262 2295 1709 2392 prohibituri
1731 2300 1944 2369 erant
1967 2290 2383 2369 Germanos
2421 2294 2851 2369 seditionem
2885 2314 3021 2365 coe-

814 2427 1133 2518 ptantes,
1175 2423 1248 2496 ni
1287 2421 1749 2496 multitudine
1789 2429 1863 2494 et
1918 2420 2071 2496 fato
2131 2421 2620 2512 vincerentur,
2661 2441 3020 2495 memoran-

816 2555 931 2621 tes
969 2548 1249 2623 frustra
1286 2548 1503 2623 fidem
1542 2547 1946 2645 implorari,
1991 2570 2151 2623 cum
2191 2550 2442 2624 multis
2483 2549 2834 2646 exemplis
2869 2546 3018 2621 Tur·

819 2696 950 2746 cae
991 2674 1265 2748 nullam
1304 2675 1379 2748 in
1418 2674 1640 2748 simili
1681 2696 1859 2749 casu
1909 2676 2416 2751 observarent.
2478 2676 2899 2751 Praefectus
2931 2695 3013 2745 ar·

818 2798 925 2871 cis
966 2807 1127 2873 erat
1183 2798 1667 2894 Lamberger,
1711 2797 2093 2895 Georgius
2169 2822 2344 2873 vero
2421 2801 2675 2875 Beller
2744 2799 3017 2897 peditum

820 2946 1334 3018 germanorum
1374 2926 1540 3000 dux.
1601 2923 1896 3020 Ungari
1953 2925 2403 3001 Franciscus
2458 2928 2646 3024 Bay,
2682 2928 2732 3004 J
2737 2926 3014 3000 ohannes

822 3046 1114 3147 Griony,
1155 3050 1512 3124 Nicolaus
1570 3047 1981 3147 Zelemery,
2038 3050 2368 3148 primarii
2410 3059 2644 3143 erant,
2683 3052 2814 3125 viri
2850 3049 3010 3123 nobi-

819 3177 928 3248 les
984 3181 1059 3246 et
1097 3175 1397 3250 militiae
1436 3174 1768 3273 experti3
1828 3198 2066 3273 neque
2119 3178 2496 3267 tacuerim,
2537 3180 2729 3276 quod
2766 3174 2882 3252 CL
2913 3196 3007 3270 pe·

820 3301 1010 3374 dites
1067 3302 1336 3397 ungari
1375 3302 1604 3376 elusis
1681 3303 2035 3376 custodiis
2094 3302 2431 3387 hostium,
2491 3303 2774 3379 etiamsi
2810 3298 3007 3385 arctis,

821 3428 1001 3503 duce
1041 3429 1091 3504 J
1099 3428 1387 3503 ohanne
1428 3428 1640 3525 Maly
1679 3428 2120 3505 introierint.

1037 3555 1202 3631 Huc
1240 3556 1495 3631 incidit
1556 3558 1775 3632 funus
1834 3558 2308 3649 Ferdinandi,
2371 3581 2639 3633 annum
2678 3565 2849 3656 post,
2883 3551 3005 3627 dies

824 3684 946 3757 II[
986 3706 1076 3757 ac
1115 3684 1220 3775 X,
1264 3683 1466 3781 capti
1502 3706 1681 3758 vero
1743 3684 2100 3759 Erdeodii
2157 3684 2276 3760 die
2325 3685 2568 3779 tertia3
2629 3708 2783 3761 cum
2813 3682 3007 3756 haete-

999 3943 1061 4015 ὓ)
1089 3943 1358 4015 Forgtich
1372 3943 1427 4000 S.
1447 3946 1722 4019 ,iegyzete
1746 3966 1760 4002 ε
1785 3926 1875 4001 153„
1896 3965 2014 4020 ugy
2034 3948 2322 4019 ertettem,
2348 3950 2507 4021 hogy
2527 3947 2867 4006 madaraszni
2888 3945 3009 3999 ment

822 4034 954 4090 vala
1001 4033 1314 4107 Grasbain,
1366 4037 1576 4093 Svendi
1642 4044 1730 4093 ott
1765 4056 1886 4093 sem
1932 4040 2076 4105 volt,
2124 4039 2186 4096 es
2231 4041 2445 4096 valami
2490 4047 2657 4097 csata
2702 4040 2849 4095 t6rek
2884 4032 3008 4091 lesbe

821 4125 944 4182 volt
973 4130 1062 4180 ott
1088 4144 1216 4181 nem
1244 4144 1485 4197 messze,
1515 4128 1666 4185 azok
1693 4127 1796 4183 rea
1816 4128 2012 4195 iitven,
2037 4150 2151 4203 ugy
2177 4130 2459 4201 b’kleltek,
2481 4133 2642 4204 hogy
2668 4130 2817 4188 tdvol
2841 4126 3011 4181 kiesett

821 4232 890 4269 az
947 4215 1111 4285 lorol,
1150 4218 1302 4285 mely
1348 4216 1642 4273 oklelesbe
1686 4216 1913 4291 sokaig,
1968 4221 2123 4290 majd
2169 4219 2375 4276 masfel
2425 4221 2759 4295 esztendeig
2785 4212 3009 4289 vajmnln,

819 4304 1091 4375 megholt.
1132 4307 1221 4363 Az
1259 4306 1428 4362 bizon
1476 4308 1669 4380 dolog,
1698 4308 1857 4381 hogy
1904 4308 2118 4366 Svendi
2166 4315 2253 4366 ott
2297 4328 2426 4365 nem
2480 4312 2622 4367 volt.
2680 4310 2860 4365 Ercwd
2898 4305 3010 4359 alant

818 4394 941 4450 volt
971 4397 1233 4451 akkoron
1261 4415 1330 4451 az
1358 4397 1512 4453 kiral
1535 4398 1627 4464 fia,
1660 4397 1721 4453 es
1750 4416 1818 4453 az
1846 4408 2015 4456 csata
2042 4408 2224 4455 onnat
2242 4403 2363 4471 jo‘tt
2389 4402 2523 4456 volt.
2601 4380 2680 4457 153⁸
2705 4402 2779 4455 ha
2803 4393 3007 4453 Erdohe-

820 4486 917 4556 gyi
949 4486 1246 4558 Bodizszir,
1277 4489 1397 4557 egri
1426 4489 1484 4542 1⁸6
1506 4488 2082 4559 legen‚szerencsere
2110 4491 2221 4548 oda
2247 4508 2377 4547 nem
2405 4487 2751 4547 talalkozott
2775 4488 2939 4546 volna,
2962 4479 3007 4534 ἐε

819 4592 946 4642 meg
975 4595 1103 4630 nem
1132 4575 1422 4646 segc'tette
1450 4578 1645 4649 volna,
1677 4584 1961 4649 ugyanott
1988 4578 2133 4649 fejet
2160 4578 2362 4635 vettek
2392 4581 2566 4634 volua
2597 4573 2977 4636 Grasbainnak.
