3293 5219
652 1382 1198 1480 LIBER
1271 1380 2084 1484 QUINTUS.

1198 1646 1546 1658 ———-——-

446 1869 851 1966 Postquam
874 1866 1002 1942 Sol
1012 1889 1324 1966 ymanus
1345 1867 1788 1966 Byzantium
1814 1867 2053 1961 rediit,
2074 1867 2506 1965 Bajasetem

258 1995 608 2071 Arabiam
663 2015 929 2069 versus
987 1990 1369 2067 Amasiam
1425 1993 1904 2091 longinquam
1941 1993 2397 2092 provinciam
2419 1988 2491 2091 ¹⁶)

254 2144 360 2193 am
378 2119 699 2195 andavit.
723 2115 1001 2193 Selimo
1042 2117 1470 2216 Bithyniam
1493 2116 1853 2211 attribuit,
1875 2125 1952 2194 et
1969 2140 2215 2193 arcem
2238 2116 2499 2194 Conha

257 2246 508 2320 itinere
528 2251 843 2342 quatuor
885 2243 1167 2318 dierum
1205 2240 1875 2341 Constantinopoli.
1918 2241 2158 2334 Quam
2178 2261 2334 2319 rem
2353 2245 2492 2320 Ba·

252 2373 534 2466 jaeetee
572 2378 722 2443 tam
761 2369 1019 2466 iniquo
1058 2368 1226 2444 tulit
1263 2370 1523 2460 anim0,
1565 2352 1690 2442 ⁸ae
1726 2368 1792 2442 si
1828 2374 1980 2443 tum
2021 2368 2118 2442 ab
2191 2368 2498 2467 imperio

255 2495 589 2570 exclusus
654 2502 895 2590 eseet3
973 2502 1046 2568 et
1119 2495 1459 2593 protinus
1517 2517 1677 2570 eum
1737 2491 2013 2570 Selimo
2067 2492 2496 2570 inimicitias

254 2622 612 2721 suscepit,
675 2621 907 2696 donee
965 2621 1039 2695 in
1117 2629 1453 2721 apertum
1508 2620 1784 2697 bellum
1839 2629 2330 2719 erumperent.
2389 2619 2494 2697 At

253 2748 606 2839 sultanae,
651 2768 842 2844 quae
899 2769 989 2821 ex
1032 2748 1395 2843 sangvine
1457 2756 1627 2824 sunt
1683 2748 2238 2846 imperatorum,
2278 2745 2492 2846 Soly-

252 2897 535 2949 manum
644 2874 1016 2949 salutandi
1128 2881 1349 2971 atque
1424 2873 1995 2969 congratulandi
2070 2895 2331 2964 eausa,
2405 2882 2487 2950 ut

251 3016 397 3075 mos
438 3008 572 3090 eet,
613 3022 705 3074 ea
742 3007 1076 3098 excepta,
1117 3022 1308 3097 quae
1344 2998 1541 3097 apud
1596 2998 2028 3074 Rustemum
2068 3006 2249 3090 erat,
2306 2998 2488 3074 invi-

252 3136 425 3202 sunt.
466 3125 706 3217 Quam
763 3145 923 3199 eum
985 3132 1399 3222 quaereret,
1438 3146 1776 3199 moerore
1832 3125 1926 3198 ob
1976 3124 2221 3199 mariti
2258 3124 2486 3200 humi⁸

253 3250 520 3326 litatem
581 3258 656 3325 et
712 3251 1209 3326 calamitatem
1287 3251 1394 3324 ita
1450 3248 1801 3324 afflictam
1859 3269 2030 3325 esse
2087 3249 2318 3345 ajunt,
2409 3259 2488 3325 ut

249 3375 535 3472 prodire
573 3375 786 3449 domo
818 3399 965 3451 non
1004 3375 1268 3474 possit,
1292 3374 1751 3449 aolaorimae
1788 3373 2117 3465 fundunt,
2139 3373 2481 3449 miseent-

254 3523 400 3597 que.
476 3500 596 3575 Ad
634 3503 821 3575 haee
858 3500 1258 3576 Amhatum
1277 3502 1837 3575 tabernaculum
1874 3496 2481 3576 Pseudo-Muna-

249 3625 427 3723 phae
467 3626 786 3716 dedisse,
846 3627 1040 3723 apud
1081 3648 1297 3723 quem
1336 3626 1504 3723 plue
1564 3626 1815 3723 gratia
1853 3644 2150 3699 suorum
2186 3645 2482 3722 preces-

250 3772 399 3848 que,
439 3774 657 3850 quam
713 3751 978 3825 merita
1031 3752 1439 3826 valuerunt.
1498 3751 1760 3848 Neque
1811 3747 2038 3824 multo
2076 3757 2249 3847 post
2287 3749 2475 3824 aoei-

254 3876 363 3970 dit,
418 3887 499 3955 ut
536 3880 612 3953 in
651 3878 943 3969 divano,
986 3878 1179 3975 quod
1236 3878 1624 3953 oonoilium
1683 3876 2055 3975 publieum
2110 3877 2471 3975 interpre-

253 4009 500 4092 tantur:
580 4004 773 4078 inter
832 4000 1228 4077 Amhatum
1286 4010 1361 4078 et
1420 4001 1569 4100 Aly
1623 4004 1927 4076 bassam
1967 4000 2480 4078 controversia

249 4130 569 4205 oriretur.
628 4129 999 4204 Divanum
1057 4128 1253 4226 apud
1306 4128 1481 4203 illos
1538 4128 1614 4200 in
1677 4126 1973 4225 publieo
2031 4127 2473 4214 celebratur,

247 4253 475 4355 ibique
498 4278 866 4354 responsa
890 4257 1310 4361 oratoribus
1336 4262 1410 4331 et
1430 4255 1705 4355 populo
1728 4256 1995 4331 dantur
2020 4280 2036 4348 3
2074 4256 2470 4331 fenestella

408 4500 471 4571 ¹⁵)
497 4496 763 4574 Forgdeh
791 4497 846 4556 S.
876 4496 940 4556 έι
968 4497 1209 4557 Iatvdnfi
1244 4499 1520 4575 jegyzete
1546 4521 1562 4557 ε
1601 4499 1776 4561 Forte
1812 4499 2083 4561 leonium.
