3293 5219
2187 308 2475 384 LXXXI

231 499 308 574 ad
346 507 438 590 te,
474 501 597 575 vix
638 492 1081 575 desiderium
1124 499 1223 573 tui
1265 502 1532 576 ferens.
1596 498 1741 574 Sed
1804 499 2074 576 dificile
2134 503 2296 581 iter.
2341 504 2465 577 im-

226 627 547 722 peditum,
585 628 754 702 viae
792 651 939 702 non
980 636 1262 703 stratae
1300 627 1561 713 solum,
1603 628 1737 701 sed
1777 629 2088 704 obrutae
2147 628 2465 719 nivibus,

226 753 330 826 hic
361 754 679 829 solitudo
721 776 944 843 mera,
983 762 1064 828 ut
1100 753 1305 827 nulla
1363 776 1540 853 spes
1600 761 1806 830 esset
1854 756 2274 847 comitatus,
2314 763 2467 830 tum

224 878 656 956 Viennensis
697 901 927 969 mora,
970 879 1035 952 si
1068 879 1245 954 illuc
1284 880 1624 969 redirem,
1672 882 1921 955 futura
1977 880 2228 975 magni
2270 904 2460 956 sum-

224 1016 346 1098 tus,
385 1007 536 1082 alia
576 1008 670 1081 ad
722 1018 794 1080 te
853 1005 1097 1080 animo
1157 1008 1588 1105 properanti
1646 1007 2171 1105 impedimento
2232 1010 2460 1084 fuere.

226 1134 489 1225 Quibus
567 1132 1129 1209 difficultatibus
1234 1143 1583 1229 tanquam
1680 1134 2020 1210 adversis
2114 1134 2458 1212 fortunae

224 1262 568 1350 fluctibus,
608 1285 746 1360 per
786 1262 1001 1336 huius
1024 1261 1164 1335 viri
1207 1260 1739 1336 liberalitatem
1780 1271 1853 1338 et
1892 1261 2464 1338 munificentiam

226 1412 558 1477 emersae,
617 1388 962 1463 constitui
1021 1412 1189 1462 cras
1251 1388 1436 1462 bene
1497 1412 1711 1462 mane
1770 1389 2135 1464 'Viennam
2195 1387 2458 1462 redire.

231 1514 374 1589 lllic
409 1517 514 1590 ita
553 1524 721 1589 tuas
775 1515 1037 1590 literas
1088 1514 1434 1589 constitui
1495 1502 1961 1612 exspectare.
2001 1527 2081 1588 ut
2121 1514 2323 1588 nulla
2365 1513 2464 1587 sit

223 1642 448 1716 futura
505 1641 847 1729 conditio,
893 1664 1083 1737 quae
1141 1665 1255 1715 me
1295 1642 1392 1713 ab
1432 1661 1575 1714 uno
1617 1639 1991 1714 desiderio
2041 1639 2350 1728 visendi,
2393 1647 2467 1712 et

226 1768 699 1864 amplectendi
740 1767 840 1841 tui
883 1767 1182 1841 avellat.
1209 1764 1512 1841 Scribes
1551 1766 1802 1860 igitur,
1836 1766 1969 1840 sed
2008 1764 2245 1863 primo
2285 1786 2459 1861 quo-

225 1916 348 1989 que
386 1902 718 1992 tempore
745 1895 982 1967 :ferre
1039 1893 1229 1966 enim
1289 1892 1562 1967 diutius
1585 1900 1951 1989 sumptum
1977 1891 2101 1964 vix
2143 1913 2463 1989 possem.

227 2019 573 2095 Existimo
638 2020 928 2116 quidem
971 2019 1066 2093 ad
1107 2019 1376 2094 exitum
1436 2040 1670 2115 usque
1731 2019 2010 2092 mensis
2072 2017 2463 2092 Februarii

226 2169 324 2218 me
379 2147 716 2220 Viennae
774 2147 1112 2219 futurum.
1173 2145 1473 2219 Literae
1532 2145 1967 2240 dirigendae
2026 2144 2121 2218 ad
2180 2142 2293 2218 Ol.
2338 2143 2460 2217 Vi·

229 2296 362 2345 rum
400 2271 824 2371 Philippum
869 2272 1220 2346 Montium
1285 2271 1568 2366 Regiae
1629 2271 1955 2346 Musices
1998 2271 2462 2366 Magistrum,

227 2399 334 2494 qui
373 2424 524 2473 cum
569 2400 858 2474 homine
916 2398 1232 2474 illustris
1290 2400 1602 2472 nominis
1643 2408 1719 2473 et
1758 2398 2098 2472 omnibus
2137 2397 2464 2471 humani-

226 2525 382 2596 tatis
418 2524 684 2599 officiis
723 2547 1003 2598 mecum
1037 2524 1441 2609 coniuncte,
1466 2524 1661 2609 milii,
1697 2524 1837 2597 iam
1872 2525 1967 2596 ab
1999 2546 2086 2594 eo
2109 2530 2461 2622 tempore,

223 2673 349 2745 quo
388 2653 457 2725 in
501 2653 786 2749 Belgiis
827 2653 1165 2747 agebam,
1205 2674 1487 2725 summa
1526 2650 1998 2724 familiaritas
2050 2649 2456 2723 intercedit.

229 2779 326 2851 lta
362 2778 536 2874 qnid
575 2779 665 2853 de
706 2786 863 2853 tota
903 2781 1044 2852 liae
1083 2803 1163 2853 re
1208 2786 1522 2867 statuas,
1565 2802 1852 2874 quaeve
1910 2785 2037 2850 tna
2093 2774 2463 2849 sententia

222 2905 300 2977 de
343 2930 504 2980 mea
545 2906 997 3003 profectione
1039 2907 1152 2994 sit,
1195 2906 1389 3001 quod
1430 2904 1838 2995 consilium,
1879 2903 2026 2978 tuis
2067 2902 2306 2975 literis
2350 2925 2461 2973 me

217 3031 441 3104 facias
484 3031 897 3105 certiorem.
943 3032 1156 3105 Vale.
1772 3023 1779 3030 “

1278 3535 1372 3607 X.

339 3713 604 3787 Brutus
631 3715 869 3789 chnos
908 3714 1173 3808 Miluily
1209 3712 1410 3784 levale
1451 3709 1878 3784 Kovacs6czi
1913 3706 2334 3780 Fari-aslanz.

419 3913 787 3988 Redditae
826 3913 1003 3986 mihi
1043 3922 1214 3987 tuae
1256 3912 1514 3984 literae
1556 3917 1747 3996 sunt,
1789 3904 2026 4004 pridie
2068 3903 2174 3976 Id.
2220 3902 2459 4000 April.

223 4037 620 4113 aDclbenii
660 4062 912 4138 puer0,
955 4062 1143 4135 quae
1169 4060 1278 4110 me
1319 4034 1736 4109 incredibili
1780 4032 2158 4124 voluptate
2198 4030 2455 4102 affece-

223 4172 393 4238 runt.
453 4167 647 4239 Nam
707 4188 798 4240 ea
854 4164 1031 4238 mihi
1090 4163 1511 4242 attulerunt,
1556 4181 1747 4256 quae
1789 4167 1861 4230 et
1899 4154 2215 4228 maxime
2255 4164 2459 4252 opta-

225 4288 400 4380 bam,
440 4301 536 4377 et,
573 4298 655 4365 ut
712 4289 925 4364 brevi
982 4288 1170 4363 adeo
1227 4286 1628 4373 evenirent,
1687 4281 2084 4379 sperabam
2143 4279 2323 4362 fore,
2385 4288 2460 4353 ut

223 4414 666 4491 clarissimus
725 4417 855 4498 vir,
896 4423 1117 4511 atque
1178 4411 1680 4509 amplissimus
1724 4433 1811 4480 eo
1856 4403 2277 4503 perveniret.
2315 4406 2455 4476 sin-

222 4542 446 4630 gulari
532 4542 796 4614 virtute
876 4548 1092 4635 atque
1155 4535 1545 4610 excellenti
1606 4540 2045 4628 provectus,
2105 4528 2296 4601 unde
2355 4527 2461 4600 illi

301 4691 501 4727 nom.
531 4691 699 4724 nuno.
733 4688 870 4723 msr.
917 4696 978 4706 ω»
1021 4685 1355 4720 sciurronss.
1389 4682 1496 4717 xvi.
2094 4651 2139 4729 j
