3293 5219
609 1673 1008 1770 LIBER
1074 1608 1660 1770 DECIMUS
1716 1674 2238 1774 SEXTUS.

1281 1940 1612 1951 1.-ᾳῆ-

518 2219 930 2314 Insequens
950 2237 1188 2290 annus
1228 2214 1741 2312 sexagesimus
1766 2223 2023 2290 sextus
2050 2216 2222 2291 odia
2243 2223 2575 2293 caterva-

303 2344 432 2422 tim
466 2344 819 2440 bellaque
872 2342 1216 2439 profudit.
1256 2338 1361 2415 At
1396 2365 1914 2438 germanorum
1973 2365 2362 2419 caesarum
2400 2367 2568 2419 mos

304 2478 439 2564 est,
463 2492 730 2545 annum
768 2469 965 2543 intra
1004 2493 1051 2542 a
1088 2475 1438 2565 suscepto
1457 2465 1817 2564 regimine
1839 2468 2206 2542 comitium
2248 2468 2574 2544 celebra-

300 2621 421 2694 re;
458 2595 835 2697 principes
869 2593 1269 2670 identidem
1304 2601 1743 2693 praesentes
1786 2616 1975 2687 esse,
2014 2619 2183 2670 nam
2224 2594 2415 2670 alias
2475 2595 2575 2671 le-

299 2725 504 2823 gatis
544 2745 723 2797 suas
761 2721 966 2795 vices
1006 2720 1470 2794 demandant.
1513 2717 1804 2795 Caesar
1841 2722 1936 2795 ob
1976 2721 2135 2812 hoc,
2178 2721 2312 2796 sed
2348 2723 2576 2796 maxi-

300 2875 419 2927 me
492 2847 890 2948 petendum
964 2854 1300 2944 sumptus
1358 2846 1558 2937 belli,
1632 2847 1707 2920 in
1784 2854 2144 2922 aestatem
2181 2847 2553 2940 indictum,

258 2976 675 3072 ·bellisque
735 2972 1234 3047 intermissum
1275 2973 1349 3047 in
1404 2996 1731 3047 mensem
1784 2973 2222 3049 Januarium
2260 2974 2576 3072 promul-

300 3110 455 3201 gat.
496 3101 762 3176 Novae
802 3099 1185 3196 dignitatis
1225 3099 1657 3198 auspicium,
1678 3099 2101 3196 frequentia
2139 3099 2574 3199 principum,

301 3232 661 3327 majorem
699 3226 918 3301 solito
956 3224 1436 3324 requirebant
1491 3223 1980 3324 splendorem.
2020 3226 2262 3321 Igitur
2298 3227 2563 3324 primo-

306 3376 433 3429 res
474 3349 740 3427 austrii
818 3373 909 3423 ac
981 3349 1275 3423 bohemi
1349 3349 1426 3422 in
1483 3349 1906 3424 comitatum
1941 3372 2086 3424 non
2123 3350 2282 3424 sine
2323 3373 2574 3426 eorum

308 3464 676 3569 molestia,
715 3474 989 3574 quippe
1027 3497 1163 3550 sua
1200 3475 1535 3575 impensa
1576 3476 2014 3570 deliguntur.
2055 3474 2568 3573 Quadringen-

200 3626 211 3631 ·
308 3614 433 3685 tos,
480 3602 770 3702 equites
827 3624 1158 3697 ungaros
1214 3624 1604 3700 procerum
1677 3601 1955 3677 liberos
2014 3602 2362 3677 adornari
2416 3604 2577 3701 pla-

311 3732 475 3824 cuit,
535 3728 752 3804 editis
813 3727 1251 3822 singillatim
1322 3750 1460 3825 per
1513 3726 1923 3824 principem
1977 3728 2416 3803 nominibus.
2477 3727 2580 3805 At

311 3854 625 3931 Nicolao
685 3854 935 3929 Zrinio
975 3851 1673 3944 filium,Francisco
1730 3852 2140 3952 Batthiany
2214 3864 2577 3950 nepotem,

312 4005 480 4057 mox
521 3978 822 4054 Simone
882 3960 1237 4075 Forgach
1274 4001 1408 4077 pro
1452 3979 1637 4054 duce
1696 3988 2097 4078 assumpt0‚
2155 4003 2326 4055 sese
2365 4005 2578 4057 excu—

314 4107 673 4197 santibus,
713 4107 818 4179 ita
853 4105 1187 4197 indoluit,
1225 4114 1306 4182 ut
1344 4105 1903 4197 simulationem,
1942 4106 2321 4205 propriam
2359 4108 2581 4185 virtu-

312 4243 478 4326 tem,
518 4234 768 4341 palam
823 4241 1357 4332 perrumperet,
1417 4242 1828 4332 coeptoque
1888 4234 2319 4331 desisteret;
2359 4235 2466 4310 ita
2502 4245 2582 4311 ut

316 4384 555 4459 neque
613 4382 659 4432 a
715 4359 1070 4452 consiliis,
1127 4383 1369 4457 neque
1409 4386 1456 4435 a
1510 4360 1787 4436 libellis
1834 4382 2274 4458 quemquam
2330 4383 2579 4437 secum

317 4487 599 4563 habere
635 4485 906 4583 vellet3
964 4508 1203 4583 neque
1242 4486 1601 4562 Nicolaus
1661 4485 1951 4562 Olahus
2008 4487 2433 4586 praefectus
2471 4511 2581 4562 re-

322 4613 424 4710 gii
463 4611 720 4709 sigilli,
804 4619 879 4686 et
954 4611 1561 4711 archiepiscopus
1635 4612 2157 4709 strigoniensis
2215 4620 2435 4712 atque
2475 4612 2580 4691 lo·
