3293 5219
803 336 960 413 372

807 563 941 644 ret,
989 552 1420 651 respondit:
1488 550 1581 624 ad
1621 571 1981 648 praesens
2038 549 2325 645 quidem
2365 544 2861 622 adhucomnia
2898 550 3064 617 tuta

808 704 980 756 8888
1038 681 1113 754 in
1154 679 1451 780 oppidO,
1495 677 1629 752 sed
1687 676 2103 767 verendum,
2144 700 2234 751 ne
2293 675 2437 773 ipsi
2493 675 2634 748 soli
2693 673 3058 747 adversus

807 816 916 883 tot
976 808 1384 907 principum
1433 813 1655 901 atque
1717 801 2005 900 imperii
2063 804 2262 876 vires
2300 801 2593 876 tandem
2636 799 3062 875 succumbe-

805 940 1003 1010 rent.
1070 931 1216 1007 Sed
1256 932 1479 1031 paulo
1536 938 1707 1029 post
1752 932 2010 1025 jussus
2069 938 2269 1003 certo
2307 935 2636 1026 tempore
2677 928 2746 1000 in
2810 947 3056 1001 arcem

812 1061 1058 1134 venire
1081 1059 1369 1132 consilii
1409 1056 1835 1131 conferendi
1859 1056 2121 1150 gratia,
2164 1079 2319 1129 cum
2360 1054 2830 1153 primoribus,
2873 1074 3058 1148 quos

813 1185 905 1259 ad
948 1186 1374 1260 societatem
1434 1180 1869 1282 proditionis
1929 1189 2350 1279 paraverat,
2407 1182 2817 1275 ingreSSuS,
2867 1202 3058 1275 ,por-

811 1322 982 1402 tam,
1023 1321 1244 1408 atquc
1285 1333 1526 1385 arcem
1569 1305 2510 1406 occupat.‘Cr11mpachium
2551 1316 2626 1380 et
2666 1306 2857 1380 alios
2884 1328 3057 1378 non·

814 1437 1057 1511 nullos
1152 1438 1463 1534 capiunt,
1541 1436 1936 1530 statimque
2034 1458 2298 1524 arcem,
2377 1433 2743 1529 oppidum,
2803 1440 2878 1505 et
2929 1431 3057 1505 Jo-

809 1565 1128 1638 hannem
1187 1563 1648 1637 Fridericum
1722 1560 1918 1634 hosti
1996 1560 2315 1635 dedunt:
2373 1558 2935 1655 Crumpachius,
2992 1562 3064 1627 ct

814 1688 1155 1766 nonnulli
1198 1692 1727 1765 obtruncantur
1747 1688 1847 1779 ³¹²).
1889 1688 2312 1762 Fridericus
2368 1711 2546 1762 vero
2589 1688 2684 1761 ad
2722 1683 3059 1760 Maximi-

816 1818 1099 1893 lianum
1142 1825 1407 1914 captus
1446 1817 1716 1892 missus
1757 1823 1890 1889 est.
2156 1785 2176 1809 ⁴

1034 1942 1188 2017 Sub
1229 1945 1446 2018 finem
1484 1943 1692 2019 ,Iunii
1734 1964 1997 2016 caesar
2035 1941 2432 2017 Posonium
2464 1942 2686 2031 venit,
2728 1940 3058 2015 celebra·

820 2080 1026 2147 turus
1108 2072 1430 2163 comitia,
1507 2094 1696 2168 quae
1771 2097 1817 2146 a
1873 2070 2367 2151 coronatione,
2424 2071 2498 2144 in
2554 2071 2820 2167 quibus
2898 2070 3059 2165 ipse

814 2219 1174 2296 praesens
1195 2196 1476 2289 fuisset,
1520 2205 1734 2271 erant
1754 2196 2011 2294 prima.
2038 2196 2213 2270 Ideo
2241 2219 2508 2291 magna
2546 2196 2864 2271 omnium
2904 2199 3060 2267 erat

818 2323 1300 2421 exspectatio,
1360 2324 1463 2398 uti
1505 2347 1811 2418 regnum
1872 2324 2386 2420 auspicaturus
2447 2331 2668 2397 esset.
2733 2321 3054 2395 Primum

818 2472 997 2546 ergo
1042 2450 1323 2546 aliquot
1361 2452 1593 2524 verba
1631 2451 1702 2523 in
1747 2448 2001 2545 lingva
2044 2449 2469 2545 germanica
2487 2447 2606 2538 ²⁸²⁸)
2646 2471 2781 2546 per
2837 2448 3055 2521 inter-

819 2582 1101 2676 pretem
1141 2577 2164 2680 praefatus,propositionem,
2205 2574 2280 2650 in
2329 2599 2474 2672 qua
2529 2575 2927 2674 petitiones
2969 2575 3054 2648 de

822 2703 1181 2792 subsidio,
1260 2713 1333 2778 et
1388 2705 1760 2779 nonnullis
1838 2703 2007 2778 aliis
2067 2705 2288 2778 rebus
2365 2703 2941 2791 continebantur,
2989 2701 3055 2774 iu

824 2831 1101 2924 scripto
1144 2828 1489 2905 exhibuit.
1518 2831 1602 2906 Id
1629 2832 1824 2927 quod
1838 2834 1992 2926 jam
2036 2831 2281 2905 statim
2323 2831 2417 2904 ab
2463 2831 2799 2905 omnibus
2838 2830 3053 2903 facile

827 2955 1414 3031 animadversum
1458 2937 1593 3053 est,
1670 2958 1836 3032 odio
1879 2958 2136 3049 lingva
2167 2959 2592 3053 germanica
2628 2981 2860 3047 usum,
2900 2978 3053 3028 cum

786 3133 789 3140 ‹
823 3092 1035 3182 pater
1075 3082 1325 3176 latina,
1363 3086 1677 3182 ipseque
1718 3086 1788 3158 in
1842 3085 2217 3182 plerisque
2260 3085 2577 3159 comitiis
2640 3086 2812 3164 vivo
2849 3090 3052 3183 patre

825 3210 1080 3284 eadem
1139 3233 1431 3307 semper
1467 3234 1645 3285 usus
1682 3210 1966 3302 fuisset,
2024 3209 2486 3305 haberetque
2528 3210 2862 3306 ling-vam
2898 3209 3050 3284 lati·

828 3360 997 3412 nam
1054 3336 1512 3412 familiarem.
1572 3336 1722 3411 Sed
1761 3337 2188 3432 reg-nicolae
2248 3345 2617 3433 negarunt
2679 3337 3051 3433 quicquam

827 3463 918 3539 de
955 3464 1455 3561 propositione
1516 3465 1848 3538 caesaris
1888 3465 2092 3561 prius
2146 3485 2402 3558 agere,
2445 3487 2660 3561 quam
2703 3463 3053 3562 supplica-

825 3591 1068 3665 tiones
1126 3597 1199 3663 et
1236 3591 1581 3686 querelae
1619 3592 1957 3688 privatae
2015 3598 2238 3686 atque
2285 3591 2626 3689 publicae
2667 3611 3052 3686 cognosce·

829 3723 1102 3803 rentur,
1141 3714 1216 3787 in
1255 3714 1521 3811 quibus
1578 3716 2058 3810 singulorum,
2099 3725 2323 3813 atque
2360 3717 2868 3796 universorum
2921 3716 3052 3789 for·

831 3849 1072 3934 tunae,
1113 3842 1264 3916 vita
1306 3850 1525 3939 atque
1582 3843 1894 3917 libertas
1936 3844 2080 3917 sita
2139 3851 2361 3918 essct.
2408 3846 2834 3919 Inoleverat
2874 3841 3049 3916 enim

837 3975 999 4042 arte
1022 3968 1335 4064 quadam
1355 3992 1618 4043 recens
1641 3970 2109 4063 consuetudO,
2129 3971 2233 4077 uti
2257 3971 2644 4068 praedicta
2663 3970 2901 4046 omnia
2934 3992 3053 4066 po·

830 4101 1103 4170 stremo
1143 4095 1305 4168 loco
1344 4095 1419 4168 iu
1479 4095 1782 4170 consilio
1823 4096 2303 4192 agitarentur,
2344 4120 2652 4193 quorum
2688 4099 3050 4196 pleraque,

828 4222 1265 4317 praesertim
1339 4223 1709 4317 graviora,
1791 4222 2082 4297 silentio
2156 4226 2846 4318 transmitterentur,
2913 4221 3051 4298 alia

1045 4414 1106 4484 ἰ)
1132 4414 1395 4489 Forgach
1424 4416 1477 4470 8.
1497 4417 1772 4488 jegyzete
1798 4436 1810 4472 ε
1861 4414 2144 4490 Νέςγςγό
2172 4417 2410 4492 νέςειῖῒει
2436 4437 2460 4474 x
2477 4419 2559 4475 olt
2587 4419 2880 4492 Augustus
2905 4415 3045 4471 mind

837 4502 1240 4578 crumpaehot‚
1272 4507 1423 4562 mind
1454 4507 1917 4580 Paumgartuert.

1048 4593 1147 4666 Ἄ)
1173 4596 1413 4653 Ιεῐνάηίὶ
1431 4600 1700 4669 jegyzete
1723 4619 1737 4653 ε
1763 4589 1961 4654 latins.
