3293 5219
812 313 972 393 374

816 533 1149 631 Ungaris
1259 534 1475 625 dare3
1554 535 1748 631 quod
1836 558 2052 609 unum
2147 537 2262 609 vel
2337 536 2649 609 maxime
2703 557 2847 607 non
2918 532 3076 606 sal-

809 671 955 737 tem
985 663 1472 758 juramentum
1546 661 1981 758 praestitum
2046 662 2119 735 in
2211 659 2591 753 electione,
2669 669 2744 736 et
2782 660 3076 759 praeci-

813 812 1032 887 puum
1086 787 1298 884 regni
1344 786 1815 885 privilegium
1846 791 2001 883 Jam
2065 796 2460 887 spectaret,
2512 788 2644 863 sed
2683 796 2764 862 ut
2801 789 3063 885 gentis

816 938 1104 1013 quoque
1160 914 1553 989 universae
1613 914 2046 1012 dignitatem
2139 924 2361 1014 atque
2438 916 3075 1015 propagationem

816 1064 977 1116 cum
1015 1042 1330 1116 maximo
1372 1041 1730 1116 dedecore
1769 1042 2244 1118 imminueret.

1028 1168 1497 1264 Repetebant
1557 1191 1738 1264 ergo
1777 1168 1981 1259 haec,
2024 1177 2245 1267 atque
2305 1170 2382 1244 id
2421 1191 2655 1266 genus
2696 1168 2870 1259 alia,
2915 1169 3076 1265 ple-

821 1316 1049 1390 raque
1072 1301 1242 1367 ante
1301 1294 1375 1368 id
1430 1303 1718 1393 tempus
1811 1295 2162 1369 inaudita.
2224 1294 2789 1387 Quaerebantur
2844 1294 3077 1369 etiam

823 1445 933 1509 ea,
974 1443 1160 1517 quae
1202 1443 1292 1495 ex
1349 1422 1597 1518 priore
1674 1421 1963 1495 comitio
2019 1445 2153 1517 per
2191 1418 2535 1496 Carolum
2572 1421 2882 1494 fratrem
2965 1440 3078 1492 ce-

818 1547 1126 1639 lebrato,
1167 1548 1242 1622 in
1283 1570 1425 1622 uno
1467 1571 1735 1644 magno
1777 1524 2143 1623 volumine
2182 1556 2466 1624 centum
2501 1548 2661 1622 fere
2697 1545 3073 1628 foliorum,

821 1675 900 1749 in
939 1675 1409 1753 Germaniam
1465 1677 1866 1753 misissent.
1947 1676 2067 1752 Ad
2106 1701 2294 1774 qnae
2351 1677 2592 1751 omnia
2630 1698 3075 1775 responsum

819 1809 970 1895 est,
1082 1804 1292 1879 brevi
1404 1826 1486 1879 se
1602 1805 2148 1881 commissarios
2261 1804 2824 1887 destinaturum,
2941 1803 3066 1900 qui

819 1929 1062 2004 omnia
1115 1940 1598 2028 cognoscant,
1660 1931 2140 2029 daturumque
2180 1954 2260 2006 se
2320 1930 2611 2006 tandem
2653 1931 2744 2005 de
2786 1930 2882 2004 iis
2922 1937 3071 2005 tum

816 2077 1271 2153 responsum.
1350 2058 1563 2149 Quod
1650 2060 1753 2133 ita
1849 2080 2098 2134 omnes
2193 2057 2734 2147 consternavit,
2829 2080 2926 2130 ac
3001 2055 3063 2129 si

821 2181 1074 2257 eodem
1114 2193 1475 2259 momento
1513 2184 1842 2259 ultimum
1902 2183 2194 2258 adirent
2229 2184 2656 2281 periculum.
2701 2185 2804 2258 Et
2844 2208 2941 2259 ex
2981 2205 3064 2257 eo

831 2306 1261 2403 regnicolae
1298 2309 1374 2383 in
1416 2308 1727 2385 concilio
1745 2332 2132 2407 procerum
2171 2309 2609 2384 sententiam
2650 2332 2868 2384 suam
2912 2333 3055 2384 una

821 2435 1109 2510 nimiter
1166 2435 1273 2510 ita
1330 2438 1756 2511 retulerunt:
1817 2437 2285 2534 Responsum
2346 2436 2680 2511 caesaris
2738 2459 2889 2510 non
2929 2438 3062 2511 cle·

821 2585 1027 2638 mens
1102 2570 1227 2639 aut
1285 2563 1691 2661 gratiosum
1752 2587 1941 2656 esse,
1983 2564 2088 2641 uti
2144 2563 2632 2663 promisisset,
2694 2564 2829 2638 sed
2868 2565 3067 2640 fune·

823 2697 1013 2765 stum
1053 2696 1125 2764 et
1143 2691 1619 2768 lamentabile
1677 2692 1881 2789 ipsis,
1941 2692 2399 2788 conjugibus,
2441 2693 2717 2780 11118118,
2774 2702 2852 2767 et
2910 2693 3066 2766 ideo

826 2838 1063 2913 neque
1104 2817 1281 2891 dare
1321 2841 1403 2892 se
1479 2819 1865 2914 quicquam
1914 2841 2158 2913 posse3
2217 2841 2396 2909 cum,
2438 2842 2625 2915 quae
2684 2818 2851 2892 dari
2910 2840 3068 2916 pos·

828 2950 1011 3032 sent,
1042 2943 1555 3020 adimerentur.
1618 2943 2049 3040 Intelligere
2108 2944 2402 3018 enimse
2459 2967 2696 3041 neque
2735 2944 3066 3040 salutem,

784 3144 794 3155 ,
833 3091 1071 3166 neque
1110 3093 1314 3166 spem
1339 3069 1684 3167 deinceps
1708 3071 1933 3144 ullam
1975 3071 2116 3144 sibi
2155 3071 2515 3167 reliquam
2555 3093 2745 3157 esse,
2787 3071 2922 3144 sed
2961 3093 3061 3144 re-

765 3263 769 3268 .
830 3192 1029 3270 lictis
1085 3196 1347 3295 patriis
1407 3197 1732 3289 sedibuS,
1790 3198 2035 3294 patrio
2094 3198 2276 3288 8010,
2337 3197 2412 3271 111
2468 3205 2769 3272 exteras
2825 3206 3061 3271 terras

831 3324 1334 3424 expellendos,
1376 3323 1741 3421 simulque
1778 3323 1853 3396 in
1894 3347 2189 3398 amaras
2230 3326 2600 3422 lacrymas
2641 3330 2714 3399 et
2749 3324 3062 3398 lamenta

826 3476 1250 3552 prorupere.
1312 3452 1671 3526 Proceres
1708 3452 1901 3527 bono
1944 3452 2191 3548 ,animo
2231 3474 2360 3526 eos
2399 3474 2568 3525 esse
2595 3451 2884 3546 jubent.
2930 3447 3056 3524 Ce-

824 3588 1058 3655 terum
1080 3578 1174 3653 ad
1197 3601 1574 3653 caesarem
1596 3577 1838 3653 omnia
1856 3575 1926 3650 in
1967 3576 2258 3652 mollius
2317 3584 2486 3650 sunt
2525 3576 2782 3669 relata3
2822 3575 3055 3671 priva·

827 3707 957 3782 tim
1014 3715 1258 3781 tamen
1314 3705 1404 3780 de
1445 3705 1778 3780 omnibus
1838 3726 2215 3778 caesarem
2255 3702 2592 3795 edocent,
2638 3710 3051 3799 petuntque,

826 3840 908 3906 ut
1018 3830 1336 3907 afflictos
1449 3839 1524 3904 et
1596 3831 1755 3903 fere
1813 3829 2249 3927 desperatos
2341 3827 2776 3904 remissione
2854 3836 3060 3925 atque

828 3958 1334 4034 emendatione
1390 3957 1954 4056 praeteritorum
2008 3954 2363 4035 malorum
2438 3956 2829 4044 refoveret,
2873 3953 3053 4029 sola-

834 4093 1202 4181 returque.
1278 4082 1517 4179 Igitur
1575 4105 1839 4158 caesar
1879 4081 2296 4157 convocatis
2370 4080 2705 4154 omnibus
2779 4079 3044 4178 inquit:

827 4220 1123 4310 praeter
1183 4233 1387 4284 suam
1427 4211 1898 4300 voluntatem,
1940 4208 2265 4286 etinscio
2308 4231 2411 4300 88,
2452 4228 2703 4282 errore
2744 4206 3043 4304 quodam

832 4335 1214 4412 secretarii
1271 4336 1454 4411 illud
1494 4359 1929 4432 responsum
1970 4336 2316 4435 scriptum
2359 4356 2568 4430 esse;
2629 4356 2898 4431 cupere
2954 4353 3052 4405 et·

834 4490 935 4563 go
978 4489 1079 4560 se,
1119 4472 1197 4540 ut
1253 4465 1547 4563 ipsimet
1606 4466 1959 4540 rationem
2057 4473 2275 4562 atque
2328 4462 2617 4536 modum
2653 4462 2925 4553 ineant,
2963 4465 3054 4532 at-

841 4614 980 4690 que
1023 4591 1433 4685 ostendant,
1476 4615 1616 4689 quo
1668 4592 1811 4668 sibi
1868 4589 2226 4666 satisfieri
2283 4589 2534 4664 velint.
2577 4588 2696 4663 Ad
2737 4610 2918 4684 quae
2955 4582 3050 4658 illi
