3293 5219
757 296 809 363 L

762 472 1326 576 1788-ban²⁰¹),
1369 474 1462 549 de
1497 472 1731 575 mely,
1778 475 1967 575 sajet
2003 470 2584 572 tapasztalesom
2629 471 2983 561 szerinti8‚

756 603 1064 680 minden
1121 602 1429 678 §.Italam
1464 601 1686 677 letott
1729 599 2084 676 kezzelirt
2121 597 2646 700 peldfinyokat
2683 598 2989 674 hibfissfi-

982 756 1105 844 ¹⁰¹)
1136 760 1470 826 Francisci
1519 758 1869 844 Forgacbii
1918 757 1998 823 de
2051 756 2340 843 Ghymes
2373 756 2709 834 Pannonii,
2742 756 2824 823 D.
2856 756 2992 822 Fer.

759 865 1025 933 dinandi
1056 867 1110 938 I.
1141 867 1374 955 Imper.
1410 889 1488 931 ac
1519 868 1715 952 Regis
1747 866 2124 952 Hungariae
2177 861 2565 931 Cancellarii
2600 875 2664 928 et
2696 862 2998 929 Antistius

759 975 851 1045 M.
881 975 1420 1043 Varadinensium
1456 974 1857 1042 celeberrimi
1886 975 2127 1040 Rerum
2165 974 2689 1059 Hungaricarum
2732 976 2828 1038 sui
2860 984 3001 1039 tem·

766 1084 940 1171 poris
993 1081 1474 1168 Commentarii‚
1505 1082 1722 1148 Libris
1754 1082 1957 1147 XXII
1989 1105 2026 1148 e
2066 1080 2201 1147 MS.
2235 1082 2301 1144 in
2351 1079 2559 1145 lucem
2609 1080 3004 1168 prodeuntes.

764 1189 1022 1255 Adiecit
1057 1188 1348 1256 Iudicem
1377 1190 1620 1255 Rerum
1673 1187 2182 1254 memorabilium
2226 1210 2303 1252 ac
2335 1187 2873 1252 Dissertationem
2906 1188 3006 1251 Hi-

772 1296 1340 1365 storico-Criticam
1375 1297 1456 1362 de
1488 1297 1639 1361 Vita
1676 1295 1915 1361 laudati
1969 1294 2313 1381 Scriptoris
2348 1292 2619 1358 Alexius
2661 1294 2951 1383 Hordnyi
2980 1319 3009 1359 e

767 1404 918 1472 Sch.
950 1404 1099 1487 Piis,
1133 1404 1482 1489 Hungsrus
1535 1403 1875 1469 Budensis.
1920 1402 2182 1468 Posonii
2216 1411 2280 1467 et
2312 1400 2682 1485 Oassoviae,
2713 1405 3010 1489 impensis

768 1512 817 1576 Ι.
852 1512 939 1580 Μ.
987 1512 1319 1579 Landerer
1368 1514 1661 1599 perpetui
1713 1515 1777 1576 in
1831 1510 2085 1575 Fiiskiit
2123 1508 2314 1574 1788.
2348 1508 2437 1574 8r.
2471 1510 2558 1574 92
2592 1510 3015 1576 szsimozatlan

772 1622 841 1684 es
878 1619 1007 1684 702
1038 1622 1388 1685 szsmozott
1408 1618 1533 1706 lap,
1568 1644 1606 1684 a
1638 1622 1862 1685 szcrzii
1893 1616 2335 1703 arczkepevel.
2375 1618 2429 1681 A
2453 1616 2611 1682 tiibb
2640 1640 2805 1701 ezer,
2839 1618 3014 1684 ertel·

773 1735 905 1792 met
936 1729 1173 1793 zavaro
1205 1730 1274 1793 es
1307 1727 1598 1793 elferditss
1631 1727 1786 1794 hiba
1817 1726 2009 1792 kezssl
2059 1725 2259 1813 ailljon
2291 1726 2366 1790 itt
2397 1725 2556 1791 csak
2587 1750 2662 1791 az
2697 1726 2742 1792 I.
2774 1727 3016 1815 konyv-

773 1832 881 1898 bssl
932 1833 1205 1922 neheny,
1244 1835 1416 1922 hogy
1469 1834 1774 1922 kitflnjek
1826 1832 2216 1921 mennyiben
2270 1832 2489 1920 alapos
2530 1857 2569 1897 a
2603 1833 2892 1922 Horzinyi
2931 1836 3019 1900 ki-

773 1941 973 2008 addsa
1021 1940 1213 2007 elleni
1262 1942 1405 2025 vad,
1439 1944 1508 2007 es
1543 1943 1833 2028 mennyit
1881 1939 2210 2027 nyertiink
2252 1962 2325 2004 ez
2359 1941 2424 2026 1'1j
2464 1940 2688 2006 kiadsss
2720 1942 2891 2008 eltal.
2927 1944 3021 2009 Az

776 2047 909 2114 elsss
941 2058 1128 2114 rovat
1158 2048 1452 2135 Hordnyi
1497 2047 1789 2132 kiaddsa,
1824 2072 1864 2113 a
1895 2046 2190 2114 maisodik
2223 2047 2487 2135 Majere.

816 2158 863 2206 1.
888 2157 994 2223 lap.
1031 2157 1120 2207 26.
1146 2170 1266 2206 sor:
1293 2155 1436 2207 Arsd
2171 2154 2379 2207 Zarfind

812 2230 862 2279 6.
920 2266 950 2292 ,,
1068 2229 1118 2278 6.
1175 2263 1208 2291 „
1300 2229 1575 2293 utriusque
1600 2244 1694 2294 pro
1722 2227 2084 2294 magnitudine
2171 2242 2266 2292 pro
2309 2228 2583 2294 utriusque
2626 2230 2881 2297 principis
2921 2248 3023 2281 ma-

2243 2299 2521 2365 gnitudine

815 2375 863 2423 7.
922 2409 951 2434 „
1070 2373 1119 2422 2.
1178 2409 1208 2435 ,,
1302 2386 1497 2423 arcana
1515 2370 1754 2437 Reginae
1773 2370 2131 2436 adiungeban-
2172 2386 2366 2423 arcana
2386 2388 2399 2420 ε
2420 2372 2646 2439 ideoque
2672 2374 2911 2441 plerique
2929 2375 3028 2425 Re-

1386 2448 1473 2494 tur
2243 2444 2400 2509 ginae
2425 2444 2850 2511 adiungebantur

797 2541 866 2552 —
923 2552 954 2578 ,‚
1036 2516 1124 2566 20.
1184 2552 1216 2579 ,,
1310 2513 1652 2581 Szegediensi
2173 2512 2457 2581 Sigetiensi

796 2615 868 2624 —
924 2623 957 2650 „
1036 2587 1125 2637 21.
1184 2623 1217 2649 ,,
1308 2586 1591 2638 Jaurinum
2172 2587 2480 2639 Taurunum

817 2660 867 2708 8.
925 2695 957 2719 ‚,
1038 2660 1124 2707 26.
1183 2694 1213 2719 ,,
1308 2658 1468 2709 simul
1488 2659 1677 2709 Petrus
1698 2660 1985 2710 exercitum
2012 2673 2132 2710 con·
2175 2659 2331 2711 simul
2356 2660 2543 2712 Petrus
2581 2664 2870 2715 exercitum
2909 2681 3030 2716 con·

1391 2735 1668 2795 susceptae
1693 2730 2013 2781 defensionis
2245 2732 2541 2798 scripserat.

821 2802 870 2849 9.
930 2837 960 2864 ,,
1082 2802 1127 2850 1.
1187 2840 1216 2863 „
1309 2798 1697 2852 infidelissimos
2176 2801 2457 2854 fidissimos

782 2873 869 2921 20.
926 2907 957 2934 ,,
1077 2873 1124 2922 9.
1183 2908 1214 2934 „
1307 2873 1582 2938 Besonico‚
1606 2873 1760 2940 ngy
1786 2873 1974 2924 Fellak
2175 2876 2436 2940 Besenyo,
2462 2876 2725 2944 Nagylak,
2753 2879 2946 2931 Fellak

800 2970 871 2983 -—
928 2981 959 3007 „
1048 2946 1129 2993 11.
1189 2980 1217 3006 „
1314 2943 1731 2996 Charkissomlio
2177 2946 2337 3008 Cssk,
2362 2947 2666 3013 Kissomlyo

800 3042 869 3053 --
927 3053 959 3077 ‚,
1046 3018 1130 3068 16.
1188 3053 1220 3079 ‚,
1312 3016 1645 3068 Varadinalis
1672 3017 2040 3083 Hungarorum
2177 3018 2460 3082 Varadino,
2500 3019 2616 3071 alae
2661 3022 3039 3089 Hungarorum

1390 3089 1685 3160 praefectus
2247 3090 2544 3155 praefectus

783 3161 870 3209 21.
928 3196 957 3221 ,,
1050 3162 1130 3211 17.
1190 3197 1219 3222 ,,
1314 3162 1716 3225 cognominatus
1758 3160 1912 3226 Nagy
1956 3161 2137 3224 Bosse,
2178 3164 2578 3227 cognominatus
2640 3164 2814 3232 Nagy,
2878 3184 3038 3234 posse

1385 3245 1560 3282 arcem
1590 3271 1602 3285 .
1630 3269 1643 3282 .
1666 3268 1678 3281 .
1702 3233 1820 3297 capi
2248 3249 2423 3286 arcem
2444 3272 2454 3283 .
2477 3271 2489 3283 .
2513 3272 2524 3284 .
2555 3238 2673 3302 capi

802 3329 873 3338 -—
931 3338 962 3364 „
1049 3303 1131 3353 19.
1189 3339 1218 3364 ,,
1312 3302 1642 3369 Septingenti
2177 3304 2276 3356 Dc

786 3375 872 3424 24.
931 3411 962 3436 ‚,
1078 3375 1128 3424 9.
1190 3410 1221 3436 ‚,
1314 3373 1554 3440 singulos
2180 3376 2388 3429 Siculos

784 3448 869 3496 26.
929 3483 959 3508 ,,
1043 3448 1127 3499 26.
1186 3483 1217 3510 „
1312 3451 1561 3511 reputans
1596 3447 1888 3513 periculum
1926 3448 2138 3499 festina·
2179 3455 2232 3501 et
2249 3455 2565 3515 postremam
2586 3452 2753 3504 aciem
2770 3459 3044 3518 tueantur.

1395 3519 1473 3567 vit
2250 3526 2451 3586 monet;
2478 3524 2554 3573 ita
2577 3525 2657 3574 ira
2681 3530 2735 3575 et
2757 3526 2934 3592 gloria
2958 3546 3045 3580 ac-

2250 3609 2440 3645 census
2478 3610 2584 3646 non
2617 3611 2804 3661 passus
2840 3605 2925 3650 est
2950 3601 3045 3652 ho-

2251 3665 2424 3716 stilem
2469 3667 2741 3729 iniuriam,
2785 3674 2840 3719 et
2884 3685 3046 3723 sunm

2251 3737 2415 3788 decus
2433 3738 2489 3789 in
2509 3744 2741 3805 tempore
2768 3749 3044 3807 reputans,

2250 3808 2418 3860 ultum
2443 3811 2519 3860 ire
2546 3811 2829 3862 festinavit.

786 3873 876 3926 2⁷.
931 3910 964 3940 „
1082 3877 1131 3927 2.
1192 3916 1221 3943 ,,
1315 3875 1450 3927 ferro
1494 3890 1587 3941 per
1630 3874 1885 3938 medium,
1932 3876 2141 3930 deserto
2179 3880 2316 3932 ferro
2353 3882 2680 3948 tegebantur,
2716 3889 2769 3933 et
2802 3886 3045 3951 stapede,

1395 3947 1653 4012 pertinaci
1695 3949 1996 4013 certamine,
2035 3965 2142 4000 non
2252 3954 2496 4018 quamvis
2545 3969 2610 4005 ex
2660 3955 2831 4006 solido
2883 3957 3046 4019 ferro,

1395 4020 1512 4069 sine
1539 4019 1621 4069 sui
1648 4019 1812 4069 exitio
1839 4020 2068 4071 confecit
2250 4040 2344 4090 per
2369 4025 2600 4076 medium
2637 4024 2886 4090 dissecto,
2927 4045 3048 4095 per-

2250 4097 2414 4147 tinaci
2450 4099 2750 4161 certamine,
2777 4114 2883 4149 non
2923 4103 3048 4152 sine

2251 4168 2336 4218 sui
2361 4169 2540 4231 exitio,
2566 4169 2770 4222 hostem
2795 4172 3046 4224 confecit.

789 4222 879 4273 29.
932 4258 964 4285 ,‚
1046 4225 1132 4277 26.
1190 4266 1221 4291 ,,
1316 4233 1373 4283 in
1398 4232 1612 4299 Campis
1639 4235 1800 4285 variis
1826 4236 2018 4287 animis
2180 4239 2236 4288 in
2264 4239 2476 4305 Campis
2504 4241 2797 4306 Vax-jasinis

791 4296 877 4343 82.
936 4329 967 4355 ,,
1084 4300 1134 4346 6.
1191 4334 1221 4361 ,,
1314 4303 1574 4370 Georgius
1600 4305 1817 4371 Torpay
2182 4309 2467 4374 Gregorius
2491 4312 2743 4380 Truppay

807 4390 879 4403 —-
934 4400 964 4428 ,‚
1045 4368 1131 4416 22.
1189 4403 1223 4429 ,,
1315 4373 1481 4438 Equi,
1523 4376 1681 4426 turba
1721 4378 2033 4439 amicorum,
2081 4393 2143 4428 ac
2179 4379 2433 4441 Equitum
2453 4381 2555 4445 ala,
2571 4387 2857 4437 amicorum
2878 4392 3045 4454 atque

1398 4443 1715 4496 familiarum
1742 4462 1921 4498 omnes
2250 4447 2587 4503 familiarium
2614 4472 2795 4509 omnes

791 4509 876 4559 36.
932 4543 964 4573 „
1048 4510 1130 4559 19.
1188 4543 1219 4572 ‚,
1311 4526 1503 4561 arcano
2179 4531 2371 4567 arcano
2399 4524 2624 4577 consilio
2796 4532 2899 4582 stb.
2937 4534 3043 4584 stb.
