3293 5219
2340 274 2497 353 255

244 503 407 559 cum
463 484 626 582 ipse
666 493 740 561 et
781 483 1137 562 Nicolaus
1194 487 1631 563 infecundus
1689 494 1913 582 esset,
1989 497 2062 564 et
2119 487 2498 588 Georgius

240 609 659 686 Johannem
714 620 1170 709 sequeretur,
1246 634 1408 688 cum
1465 620 1710 687 tamen
1784 613 2054 711 injuria
2109 617 2368 691 mirum
2423 617 2501 692 in

245 736 538 812 modum
577 746 997 834 angeretur.
1062 738 1415 814 Habebat
1469 739 1534 814 is
1575 762 1880 815 uxorem
1921 739 2215 817 Annam
2255 743 2497 818 Thur·

241 885 524 955 zonem,
561 863 792 939 filiam
847 862 1096 940 Alexii
1149 867 1371 962 paulo
1427 874 1597 941 ante
1655 865 2070 943 defunctam
2130 892 2291 944 cum
2330 868 2502 945 dote

244 987 392 1062 XL
486 987 793 1066 millium
867 989 1313 1067 florenorum
1425 999 1500 1066 et
1583 989 1941 1068 Sentavia
2016 1017 2208 1084 arce,
2292 992 2503 1091 cujus

245 1136 461 1189 soror
552 1113 999 1193 Elisabetha
1054 1119 1252 1215 apud
1325 1116 1807 1194 Hieroslaum
1848 1118 2494 1196 Perenstainerum

244 1228 635 1317 bohemum
691 1241 766 1316 in
823 1244 1279 1318 matrimonio
1337 1244 1494 1336 fuit,
1571 1243 1706 1319 sed
1765 1246 1944 1321 luxu
2009 1268 2243 1343 usque
2318 1245 2507 1320 adeo

254 1374 704 1467 corruptum,
762 1376 841 1444 ut
897 1393 1059 1445 cum
1115 1369 1504 1467 aequalem
1562 1369 1805 1445 dotem
1861 1379 1935 1446 et
1990 1372 2508 1469 patrimonium

254 1493 562 1592 insuper
601 1494 1188 1590 abligurivissct,
1243 1495 1557 1571 Romam
1595 1495 1890 1571 tandem
1929 1497 2024 1573 ob
2062 1496 2510 1573 inexolubile

248 1642 380 1696 aes
422 1621 745 1695 alienum
801 1622 1199 1717 confugere
1240 1630 1542 1698 coactus
1582 1621 1702 1711 sit,
1745 1622 2080 1698 omnibus
2120 1623 2335 1698 bonis
2373 1645 2509 1717 pro

245 1747 737 1822 creditoribus
776 1746 1236 1844 adjudicatis
1275 1745 1426 1823 Sed
1464 1771 1625 1822 cum
1664 1747 1927 1822 iterum
1965 1749 2160 1823 omni
2200 1771 2339 1846 ope
2381 1748 2504 1823 de-

252 1874 555 1949 stitutus
613 1872 711 1948 ad
766 1894 1072 1948 uxorem
1143 1873 1511 1966 rediisset,
1589 1873 1846 1947 mortis
1905 1874 2214 1950 consilio
2272 1881 2510 1974 capto,

255 1999 478 2074 nimio
520 1999 671 2074 vini
708 2008 888 2098 potu
926 1998 1148 2097 paulo
1185 2007 1358 2096 post
1415 2006 1650 2073 semet
1689 1999 2025 2075 confecit.
2065 1999 2512 2075 Elisabetha

253 2126 626 2225 impudica
663 2124 1117 2216 habebatur,
1157 2149 1598 2222 quamquam
1658 2148 1795 2199 nec
1834 2126 1985 2201 alia
2041 2127 2265 2201 multo
2306 2126 2514 2225 pudi-

255 2253 411 2328 cior
454 2252 902 2346 crederetur,
935 2252 1526 2350 denupscratque
1555 2249 1631 2324 in
1654 2247 2017 2325 Adamum
2056 2248 2507 2345 Ungnodum

255 2378 670 2453 bohemum.
737 2379 1000 2475 Itaque
1041 2401 1202 2453 cum
1259 2376 1626 2468 Viennam
1668 2383 1973 2451 vocatus
2032 2382 2235 2449 esset
2289 2374 2509 2452 Bato-

257 2528 456 2594 reus,
496 2514 570 2580 et
606 2506 933 2581 nonnulli
973 2504 1380 2580 consiliarii
1400 2505 1494 2580 ab
1519 2502 2025 2578 Maximiliano
2067 2504 2155 2578 de
2193 2510 2516 2579 tractan-

258 2633 358 2709 da
412 2633 666 2708 futura
722 2631 972 2709 diaeta
1024 2633 1247 2732 paulo
1311 2638 1481 2707 ante
1538 2631 1855 2706 reditum
1913 2629 2387 2717 Ferdinandi,
2446 2638 2520 2706 et

261 2758 682 2855 Ungnodus
759 2760 1001 2834 dotem
1077 2757 1341 2834 Annae
1399 2760 1557 2855 jam
1614 2756 1828 2832 uxori
1903 2779 2084 2832 suae
2141 2756 2520 2832 cedentem

264 2892 718 2983 reposceret,
776 2894 849 2960 et
888 2886 1015 2961 ille
1052 2885 1364 2983 tardius,
1423 2892 1497 2959 et
1547 2882 1807 2958 nolens
1848 2883 2212 2975 redderet,
2250 2880 2518 2981 promi-

268 3012 367 3086 sit
404 3019 692 3110 partem
732 3012 1259 3104 MaximilianO,
1301 3010 1365 3085 si
1405 3010 1768 3086 rationem
1807 3007 2360 3106 recuperandae
2401 3006 2522 3079 do·

268 3136 366 3210 tis
404 3138 729 3230 brevem,
803 3145 878 3211 et
943 3146 1155 3213 extra
1227 3136 1605 3231 longiores
1653 3133 1809 3208 litis
1848 3155 2248 3231 processus
2285 3131 2524 3206 iniret.

271 3264 636 3339 Batoreus
675 3288 857 3360 ergo
915 3270 1324 3338 commeatu
1378 3269 1683 3356 accepto
1735 3284 1893 3335 cum
1954 3260 2242 3335 domum
2281 3256 2525 3334 redire

277 3390 616 3482 vellet,in
652 3396 868 3487 porta
888 3387 1209 3462 civitatis
1233 3387 1569 3462 detentus
1611 3393 1686 3460 et
1733 3385 2007 3459 reverti
2048 3393 2349 3461 coactus
2390 3390 2526 3474 est3

276 3539 435 3623 cum
510 3515 1244 3592 contumeliosissime
1300 3514 1397 3588 ad
1452 3514 1756 3587 multam
1830 3509 2023 3584 diem
2094 3510 2201 3584 ibi
2274 3529 2524 3607 perse-

278 3642 515 3717 dendo
558 3651 632 3718 et
658 3643 939 3718 frustra
978 3641 1412 3716 missitando
1452 3637 1845 3713 ludibrium
1884 3637 1997 3711 sui
2034 3635 2526 3735 praebuisset;

279 3791 513 3866 neque
570 3767 776 3866 prius
835 3768 1044 3843 abire
1099 3766 1529 3865 permissus,
1590 3785 1809 3859 quam
1866 3759 2108 3837 dotem
2169 3768 2243 3835 et
2283 3759 2529 3835 omnia

279 3895 469 3969 bona
506 3894 795 3991 integre
836 3918 920 3969 se
957 3893 1410 3969 redditurum
1448 3889 1584 3963 sub
1637 3886 1977 3963 cautione
2015 3886 2526 3985 promisisset,

281 4019 372 4095 ad
428 4027 690 4118 portas
751 4042 1041 4117 quoque
1116 4015 1438 4092 civitatis
1497 4012 1852 4089 custodiis
1928 4011 2192 4087 locatis
2250 4011 2533 4109 aliquot

281 4152 634 4245 carpenta
665 4153 1162 4222 matronarum
1200 4142 1552 4219 nobilium
1587 4140 2045 4238 perlustrata
2082 4145 2271 4230 sunt,
2313 4135 2531 4212 veriti

281 4295 369 4369 ne
405 4273 598 4346 clam
635 4269 1070 4364 discederet,
1130 4290 1569 4367 quamquam
1625 4263 2065 4339 detentionis
2104 4261 2528 4337 obtendere-

281 4408 395 4477 tur
433 4398 585 4474 alia
659 4419 907 4489 causa,
984 4420 1172 4496 quae
1247 4392 1422 4469 talis
1491 4397 1710 4466 erat:
1766 4387 2068 4487 Hospiti
2126 4386 2533 4464 Viennensi

286 4522 418 4599 DC
498 4546 787 4627 ‚aureos
883 4532 1125 4619 mutuo
1220 4520 1563 4610 dederat,
1640 4526 1720 4591 ut
1806 4514 2093 4612 quoties
2170 4514 2535 4590 Viennam
