3293 5219
2345 319 2503 399 219

245 561 413 615 nam
434 538 502 612 is
524 560 620 611 ex
641 534 960 611 obscuro
981 558 1255 629 genere
1277 544 1504 629 ortus,
1528 536 1748 612 ducta
1766 559 1996 612 uxore
2016 557 2109 611 ex
2132 539 2500 633 sanguine

242 664 662 764 principum
703 661 1199 755 valachorum,
1258 662 1747 761 principatum
1822 664 2243 759 invaserat3
2306 665 2502 763 apud

242 813 435 890 quos
448 788 732 866 stabile
750 788 1135 887 imperium
1154 788 1297 863 fuit
1315 811 1698 886 nunquam.
1723 788 1916 865 Nam
1937 789 2400 866 subditorum
2422 792 2501 866 in

241 916 766 1016 principem,et
785 915 1145 1011 principis
1182 914 1613 990 insubditos
1635 915 2035 991 saeviendo
2076 923 2149 990 et
2188 916 2499 991 caeden-

241 1042 335 1117 do
374 1049 626 1117 mutuo
663 1065 802 1139 par
865 1049 983 1116 est
1020 1041 1353 1116 audacia.
1409 1041 1703 1116 Etenim
1794 1048 1873 1116 ut
1911 1041 2223 1138 quisque
2259 1043 2497 1140 impe-

239 1169 433 1243 rium
472 1166 893 1255 obtinuerit,
937 1188 1096 1242 mos
1137 1174 1253 1242 est
1309 1167 1913 1266 praedecessoris
1972 1191 2226 1243 omnes
2285 1167 2500 1245 fami-

236 1294 495 1383 liares,
552 1294 1043 1390 magistratus
1100 1318 1191 1368 ac
1245 1294 1703 1392 propinquos
1780 1293 2181 1388 trucidare;
2237 1302 2496 1370 contra

245 1422 548 1496 illorum
603 1419 848 1496 studia
888 1429 964 1495 et
997 1421 1419 1496 voluntates
1476 1442 1769 1518 semper
1842 1421 2005 1517 pari
2041 1428 2238 1496 metu
2296 1443 2499 1497 erec·

240 1555 366 1622 tae
408 1545 792 1622 exsistunt.
835 1547 1080 1642 Igitur
1120 1569 1280 1623 cum
1320 1544 1826 1621 Alexandrum
1892 1548 2051 1642 jam
2090 1552 2490 1645 suspectus

243 1695 421 1750 esse
456 1673 838 1770 inciperet,
883 1672 1177 1771 sibique
1216 1681 1593 1765 metueret,
1632 1672 1708 1747 in
1747 1672 2351 1771 Transalpinam,
2387 1668 2495 1745 in-

250 1799 342 1874 de
407 1821 579 1872 mox
640 1799 716 1873 in
775 1797 1427 1875 Transsilvaniam
1538 1798 1634 1873 ad
1673 1798 2081 1875 lsabellam
2150 1799 2495 1896 reginam

244 1925 487 2018 venit;
538 1924 708 2000 inde
763 1924 989 2023 paulo
1012 1934 1184 2024 post
1239 1927 1326 2001 in.
1372 1923 1849 2023 Superiorem
1906 1924 2317 2022 Ungariam
2402 1919 2502 1998 ad

245 2050 641 2127 Albertum
678 2051 950 2151 Lascy.
1027 2053 1270 2149 HuJus
1345 2052 1540 2151 patri
1578 2049 2064 2150 HieronymO,
2102 2053 2156 2130 J
2159 2050 2497 2127 ohannes

247 2200 384 2252 rex
458 2176 810 2276 oppidum
887 2175 1367 2255 Oesmarcum
1408 2187 1484 2259 et
1540 2182 1615 2252 in
1669 2201 1916 2254 arcem
1955 2179 2370 2255 Dunavecz
2410 2178 2489 2251 in

245 2304 518 2380 finibus
540 2302 902 2380 Poloniae
923 2314 998 2379 et
1024 2305 1443 2381 Rutheniae
1484 2305 1680 2381 dona
1699 2305 2036 2400 dederat;
2078 2313 2153 2380 et
2182 2326 2493 2379 commo-

243 2430 413 2505 dum
451 2429 749 2504 viduam
775 2425 1089 2527 Georgii
1146 2427 1434 2527 Seredy
1488 2439 1641 2506 tum
1698 2432 1772 2505 in
1809 2448 2114 2506 uxorem
2155 2428 2496 2522 duxerat,

248 2579 438 2655 quae
527 2581 572 2632 a
665 2556 925 2633 marito
1021 2560 1204 2635 orbo
1301 2557 1598 2650 liberis,
1692 2582 1827 2657 pro
1923 2556 2223 2633 dimidia
2279 2561 2497 2656 parte

237 2683 603 2759 bonorum
679 2681 1056 2758 mobilium
1129 2685 1204 2758 in
1297 2689 1745 2760 testamento
1824 2683 2104 2781 scripta
2162 2682 2259 2756 ad
2340 2703 2508 2758 cen·

243 2816 398 2885 tum
516 2806 751 2883 millia
863 2831 1232 2885 nummum
1347 2831 1649 2884 aureum
1759 2807 2148 2886 habuerat.
2309 2809 2509 2885 Nam

249 2933 561 3035 Graspar
619 2944 695 3012 et
773 2934 1150 3034 Georgius
1232 2933 1523 3034 Seredy
1595 2936 1784 3012 inter
1857 2937 2040 3012 duos
2096 2957 2342 3033 reges,
2410 2935 2514 3011 ci-

247 3063 528 3139 vilibus
560 3114 572 3124 --
639 3063 883 3158 bellis,
979 3088 1114 3162 per
1191 3063 1516 3161 praedas
1621 3071 1846 3161 atque
1960 3065 2285 3164 rapinas,
2380 3063 2512 3137 im-

246 3210 545 3264 mensas
640 3212 823 3286 opes
920 3191 1504 3280 cumulaverant,
1581 3212 1774 3287 quae
1850 3211 2018 3264 mox
2067 3190 2329 3265 iterum
2410 3190 2507 3263 si-

252 3315 398 3391 mul
441 3339 606 3391 cum
647 3317 841 3391 omni
881 3339 1129 3392 eorum
1205 3315 1648 3413 posteritate
1687 3316 2058 3391 extinctae
2098 3322 2285 3390 sunt.
2325 3313 2511 3390 Por-

250 3465 331 3516 ro
411 3442 772 3519 Albertus
812 3443 1101 3540 Lasky,
1141 3464 1438 3518 suarum
1491 3440 1874 3539 prodigae,
1931 3450 2004 3517 et
2100 3441 2512 3516 alienarum

266 3574 654 3666 appetens,
731 3591 979 3645 rerum
1054 3590 1436 3643 novarum*
1485 3565 1815 3664 cupidus,
1870 3567 1922 3643 J
1927 3567 2238 3642 acobum
2291 3566 2514 3643 facile

264 3693 776 3790 amplectitur,
816 3702 889 3770 et
927 3718 1098 3771 mox
1140 3691 1682 3792 expeditionem
1719 3692 1796 3765 in
1834 3691 2288 3768 Moldaviam
2328 3714 2517 3767 com-

263 3820 461 3893 muni
522 3819 855 3912 consilio,
915 3820 1180 3917 opibus
1274 3829 1517 3895 autem
1577 3814 1873 3892 Alberti
1949 3817 2216 3915 Lasky
2284 3818 2518 3920 susci-

263 3943 490 4040 piunt.
570 3946 859 4022 Novem
916 3954 1282 4022 tormenta
1339 3946 1643 4036 minora,
1705 3949 1778 4017 et
1835 3942 2291 4039 aliquantum
2330 3942 2517 4017 mili-

266 4076 416 4143 tum
455 4071 895 4167 polonorum
937 4095 1024 4146 ac
1061 4093 1511 4167 ungarorum
1569 4068 2078 4160 conscribunt3
2158 4091 2317 4143 cum
2363 4068 2517 4164 qui-

255 4195 390 4271 bus
461 4199 678 4272 brevi
745 4222 879 4296 per
937 4206 1222 4274 montes
1261 4196 1688 4281 ruthenicos
1767 4195 1962 4269 viam
2017 4193 2362 4290 ingressi,
2420 4194 2516 4268 ab

259 4325 648 4416 praefecto
689 4324 1110 4400 Rutheniae
1148 4323 1526 4422 prohibiti,
1587 4345 1817 4419 aegre
1858 4321 2005 4395 sibi
2039 4321 2223 4416 fuga
2259 4341 2517 4394 consu-

255 4449 570 4541 luerunt,
637 4452 936 4526 amissis
997 4451 1334 4526 omnibus
1373 4448 1918 4547 impedimentis
1960 4471 2049 4521 ac
2104 4446 2512 4521 tormentis.

261 4578 594 4653 Jacobus
633 4599 812 4652 vero
851 4586 1025 4676 post
1061 4578 1432 4652 infelicem
1481 4575 2029 4673 expeditionem
2069 4571 2513 4648 Oassoviam
