3293 5219
1297 1231 2513 1384 FUGGELEK

1884 1602 1941 1674 Ι.

785 1774 844 1851 Ι.
885 1778 1324 1855 Ferdz‘ncind
1359 1778 1595 1877 kircily
1646 1776 1971 1871 olrlevele‚
2012 1777 2189 1878 mely
2229 1749 2407 1851 α’ἷίαί
2446 1804 2492 1850 a
2530 1776 2605 1848 F
2601 1778 3041 1876 orycicholcat

1175 1905 1573 2001 bdrdsciqra
1612 1904 1840 1977 emeli.
1885 1907 2116 1978 1560.
2156 1903 2472 1976 martius
2512 1906 2637 1975 30.

994 2101 1156 2177 Nos
1193 2099 1710 2177 Ferdinandus
1750 2102 2028 2177 Divina
2084 2102 2389 2176 favente
2440 2096 2856 2175 Clementia
2894 2098 3038 2174 ele·

783 2235 944 2301 ctus
1000 2225 1498 2303 Romanorum
1557 2228 2014 2325 Imperator,
2095 2248 2390 2324 semper
2469 2224 2892 2321 Augustus,
2951 2248 3042 2298 ac

780 2348 1270 2442 Germaniae,
1329 2352 1802 2450 Hungariae,
1859 2352 2262 2427 Bohemiae
2319 2359 2455 2425 etc.
2513 2350 2717 2440 Rex,
2775 2351 3036 2426 Infans

780 2475 1374 2575 Hyspaniarum,
1436 2478 1526 2551 A.
1586 2480 1761 2554 Dux
1845 2479 2231 2567 Austriae,
2296 2477 2467 2552 Dux
2538 2477 3036 2571 Burgundiae.

779 2602 1166 2679 Fidelibus
1239 2605 1518 2679 nostris
1579 2604 1935 2702 Egregiis
2003 2601 2474 2700 Sigismundo
2534 2603 2883 2698 Forgach
2943 2605 3037 2679 de

781 2727 1120 2826 Ghymes
1196 2755 1287 2805 ac
1360 2727 1640 2806 Simoni
1700 2741 1774 2807 et
1830 2730 2067 2806 Paulo
2127 2739 2203 2804 et
2260 2729 2638 2819 Emerico,
2697 2731 3041 2806 similiter

779 2853 1131 2951 Forgach
1188 2855 1278 2929 de
1337 2855 1597 2930 eadem
1654 2856 1831 2930 filiis
1890 2858 2206 2931 salutem
2264 2861 2339 2929 et
2395 2856 2691 2952 gratiae
2729 2865 3039 2933 nostrae

779 2979 1207 3078 Imperialis
1268 2982 1684 3058 continuum
1760 2983 2307 3057 incrementum.
2371 3022 2466 3032 -—
2529 2979 2860 3079 Majores
2918 3006 3044 3058 no-

780 3112 978 3180 stros
1018 3104 1477 3183 clarissimos
1517 3108 1773 3205 Reges
1815 3117 1889 3184 et
1929 3109 2454 3206 Imperatores,
2497 3106 2692 3182 inter
2735 3117 3042 3184 caetera

781 3253 1033 3306 eorum
1069 3232 1295 3324 facta,
1337 3233 1606 3330 quibus
1636 3257 1719 3309 se
1760 3257 2117 3330 suumque
2156 3257 2421 3308 nomen
2460 3242 2870 3332 perpetuae
2909 3235 3041 3308 im-

779 3357 1213 3432 mortalitati
1271 3359 1889 3450 commendarunt,
1949 3359 2133 3434 illud
2187 3358 2545 3457 imprimis
2603 3360 2681 3434 in
2733 3382 3042 3437 consue-

780 3482 1030 3559 tudine
1086 3485 1445 3561 habuisse
1522 3488 1916 3564 memoriae
1985 3485 2353 3584 proditum
2435 3487 2898 3583 accepimus,
2959 3497 3043 3563 ut

779 3608 1101 3684 fidelium
1142 3634 1435 3687 suorum
1477 3614 1873 3710 praeclara
1930 3613 2282 3707 facinora,
2325 3612 2571 3705 dignis
2612 3611 2925 3704 nomine,
2966 3622 3043 3687 et

777 3734 1150 3811 variorum
1192 3737 1696 3831 Insigniorum
1738 3737 2194 3836 argumentis
2228 3733 2619 3834 splendide
2658 3746 3039 3814 ornarent.

781 3859 1075 3959 Quippe
1115 3884 1275 3935 cum
1315 3883 1755 3959 persuasum
1794 3864 2016 3961 plane
2058 3862 2437 3950 haberent,
2480 3861 2746 3937 fortem
2776 3864 3037 3950 virum,

780 4008 1196 4083 magnoque
1235 3995 1309 4062 et
1348 3989 1742 4063 excellenti
1782 3988 2024 4061 animo
2061 3985 2496 4085 praeditum,
2536 3987 2744 4062 nulla
2780 4012 2862 4064 re
2887 4013 3037 4065 ma-

781 4112 899 4207 gis
955 4113 1052 4187 ad
1109 4113 1452 4188 virtutem
1512 4114 2044 4210 capessendam
2105 4120 2180 4188 et
2237 4112 2470 4187 ardua
2529 4136 2868 4211 quaeque
2936 4114 3043 4189 in-

780 4236 1068 4333 trepide
1106 4238 1489 4314 subeunda
1548 4240 1878 4331 excitari,
1924 4263 2141 4335 quam
2182 4236 2426 4314 laudis
2466 4245 2541 4312 et
2578 4239 2869 4334 gloriae
2910 4242 3037 4316 sti-

781 4359 1020 4453 mulis,
1062 4385 1368 4458 quarum
1407 4387 1654 4440 rerum
1695 4364 2097 4464 cupiditate
2138 4363 2500 4440 maximos
2542 4386 2773 4464 saepe
2811 4366 3034 4459 viros,

783 4484 1124 4560 maximis
1181 4509 1423 4562 rerum
1483 4489 2033 4566 discriminibus
2091 4512 2174 4564 se
2233 4511 2314 4564 88
2371 4489 2702 4584 objicere
2759 4490 3037 4566 veritos
