3293 5219
2331 282 2429 360 21

191 495 334 568 dus
373 519 461 570 ac
498 497 725 571 ceteri
769 496 1008 585 duces,
1050 496 1146 571 ad
1183 497 1657 595 improvisum
1698 503 2080 576 tumultum
2124 507 2198 574 et
2217 523 2431 599 proe-

190 621 528 696 liantium
568 624 959 699 clamorem
998 624 1094 698 ab
1115 621 1374 720 epulis,
1414 646 1580 698 nam
1622 649 1712 700 ea
1749 626 1905 700 fere
1941 625 2231 724 prandii
2250 624 2437 702 hora

191 754 384 837 erat,
424 748 523 822 ad
561 772 768 825 arma
806 746 1196 823 celerrime
1237 756 1695 844 concurrunt;
1719 759 1792 825 et
1812 750 2026 826 simul
2067 751 2434 828 exercitus

186 873 587 950 universus
662 874 838 948 totis
896 873 1176 949 viribus
1215 873 1634 950 incubuere.
1697 873 1887 950 Pars
1929 877 2117 950 enim
2153 876 2229 950 in
2269 878 2435 952 sub-

186 998 403 1075 sidiis
461 998 812 1076 collocati
873 1006 1121 1087 erant,
1182 999 1309 1073 alii
1349 998 1665 1074 admotis
1704 999 1929 1075 scalis
2007 1000 2099 1076 ad
2157 1022 2438 1077 summa

191 1126 639 1221 evadebant3
659 1127 734 1201 in
758 1127 1010 1221 muris,
1044 1126 1118 1200 in
1140 1125 1394 1218 ruinis,
1415 1126 1684 1223 ubique
1722 1127 2102 1224 praelium3
2123 1135 2437 1203 tormen-

187 1260 422 1328 torum
464 1252 842 1328 terribiles
883 1252 1203 1333 sonitus,
1264 1249 1547 1328 coelum
1584 1253 1866 1351 ipsum,
1904 1263 2246 1353 terraque
2284 1256 2438 1355 pul-

187 1379 388 1454 veris
446 1376 828 1477 sulphurei
886 1376 1216 1477 procella
1275 1378 1487 1454 modo
1543 1386 2064 1478 tempestatum
2104 1380 2441 1469 obducta,

191 1512 258 1577 et
292 1505 743 1602 fulgentium
782 1528 1145 1582 armorum
1184 1505 1485 1599 fragore
1524 1506 1977 1597 resonantia,
2000 1506 2441 1582 vincentium

195 1654 274 1704 ac
310 1631 682 1705 victorum
722 1631 1074 1713 fremitus,
1115 1631 1475 1719 ululatus,
1535 1653 1781 1707 raram
1824 1639 1897 1705 et
1935 1631 2442 1707 admirabilem

193 1756 689 1832 cruentissimi
756 1757 1020 1855 praelii
1081 1757 1399 1855 speciem
1463 1755 1781 1831 edidere.
1842 1760 2045 1832 Inter
2083 1757 2443 1857 primores

195 1881 449 1958 Simon
495 1882 846 1981 Forgach
905 1884 1164 1958 obvios
1206 1904 1535 1979 quosque
1572 1891 2090 1982 prosternens,
2147 1905 2445 1981 urgens,

192 2032 539 2108 pugnans
578 2009 769 2083 inter
808 2010 1212 2085 confertam
1249 2009 1566 2084 hostium
1605 2009 1879 2099 aciem,
1920 2010 2251 2085 undecim
2292 2008 2444 2085 vul-

192 2138 498 2214 neribus
539 2137 891 2230 concidit3
949 2137 1241 2212 tandem
1284 2137 1495 2227 victi,
1537 2147 1610 2212 et
1645 2138 1721 2213 in
1761 2163 2007 2215 arcem
2049 2138 2283 2237 pulsia
2339 2138 2445 2213 ibi

194 2272 338 2340 tum
379 2288 585 2341 nova
625 2265 893 2340 caedes
933 2265 1279 2340 exoritur.
1374 2264 1766 2363 Angustiis
1827 2267 2015 2340 enim
2054 2265 2302 2365 pontis
2343 2271 2444 2339 at-

195 2415 325 2489 que
364 2402 751 2492 portarum
793 2394 1101 2468 arctatis
1143 2400 1216 2467 et
1254 2391 1553 2467 afflictis
1591 2393 1929 2468 hostibus
1974 2391 2208 2466 nostri
2226 2398 2445 2489 terga

195 2522 532 2612 caedere,
574 2529 699 2595 aut
735 2526 959 2621 ponte
998 2519 1444 2621 praecipites
1486 2518 1888 2595 concidere.
1952 2517 2229 2593 Eadem
2267 2516 2448 2615 fuga

196 2650 649 2748 septingenti
709 2651 995 2747 equites
1050 2673 1184 2748 per
1241 2670 1581 2723 aversam
1630 2657 1917 2747 portam
1960 2650 2448 2742 erumpentes,

197 2777 264 2850 in
288 2775 654 2852 subsidia.
677 2776 888 2873 queis
914 2776 963 2852 J
972 2776 1298 2850 ohannes
1323 2772 1629 2849 Teorek
1649 2779 2018 2872 praeerat,
2038 2773 2438 2871 impegere3

203 2902 610 3000 eademque
671 2901 1054 2977 celeritate
1111 2901 1294 2982 fusi,
1353 2924 1442 2974 ac
1480 2900 1572 2975 ad
1612 2900 1899 2975 Marum
1938 2900 2281 2998 palantes
2318 2898 2447 2973 im-

204 3031 419 3129 pulsi,
468 3030 590 3126 qui
628 3030 820 3104 forte
860 3030 1277 3104 interventu
1300 3026 1648 3101 Andreae
1678 3026 2027 3101 Bathoris
2062 3024 2448 3101 multorum

205 3158 557 3234 caedibus
597 3157 855 3232 iterum
900 3156 1177 3254 repulsi
1246 3178 1497 3229 omnes
1557 3160 1726 3228 sunt
1767 3153 2011 3227 deleti.
2068 3150 2450 3229 Johannes

210 3281 516 3360 Teorek
558 3284 721 3360 dum
766 3283 1154 3357 audentius
1192 3281 1442 3366 instat,
1481 3303 1641 3355 cum
1679 3279 1952 3375 insigni
1992 3277 2245 3354 Turca
2287 3301 2450 3352 con-

201 3435 555 3506 gressus,
619 3417 902 3511 septem
941 3435 1074 3509 per
1113 3432 1372 3506 equum
1415 3407 1739 3506 acceptis
1780 3407 2242 3487 vulneribus,
2283 3428 2452 3481 nam

204 3549 455 3616 cetera
493 3540 692 3613 ferro
730 3540 1188 3636 tegebantur,
1231 3546 1304 3612 et
1345 3536 1676 3635 stapede,
1718 3533 2054 3632 quamvis
2082 3557 2174 3608 ex
2214 3529 2450 3607 solido

204 3666 390 3742 ferro
418 3724 436 3758 ,
480 3688 617 3765 per
656 3664 964 3741 medium
1006 3665 1371 3756 dissectO,
1437 3661 1796 3762 pertinaci
1836 3661 2267 3745 certamine,
2306 3679 2454 3732 non

210 3792 359 3868 sine
426 3792 544 3868 sui
604 3791 868 3880 exiti0,
925 3792 1212 3866 hostem
1253 3789 1584 3865 confecit.
1663 3785 1952 3862 Civitas
1989 3786 2066 3859 in
2102 3782 2454 3884 praedam

214 3943 453 3995 versa.
500 3917 752 3994 Simon
791 3918 1140 4013 Forgach
1188 3915 1612 4011 exsanguis,
1653 3912 1946 3988 casside
1988 3932 2326 3998 excussa,
2366 3932 2455 3984 ac

215 4067 378 4121 ense
423 4054 686 4121 aurato
727 4053 1040 4143 propter
1077 4049 1393 4141 reperto,
1420 4041 1685 4114 circum
1726 4038 2095 4112 cadavera
2130 4034 2449 4110 hostium

216 4182 322 4248 est
354 4153 722 4250 inventus.
781 4172 975 4246 Nam
1014 4171 1214 4245 caesi
1255 4178 1380 4244 aut
1416 4167 1611 4268 pulsi
1650 4166 1925 4255 hostes,
1968 4162 2206 4262 spolio
2245 4160 2458 4263 potiti

217 4324 350 4377 non
379 4308 572 4376 sunt.
631 4298 1007 4374 Reductus
1044 4297 1373 4371 undecim
1414 4291 1840 4368 vulneribus
1881 4289 2204 4388 acceptis
2241 4287 2315 4363 in
2351 4293 2459 4361 ta-

221 4426 689 4502 bernaculum
731 4450 907 4501 cura
944 4424 1388 4500 medicorum
1428 4428 1689 4521 postea
1712 4417 2063 4509 revaluit3
2104 4412 2461 4512 nisiquod

221 4575 342 4649 per
377 4555 693 4630 frontem
736 4552 1220 4649 dextrumque
1282 4549 1564 4625 oculum
1607 4546 1997 4621 adversum
2036 4543 2298 4617 vulnus
2356 4538 2452 4613 ci-
