3293 5219
766 326 918 403 316

774 545 900 618 vix
956 543 1234 622 biennii
1308 556 1678 648 tempore,
1740 548 2089 643 sexagies
2128 545 2361 621 millia
2451 569 2815 624 nummum
2883 568 3007 643 pro

771 668 967 745 Arce
1008 668 1460 770 Niclospurg
1496 674 1569 748 in
1610 672 1953 749 Moravia
1991 679 2325 771 coempta
2364 671 2832 771 dependeret.
2869 668 3007 746 Sed

767 820 908 874 non
948 797 1069 874 diu
1108 798 1400 875 duravit
1455 821 1578 875 res
1616 801 1809 874 male
1870 806 2107 895 parta,
2170 798 2761 897 quandoquidem
2823 798 3013 873 filius

770 925 991 1022 paulo
1031 925 1369 1022 longiori,
1433 926 1557 1000 vix
1598 925 2060 1023 quadriennii
2100 934 2428 1023 tempore
2465 925 2683 1001 foede
2723 923 3023 1000 decocta

771 1075 939 1127 arce
1013 1059 1087 1127 et
1159 1052 1373 1127 bonis
1432 1052 1787 1143 omnibus,
1827 1052 2108 1150 primus
2175 1059 2247 1126 et
2323 1073 2710 1149 supremus
2784 1051 3022 1158 heres,

771 1179 972 1254 nullo
1009 1184 1180 1277 post
1238 1202 1318 1253 se
1378 1178 1653 1254 herede
1710 1178 1987 1270 relict0,
2028 1177 2123 1253 ad
2180 1176 2583 1251 creditores
2622 1176 3023 1251 delabenti-

773 1307 909 1381 bus
949 1306 1160 1381 bonis
1202 1306 1658 1395 omnibus,ut
1697 1305 1820 1380 vix
1841 1305 2058 1381 etiam
2097 1282 2539 1395 sufficerent,
2579 1304 2907 1379 decessit
2927 1303 3021 1394 *)-

993 1430 1337 1509 Ceterum
1397 1432 1841 1532 Solymanus
1925 1457 2085 1508 cum
2141 1432 2594 1528 Belgradum
2648 1432 3028 1530 pervenis-

768 1564 901 1648 set,
940 1559 1193 1656 plures
1232 1560 1391 1635 dies
1449 1560 2008 1636 transmittendo
2048 1559 2379 1634 exercitu
2419 1565 2533 1633 est
2572 1565 3022 1659 remoratus3

778 1685 1365 1783 quandoquidem
1408 1688 1942 1763 exundationes
1999 1686 2178 1762 Savi
2218 1695 2439 1783 atque
2516 1684 2847 1761 Danubii
2917 1707 3027 1759 eo·

770 1819 921 1886 tum
957 1820 1287 1912 tempore
1363 1838 1681 1911 magnae
1738 1815 2049 1890 fuerant.
2091 1812 2285 1888 Dum
2340 1811 2444 1888 ibi
2485 1813 2761 1887 stativa
2799 1809 3018 1886 habe-

770 1945 903 2030 ret,
939 1939 991 2014 J
997 1939 1326 2015 ohannes
1367 1943 1466 2016 II.
1504 1940 1965 2016 invisendum
2008 1939 2285 2032 statuit,
2324 1939 2400 2013 id
2441 1937 2633 2036 quod
2672 1938 2741 2013 ei
2782 1936 3022 2012 Mehe-

770 2071 1006 2139 metus
1062 2071 1282 2139 antea
1338 2066 1839 2160 denunciarat,
1898 2074 1971 2140 et
2044 2066 2471 2164 scripserat,
2549 2086 2631 2138 se
2685 2071 3023 2160 tanquam

771 2191 943 2284 filio,
985 2216 1076 2267 ex
1113 2200 1429 2290 paterna
1468 2193 1846 2286 charitate,
1891 2193 2181 2290 quando
2218 2193 2292 2267 in
2331 2200 2618 2288 patrem
2658 2214 2740 2267 se
2782 2213 3021 2267 susce-

770 2319 1027 2418 pisset,
1069 2319 1514 2417 significare,
1551 2327 1913 2418 quatenus
1953 2343 2036 2395 se
2078 2329 2152 2396 et
2188 2344 2495 2418 regnum
2536 2321 2820 2394 salvum
2861 2340 3023 2393 esse

770 2445 1016 2536 vellet,
1071 2453 1152 2523 ut
1205 2447 1725 2545 imperatorem
1801 2448 2130 2523 salutare
2188 2470 2281 2522 ex
2338 2446 2750 2545 propinquo
2829 2444 3027 2519 nulla

771 2571 1056 2647 ratione
1129 2574 1538 2671 omitteret3
1600 2582 1844 2651 tamen
1904 2596 2141 2672 aegre
2197 2593 2631 2671 persvasum
2692 2577 2825 2662 est,
2887 2570 3027 2646 dis·

774 2699 1249 2777 suadentibus
1306 2704 1465 2778 fere
1523 2702 1882 2794 omnibus,
1959 2709 2032 2777 et
2085 2701 2255 2799 ipso
2313 2699 2631 2775 maxime
2688 2697 3027 2794 Augusto

774 2823 1241 2923 sigismundo
1281 2855 1460 2929 rege
1484 2829 1862 2921 Poloniae,
1905 2830 2027 2929 qui
2068 2853 2227 2904 cum
2269 2827 2641 2903 sordidam
2661 2827 3031 2926 pincipum

774 2954 1440 3051 peregrinationem
1530 2960 1605 3033 in
1683 2956 1953 3034 litteris
2031 2953 2469 3055 appellaret,
2564 2954 3032 3029 vehementer

772 3081 1258 3180 improbabat;
1301 3093 1624 3161 attamen
1667 3085 1762 3159 ab
1804 3083 2256 3181 quibusdam,
2301 3081 2421 3179 qui
2463 3078 2845 3179 Solymani
2885 3080 3031 3154 vir-

771 3215 964 3282 tutes
1020 3210 1266 3285 verius
1322 3213 1758 3307 pensabant,
1817 3219 1890 3285 et
1963 3210 2259 3306 ingrate
2316 3231 2478 3284 eum
2515 3209 2898 3299 facturum,
2973 3209 3033 3282 si

767 3341 1087 3430 patrono
1126 3337 1443 3428 tutelari,
1486 3337 1797 3433 gloriam
1845 3360 1936 3411 ex
1975 3336 2215 3410 officio
2272 3331 2622 3433 pupillari
2663 3339 2736 3408 et
2773 3357 3032 3431 prope-

770 3459 1055 3535 modum
1078 3462 1305 3556 filiali,
1328 3487 1470 3538 non
1493 3464 1775 3539 lucrum
1801 3464 2180 3561 quaerenti
2222 3462 2316 3537 ad
2337 3471 2626 3560 tempus
2653 3460 3026 3536 defuisset,

768 3589 1202 3684 persvaderi
1262 3592 1404 3665 sibi
1440 3614 1713 3690 passus
1773 3600 1910 3668 est.
1974 3592 2217 3667 Fuere
2293 3590 2517 3688 igitur
2575 3614 2668 3664 ex
2728 3595 2880 3665 toto
2926 3611 3027 3664 re-

769 3738 912 3809 gno
988 3715 1565 3815 splendidissimi
1659 3719 1924 3817 quique
1981 3720 2055 3793 in
2144 3718 2563 3792 comitatum
2620 3713 3027 3814 conscripti.

980 3979 1038 4047 ³⁶)
1071 3978 1330 4052 For-gach
1359 3979 1416 4036 S.
1439 3983 1747 4054 jegyzete:
1777 3981 1995 4052 Gyulat
2034 3979 2373 4056 megvevcn,
2399 3980 2546 4036 Jen6
2597 3975 2693 4033 ala
2723 3986 2881 4034 ment
2910 3979 3009 4033 Per

772 4068 880 4124 taff
901 4068 1088 4125 bassa.
1118 4070 1292 4126 Abba
1313 4088 1424 4143 egy
1450 4071 1789 4144 kerekjarto
1817 4071 2011 4129 udmet
2036 4072 2309 4145 badnagy
2335 4070 2460 4126 volt
2487 4067 2545 4125 f6
2569 4089 2583 4139 3
2621 4086 2690 4123 az
2721 4067 3021 4141 magyarok

770 4156 1200 4231 elo'ttSegnyey
1230 4162 1556 4231 Zsigmond.
1582 4161 1699 4218 Azt
1748 4163 1798 4217 is
1826 4161 2095 4218 ennehdn
2138 4160 2319 4234 napig
2369 4160 2595 4216 16tette.
2636 4159 2725 4213 Az
2772 4157 3021 4215 nemetek

771 4248 1225 4319 megrcttenve'n,
1264 4269 1394 4322 meg
1421 4252 1673 4309 akartak
1720 4252 1871 4308 adni.
1922 4252 2188 4327 chnyey
2216 4251 2521 4323 Zsigmond
2564 4249 2685 4322 alig
2731 4248 2886 4305 hirta
2940 4244 3020 4303 red

768 4337 1102 4411 &honbogy
1154 4343 1292 4397 csak
1324 4340 1517 4399 estvet
1565 4343 1872 4416 varjanah
1921 4344 1994 4398 ha
2039 4343 2241 4399 immar
2286 4341 2539 4399 emberc'il
2591 4357 2719 4395 nem
2773 4337 3012 4394 akarnak

765 4426 952 4485 lenne
1003 4431 1313 4502 megbalni.
1385 4433 1558 4489 Estve
1611 4432 1786 4490 oziau
1835 4434 2148 4500 kiiitottek,
2201 4451 2271 4489 az
2310 4434 2368 4489 ki
2423 4432 2600 4489 holel
2643 4430 2817 4487 latott
2859 4423 3020 4502 jonni·

765 4518 1020 4591 Segnyey
1046 4522 1213 4593 eljott
1239 4525 1381 4579 volt.
1421 4525 1508 4581 Az
1547 4522 1737 4582 nemet
1765 4526 2041 4596 hadnagy
2095 4530 2183 4581 ott
2232 4527 2458 4581 maradt
2510 4522 2646 4592 volt,
2699 4524 2772 4579 de
2822 4510 3012 4577 azutan

764 4607 1095 4664 Hatvanbol
1119 4609 1387 4668 valtozek
1413 4614 1494 4667 ki.
