3293 5219
2250 334 2406 414 259

179 561 325 627 sunt
359 573 622 627 novem
661 549 876 647 regni
902 553 1074 647 Jure
1134 550 1413 642 donari,
1453 551 1713 646 gnaris
1753 552 2090 628 omnibus
2127 554 2412 630 frustra

180 678 515 754 adversus
591 675 998 776 potentiam
1053 676 1213 750 niti.
1275 674 1694 752 Constabat
1766 681 2159 756 nonnullos
2216 682 2413 758 bona

182 806 488 879 vivorum
546 804 1008 901 impetrasse,
1059 803 1367 879 aliorum
1411 804 2050 903 circumspectare.
2093 805 2412 882 Summis

184 931 444 1024 studiis,
483 939 565 1006 ut
604 931 1117 1029 praefecturae
1156 929 1490 1026 Ungaris
1534 930 1907 1023 darentur,
1948 956 2253 1031 quarum
2290 955 2417 1033 po-

187 1056 392 1131 tiores
430 1053 794 1131 Germani
815 1056 1198 1148 haberent,
1221 1054 1622 1151 injuriiquc
1664 1064 1737 1130 et
1757 1057 2265 1134 intolerabiles
2306 1084 2419 1136 es·

188 1190 353 1271 sent,
391 1205 526 1256 nec
572 1185 742 1276 jure
798 1182 1175 1269 communi,
1217 1204 1452 1277 neque
1507 1182 1921 1280 principum
1978 1187 2418 1262 auctoritate

190 1317 611 1399 tenerentur,
634 1306 1096 1382 elaboratum
1139 1315 1213 1382 et
1251 1308 1624 1382 obtentum
1666 1331 1810 1382 non
1850 1318 1984 1384 est.
2026 1308 2180 1386 Sub
2204 1313 2420 1387 comi-

189 1435 430 1510 tiorum
505 1443 875 1532 tempore,
935 1434 1290 1532 despotes
1351 1457 1508 1509 cum
1570 1436 1725 1508 vita
1774 1458 2090 1532 regnum
2149 1439 2416 1514 amisit.

192 1560 383 1651 Quod
417 1562 520 1635 ita
575 1569 816 1634 actum
874 1567 1007 1633 est.
1079 1560 1504 1635 Moldaviae
1560 1562 1909 1660 princeps
1966 1586 2179 1639 arces
2236 1565 2422 1640 duas

197 1711 276 1761 cx
311 1687 699 1762 donatione
740 1687 1072 1761 Mathiae
1110 1688 1316 1783 regis
1355 1687 1429 1761 in
1461 1687 2037 1764 Transsilvania
2073 1691 2423 1783 habebat,

198 1796 479 1912 quarum
530 1811 1110 1912 possessionem,
1168 1821 1566 1910 postquam
1621 1813 1904 1887 turcica
1957 1792 2293 1911 potentia
2346 1816 2423 1889 in

197 1939 550 2015 Moldavia
605 1939 1174 2038 praevaluisset,
1234 1939 1607 2014 amiserat..
1687 1939 2066 2037 Despotes
2124 1941 2425 2039 antiquo

192 2068 336 2161 jure
371 2090 417 2139 a
450 2066 501 2142 J
506 2067 801 2143 ohanne
836 2065 1147 2161 primum
1167 2074 1549 2163 repetere3
1592 2087 1760 2139 mox
1817 2064 1942 2139 ubi
1998 2089 2143 2142 non
2182 2089 2430 2142 succe-

204 2192 293 2267 dit
328 2191 711 2283 sententia,
733 2191 1005 2266 bellum
1025 2212 1335 2289 parare;
1376 2191 1974 2288 accendebatque
1993 2214 2257 2267 caesar
2314 2193 2431 2268 lit-

204 2320 388 2412 teris,
422 2327 798 2417 tamquam
856 2318 1197 2405 stimulis,
1253 2340 1387 2414 per
1455 2340 1537 2393 se
1592 2316 1924 2394 inflatum
1979 2319 2431 2414 instigando.

206 2445 297 2521 At
345 2447 396 2524 J
401 2444 732 2521 ohannes
806 2446 915 2520 uti
970 2444 1395 2539 amicitiam3
1476 2468 1694 2542 quam
1784 2445 1967 2519 belli
2056 2445 2432 2522 fortunam

209 2570 395 2649 malit
442 2579 773 2664 tentare,
847 2593 981 2671 per
1054 2570 1349 2666 legatos
1423 2578 1701 2669 petere.
1779 2568 1932 2646 Sed
1987 2594 2426 2672 responsum

210 2700 376 2777 adeo
447 2701 779 2777 insolens
849 2704 1079 2795 atque
1138 2699 1535 2796 superbum
1594 2698 2004 2797 rescripsit,
2078 2706 2159 2774 ut
2233 2698 2438 2776 nullo

212 2828 475 2904 omnino
549 2828 831 2902 honore
910 2823 1122 2920 regio
1200 2833 1552 2922 tanquam
1628 2826 2057 2921 gregarium
2123 2827 2443 2925 aliquem

214 2976 331 3052 per
365 2976 720 3031 summum
768 2958 1260 3050 contemptum
1297 2953 1350 3027 J
1357 2951 1721 3026 ohannem
1761 2951 2112 3045 affecerit,
2151 2959 2226 3027 et
2262 2952 2443 3027 scri-

219 3080 377 3156 bere
413 3102 640 3156 ausus
680 3079 800 3170 sit,
875 3101 1045 3154 sese
1101 3078 1394 3152 etiamsi
1449 3078 1523 3150 in
1581 3087 1883 3175 pectore
1919 3074 2251 3171 haberet,
2286 3101 2443 3153 ere·

216 3215 482 3304 ptumm
519 3205 972 3306 propediem.
1013 3202 1469 3297 Accedebat,
1512 3204 1706 3300 quod
1751 3203 2046 3300 quidam
2084 3204 2449 3300 Volfgan-

221 3356 343 3429 gns
392 3330 1197 3432 quinqueecclesiensis
1272 3331 1366 3405 ab
1435 3352 1744 3404 caesare
1799 3329 1897 3405 ad
1950 3353 2115 3405 eum
2170 3330 2445 3404 missus

225 3482 366 3536 cum
415 3459 691 3536 litteris
751 3466 827 3533 et
881 3457 1252 3532 mandatis
1306 3457 1380 3530 in
1420 3456 2068 3531 Transsilvaniam
2121 3461 2449 3546 venerat,

225 3607 413 3680 quem
447 3586 501 3663 J
506 3586 841 3660 ohannes
879 3582 1158 3658 honore
1215 3589 1597 3680 exceptum
1653 3580 1751 3657 ad
1804 3580 1858 3657 J
1862 3579 2174 3656 acobum
2209 3578 2447 3654 libere

227 3711 569 3808 proficisci
606 3710 1070 3809 permiserat.
1129 3708 1183 3785 J
1185 3711 1464 3785 acobus
1519 3717 1768 3785 tamen
1806 3731 1899 3783 ex
1939 3704 2078 3781 hoc
2115 3707 2446 3782 occasio-

227 3857 371 3912 nem
403 3836 899 3915 calumniandi
936 3844 1271 3936 captans,
1293 3836 1493 3934 apud
1529 3834 2010 3934 Solymanum
2029 3834 2083 3911 J
2089 3834 2452 3909 ohannem

235 3964 538 4058 graviter
576 3964 838 4056 defert,
861 3962 1056 4061 quod
1077 3985 1241 4038 cum
1260 3961 1737 4037 Ferdinando
1786 3959 2050 4035 foedus
2089 3959 2454 4033 adversus

236 4111 380 4167 eum
413 4093 728 4183 iniisset,
785 4096 861 4164 et
915 4088 1106 4164 hunc
1144 4090 1653 4186 Volfgangum
1691 4095 1843 4162 tam
1881 4085 1980 4160 ad
2013 4084 2067 4161 J
2073 4083 2455 4175 ohannem,

237 4239 432 4312 quam
497 4219 596 4294 ad
653 4240 738 4293 se
792 4216 1336 4292 sollicitandum
1391 4217 1557 4291 ideo
1595 4213 1986 4289 misisset:
2064 4234 2146 4287 se
2204 4219 2453 4286 tamen

237 4362 352 4435 pro
419 4368 557 4421 sna
631 4365 816 4438 erga
887 4364 1051 4417 eum
1124 4341 1271 4416 fide
1346 4339 1720 4439 captivum
1793 4335 1889 4411 ad
1962 4356 2046 4411 se
2120 4335 2459 4422 misisse3

239 4491 445 4564 quare
498 4465 1029 4564 Volfgangum‚
1086 4487 1229 4564 quo
1287 4465 1528 4562 magis
1583 4463 2005 4541 ‚Iohannem
2042 4460 2463 4536 criminare-

237 4601 358 4688 tur,
390 4593 829 4695 Byzantium
863 4592 1082 4669 misit.
1124 4589 1473 4671 Ceterum
1510 4587 2095 4681 Moldavienses,
2133 4609 2464 4686 comper—

2002 4711 2148 4789 17*
