3293 5219
816 252 1104 316 LXXIV

813 434 1172 530 ficiendis‚
1231 459 1481 536 opera,
1542 434 1871 530 consilio,
1916 445 1990 512 et
2027 436 2488 536 promotione
2545 444 2671 511 tua
2720 435 2874 535 ipsi
2927 433 3081 510 Ga-

811 586 1038 661 sparo
1097 562 1350 640 Bekes
1413 570 1487 639 et
1543 565 1853 658 ceteris,
1929 564 2195 663 quibus
2253 567 2394 642 hoc
2450 565 2644 639 idem
2701 563 3085 661 negotium

810 690 1502 780 commendavimus,
1540 691 1646 767 ita
1685 691 2047 766 assistere
2087 690 2300 783 velis,
2337 699 2417 766 ut
2456 690 2841 788 singulare
2880 696 3081 763 tuum

809 840 994 913 erga
1048 839 1189 893 nos
1247 817 1590 911 studium,
1630 823 1703 891 et
1742 816 2107 892 sinceram
2166 816 2382 891 fidem
2433 818 2553 891 vel
2593 817 2740 891 hac
2777 814 3081 914 potissi·

809 965 1002 1017 mum
1039 940 1202 1016 vice
1241 940 1725 1019 demonstres.
1765 941 1911 1019 Pro
1954 966 2097 1039 quo
2139 942 2433 1040 quidem
2471 940 2681 1015 fideli
2719 950 2843 1016 tuo
2886 965 3080 1037 erga

805 1091 944 1144 nos
983 1068 1369 1166 obsequio,
1409 1076 1898 1167 promptaque
1954 1066 2365 1165 diligentia,
2406 1074 2736 1142 nostram
2787 1068 2924 1142 tibi
2963 1068 3070 1142 vi-

805 1193 1054 1269 cissim
1111 1193 1435 1291 gratiam
1494 1199 1568 1268 et
1624 1194 2086 1269 clementiam
2147 1193 2606 1291 pollicemur.
2672 1193 2950 1269 Datum
2988 1193 3066 1269 in

806 1320 1005 1394 Arce
1045 1328 1306 1396 nostra
1364 1319 1611 1415 Regia
1668 1317 1966 1414 Pragae
2006 1319 2124 1395 die
2168 1315 2352 1394 29-a
2406 1319 2617 1392 Mart.
2661 1316 2877 1394 Anno
2919 1318 3075 1393 Dni

812 1445 1253 1523 MDLXXI.
1293 1446 1728 1544 Regnorum
1766 1455 2184 1523 nostrorum
2236 1446 2569 1521 Romano
2610 1468 2824 1537 non0,
2864 1444 3074 1521 Hun-

811 1570 1080 1668 gariae
1120 1568 1434 1664 Octavo,
1474 1572 1879 1648 Bohemiae
1921 1594 2098 1648 vero
2137 1571 2523 1668 Vigesimo
2566 1570 2848 1646 Tertio.

1022 1697 1580 1773 Maximilianus
1619 1723 1713 1772 m.
1757 1724 1825 1798 p.

2112 1826 2163 1902 J
2169 1847 2446 1901 oannes
2487 1820 2843 1910 Listhius‚

2153 1948 2335 2012 Eppus
2360 1945 2617 2010 Vesprim.
2645 1959 2712 1991 m.
2740 1960 2790 2008 p.

809 2068 1081 2134 (Eredetie
1122 2086 1156 2122 a
1196 2088 1275 2138 gr.
1320 2072 1635 2139 Forgachok
1679 2072 1878 2124 csaladi
1922 2071 2297 2124 leveltaraban.
2348 2070 2543 2122 Kiadta
2587 2068 2847 2136 Mocedry,
2874 2084 2925 2117 u.
2955 2083 3004 2117 o.
3034 2084 3066 2116 a

1720 2164 2020 2213 162—164.
2046 2161 2143 2226 ll.).

1735 2427 1828 2433 -—--·
1843 2426 2060 2433 ...ρ’-μὴ.

1837 2703 2014 2780 VII.

898 2879 1169 2954 Bmtus
1203 2881 1437 2957 Jcinos
1482 2880 1755 2981 Mihacy
1791 2883 1850 2956 1.
1887 2882 2094 2958 levale
2129 2883 2452 2983 Forycich
2493 2881 2937 2957 Ferenczhez.

1601 3010 1833 3083 1572.
1863 3007 2133 3106 jainius
2171 3013 2240 3082 1.

1007 3201 1112 3276 Vt
1149 3203 1386 3280 minus
1427 3206 1676 3282 multis
1714 3215 1953 3283 tecum
1994 3230 2238 3304 agam,
2284 3213 2359 3280 et
2395 3228 2562 3279 mea
2599 3204 3054 3282 consuetudo

792 3330 867 3399 et
902 3325 1318 3405 immortale
1357 3337 1556 3407 tuum
1594 3333 1668 3407 in
1711 3358 1824 3410 me
1862 3333 2176 3431 requirit
2213 3331 2571 3424 meritum,
2611 3330 2890 3406 faciunt
2929 3353 3049 3406 oc·

789 3451 1223 3551 cupationes
1262 3458 1534 3535 multae
1574 3481 1826 3558 meae3
1883 3483 2073 3560 quas
2117 3459 2405 3558 quidem
2446 3481 2584 3558 per
2622 3480 2707 3533 se
2744 3479 3048 3553 graves,

784 3584 864 3653 ut
902 3578 1108 3655 nulla
1143 3589 1539 3680 praeterea
1595 3587 1934 3662 accessio
1993 3591 2415 3684 quaeratur,
2475 3582 2851 3674 valetud0,
2903 3604 3052 3679 qua

782 3691 1243 3783 incommoda
1278 3717 1466 3802 utor,
1505 3717 1580 3787 et
1614 3711 2145 3810 perimbecilla,
2184 3709 2427 3787 reddit
2451 3705 3048 3806 aliquanto-gra·

782 3831 1053 3907 viores.
1116 3829 1302 3909 Cum
1362 3859 1537 3912 vero
1592 3845 1792 3914 tuum
1852 3838 1924 3914 in
1982 3862 2097 3915 me
2153 3835 2613 3927 beneficium,
2650 3841 2732 3910 ut
2779 3833 3046 3918 debeo,

780 3955 977 4032 facio
1018 3958 1291 4058 magni,
1337 3962 1482 4059 qui,
1524 3987 1668 4060 quo
1716 3965 1958 4041 minus
2012 3974 2346 4065 tempore
2403 3960 2852 4058 cogitabam,
2894 3959 3048 4033 adi-

779 4090 929 4157 tum
986 4083 1166 4159 mihi
1223 4085 1321 4161 ad
1375 4087 1629 4186 opt-imi
1688 4088 2083 4191 Principis,
2143 4099 2218 4166 et
2270 4084 2657 4165 fortissimi
2717 4084 3044 4182 gratiam

779 4208 1212 4301 ratefecisti‚
1250 4217 1448 4288 tuum
1508 4214 1826 4291 animum
1882 4216 2109 4293 multo
2159 4214 2416 4316 pluris,
2457 4210 2652 4288 unde
2691 4206 2925 4302 fluxit,
2963 4211 3043 4286 id

781 4332 974 4429 quod
1030 4335 1239 4411 multi
1291 4349 1778 4438 praepostere
1835 4345 2158 4421 secundo
2216 4344 2380 4418 loco
2425 4340 2723 4415 habent.
2768 4334 3037 4435 Neque

780 4456 971 4534 enim
1028 4461 1254 4536 estin
1293 4487 1374 4539 re
1412 4465 1729 4563 positum
1787 4468 2237 4554 beneficium,
2301 4477 2379 4545 ut
2433 4461 2753 4541 maxima
2807 4473 3032 4548 etiam
