3293 5219
2323 329 2480 405 297

238 557 361 631 huc
393 556 763 653 principes
823 552 1157 640 aderant,
1199 573 1291 626 ac
1327 550 1551 625 multo
1607 555 1781 646 post
1827 547 2216 626 advenere.
2260 546 2363 622 At
2399 549 2473 622 in

242 679 520 755 concilio
574 677 998 776 principum
1034 675 1383 750 concione
1423 696 1517 747 ex
1538 672 1818 770 scripto
1839 673 2152 748 recitata
2189 696 2325 771 per
2365 694 2479 747 se-

238 805 603 881 cretarium
640 805 786 894 (ita
827 803 1023 878 enim
1045 822 1204 876 mos
1246 797 1700 875 Germaniae
1738 807 1852 883 est
1870 799 2366 897 principibus)
2404 800 2479 875 in

240 931 829 1006 Transsilvanum
887 934 961 1003 et
1000 928 1325 1002 Turcam
1381 926 1653 1001 acriter
1708 927 2039 1000 invectus
2098 933 2234 1018 est,
2274 949 2482 1000 arma

240 1058 302 1130 in
337 1056 964 1146 Transsilvanum,
1006 1077 1213 1128 arma
1249 1052 1324 1127 in
1364 1053 1690 1127 Turcam
1745 1072 2080 1148 poscens.
2123 1049 2243 1124 An
2280 1058 2488 1149 puta-

239 1184 321 1257 tis
358 1185 759 1280 quieturum
796 1177 1122 1278 unquam
1193 1181 1536 1268 Turcam,
1632 1185 1708 1252 et
1743 1202 1890 1252 non
1927 1177 2168 1275 potius
2244 1177 2487 1252 vicina

242 1331 545 1405 quaeque
603 1307 824 1381 simili
880 1306 1091 1381 clade
1149 1314 1652 1403 correpturum
1674 1302 1710 1376 Ῥ
1765 1306 1883 1379 Ea
1937 1303 2311 1400 potentiae
2369 1308 2487 1378 est

245 1445 502 1526 natura,
550 1441 633 1508 ut
669 1457 816 1507 non
855 1433 1074 1506 aliter
1111 1440 1269 1506 tuta
1309 1430 1425 1523 sit,
1468 1454 1685 1528 quam
1722 1454 2090 1505 armorum
2128 1430 2486 1505 exercita·

243 1562 437 1636 tione.
473 1559 594 1634 An
636 1567 1174 1657 exspectamus,
1215 1566 1295 1632 ut
1330 1580 1586 1648 novus,
1616 1556 1938 1654 juvenis,
1978 1578 2211 1652 eoque
2248 1557 2483 1641 ferox,

240 1687 520 1785 cupidus
558 1686 867 1781 gloriae,
906 1693 1157 1761 tantas
1214 1707 1417 1782 opes,
1457 1692 1738 1759 tantum
1794 1683 2177 1781 imperium
2216 1705 2475 1781 capes-

244 1813 391 1887 sat?
426 1811 531 1886 At
547 1809 990 1900 mehercule,
1032 1811 1226 1886 hunc
1245 1810 1452 1886 senio
1475 1812 1877 1907 morboque
1916 1833 2243 1904 gravem,
2284 1817 2480 1884 metu

239 1937 369 2028 filii,
405 1945 582 2013 nota
609 1940 767 2033 jam
803 1937 1000 2012 inter
1035 1944 1320 2034 patrem
1381 1943 1456 2010 et
1490 1935 1721 2009 filium
1762 1933 2154 2027 discordia,
2194 1958 2332 2009 nec
2370 1958 2482 2009 se-

236 2062 375 2137 dem
393 2087 701 2137 vacuam
740 2063 1182 2155 relicturum,
1205 2085 1342 2136 nec
1378 2062 1577 2136 vires
1633 2061 1927 2158 imperii
1964 2068 2345 2135 externum
2383 2060 2481 2135 ad

236 2188 482 2300 bellum
520 2210 867 2263 ausurum
903 2188 1212 2263 mittere.
1273 2187 1891 2262 Transsilvanum
1927 2211 2063 2284 per
2105 2209 2188 2260 se
2222 2186 2486 2261 invali-

236 2287 379 2391 dum
447 2315 894 2390 debellatum
951 2314 1059 2389 iri.
1159 2311 1259 2389 At
1313 2315 1503 2389 enim
1558 2312 1835 2411 putatis
1891 2335 2026 2388 vos
2086 2312 2481 2387 distantiae

234 2451 595 2530 terrarum,
644 2446 949 2530 montes,
1045 2439 1365 2521 flumina,
1458 2438 1897 2514 munitiones
1956 2437 2295 2529 urbium,
2350 2460 2480 2532 pa-

236 2574 416 2643 ratus
453 2589 839 2655 armorum,
882 2568 1094 2666 copia
1113 2565 1481 2642 hominum
1519 2561 2007 2642 tutabantur?
2043 2564 2145 2640 Et
2179 2587 2326 2640 non
2365 2588 2482 2641 co·

233 2694 459 2788 gitatis
515 2718 609 2768 ex
646 2694 919 2768 intimis
961 2703 1327 2769 terrarum
1384 2694 1586 2768 orbis
1624 2693 1917 2783 finibus,
1956 2693 2332 2791 perruptis
2392 2716 2483 2768 ac

235 2821 575 2917 superatis
615 2820 963 2894 claustris
1003 2819 1336 2917 Ripheis,
1378 2816 1640 2894 Asiam
1680 2819 1991 2916 primum
2050 2840 2484 2917 occupasse,

238 2943 383 3018 111116
418 2945 490 3018 111
525 2967 784 3019 omnes
843 2945 1087 3019 mundi
1110 2951 1367 3042 partes
1407 2943 1803 3040 serpsisse,
1843 2951 1917 3017 et
1945 2946 2072 3040 jus
2113 2967 2320 3019 suum
2360 2968 2480 3018 ex·

233 3072 552 3161 tendisse,
594 3071 905 3168 deniqne
930 3070 1256 3146 Africam
1298 3095 1387 3146 ac
1406 3093 1751 3167 magnam
1789 3071 2137 3168 Europae
2173 3079 2485 3169 partem,

234 3204 326 3268 tot
343 3200 573 3287 urbeS,
593 3204 706 3271 tot
724 3198 1086 3287 nationes,
1125 3196 1497 3281 totduces.
1537 3204 1646 3270 tot
1667 3220 1888 3291 reges
1909 3197 2489 3303 potentissimos,

234 3322 448 3417 ipsum
485 3324 708 3397 etiam
745 3321 1266 3419 imperatorem
1303 3343 1689 3396 romanum
1729 3322 2151 3396 debellasse
2174 3322 2210 3396 ⁶?
2251 3323 2491 3397 Deum

240 3456 367 3543 opt.
403 3472 587 3523 max.
628 3471 911 3546 precor,
954 3447 1092 3522 hos
1129 3455 1458 3545 penates,
1500 3445 1695 3521 hanc
1730 3447 2069 3544 patriam,
2110 3446 2489 3543 conjuges,

232 3569 512 3665 liberos,
570 3573 960 3649 carissima
1032 3574 1350 3671 pignora
1424 3573 1796 3648 defendat.
1852 3556 2247 3671 Capessite
2303 3595 2485 3668 ergo

223 3700 755 3796 rempublicam,
815 3708 890 3774 et
923 3699 1442 3798 imperatorem
1471 3707 1849 3791 vestrum,
1890 3722 1980 3773 ac
2017 3720 2186 3772 mox
2229 3698 2486 3773 ducem

235 3824 401 3897 votis
420 3825 847 3900 ardentibus
871 3824 1011 3898 diis
1032 3825 1376 3922 propitiis
1399 3824 1810 3921 sequimini.
1855 3825 2183 3900 Decreta
2206 3823 2486 3898 auxilia

234 3946 552 4042 ingentia,
608 3951 937 4049 peditum
974 3949 1205 4024 millia
1242 3951 1407 4042 XL,
1431 3950 1753 4049 equitum
1791 3950 2014 4043 VIII,
2055 3950 2153 4024 ad
2191 3971 2483 4024 menses

239 4081 380 4149 octo
399 4078 770 4173 praesenti
792 4101 1024 4173 anno;
1063 4077 1138 4150 in
1178 4077 1548 4152 biennium
1587 4085 1833 4152 autem
1870 4099 2213 4173 sequens,
2272 4075 2341 4150 si
2377 4074 2485 4148 ita

235 4219 512 4277 necesse
543 4203 659 4296 sit,
702 4202 1074 4277 dimidium
1119 4203 1278 4298 ejus
1319 4202 1578 4276 auxilii
1617 4202 1717 4276 ad
1755 4224 1977 4276 senos
2016 4222 2331 4275 menses.

423 4328 581 4402 Nec
635 4328 873 4402 minus
970 4323 1288 4402 Carolus
1365 4327 1669 4401 Posonii
1763 4325 2056 4400 comitia
2110 4326 2473 4421 agitabat.

236 4442 373 4520 Sed
403 4452 751 4551 principio
808 4451 1067 4550 paucis
1125 4453 1712 4526 consiliariorum
1750 4450 2293 4548 praesentibus,
2336 4472 2482 4523 om·

234 4567 437 4644 nibus
490 4583 728 4650 antem
763 4575 1300 4667 cunctantibus,
1373 4574 1569 4673 quod
1621 4574 1956 4672 auspicia
1992 4580 2467 4668 praesentem
