3293 5219
824 206 933 288 82

825 427 1179 502 libertate
1220 422 1439 514 natis,
1497 423 1758 498 merito
1799 445 1882 498 se
1923 421 2259 518 aliosque
2298 423 2679 524 principes
2716 427 2813 502 ad
2850 425 3073 503 defen·

824 553 1140 630 dendam
1198 563 1347 625 tum
1437 573 1739 625 causam
1778 550 2136 641 Dei,‘tum
2154 551 2448 645 patriae
2486 574 2659 628 esse
2734 555 3073 629 excitatos

823 688 1043 775 atque
1067 678 1513 769 stimulatos,
1552 700 1648 752 ne
1685 683 2047 773 perpetua
2109 675 2458 771 ignaviae
2496 679 2826 771 infamia,
2869 677 3074 756 aliam

823 828 1041 903 quam
1114 804 1262 903 ipsi
1337 804 1431 878 ab
1471 799 1881 896 majoribus
1921 799 2409 899 accepissent,
2485 805 2805 900 patriam
2842 814 3068 903 poste-

815 930 922 1006 ris
982 930 1139 1037 suis
1195 928 1598 1004 traderent.
1661 924 1942 1000 Omnes
1999 948 2202 1021 erge,
2262 928 2388 1023 qui
2464 936 2744 1004 tantum
2802 955 3068 1026 germa-

811 1058 958 1131 nici
1015 1056 1165 1132 sint
1199 1053 1539 1145 nominis,
1571 1075 1743 1128 sese
1766 1061 2044 1151 petere,
2074 1061 2154 1128 ut
2191 1053 2336 1129 sibi
2373 1055 2651 1129 auxilio
2692 1056 2863 1149 sint,
2898 1079 3066 1130 com-

811 1205 1097 1257 munem
1170 1180 1462 1280 patriae
1576 1201 1879 1254 causam
1971 1178 2470 1256 communibus
2531 1180 2815 1256 viribus
2854 1182 3065 1258 susci-

811 1308 1020 1405 piant
1075 1315 1296 1405 atque
1356 1305 1776 1396 defendant,
1815 1325 2055 1400 neque
2114 1303 2261 1378 sibi
2313 1306 2437 1380 vel
2491 1305 3064 1404 impedimentum

808 1433 1037 1508 ullum
1094 1433 1515 1531 quisquam,
1574 1453 1761 1506 neve
1855 1429 2199 1505 hostibus
2275 1432 2630 1508 auxilium
2685 1434 3063 1530 qualecun-

807 1581 948 1655 que
984 1559 1370 1657 praebeat,
1410 1582 1579 1632 nam
1618 1579 1702 1631 se
1740 1557 1933 1630 tales
1993 1578 2128 1652 pro
2173 1552 2516 1633 hostibus
2554 1558 2966 1634 habituros.

1022 1683 1415 1758 Mauritius
1438 1680 1878 1780 praemissa,
1901 1688 1979 1755 ut
2011 1681 2347 1772 diximus,
2369 1681 2765 1778 legatione,
2795 1687 3058 1759 exerci-

801 1818 1026 1906 tuque
1060 1812 1218 1907 ι111111
1248 1817 1534 1907 paratO,
1578 1807 2040 1906 principibus
2080 1809 2534 1906 regibusque
2571 1810 2648 1884 in
2681 1811 2944 1886 foedus
2979 1836 3060 1886 ac

802 1936 1238 2012 societatem
1278 1936 1624 2032 receptiS,
1666 1933 2150 2031 omnibusque
2183 1936 2576 2034 praevisis,
2617 1960 2809 2034 quae
2848 1939 3055 2012 etiam

796 2063 1112 2138 maximo
1190 2071 1264 2138 61
1317 2063 1540 2158 longo
1633 2060 1833 2135 bello
1896 2068 2395 2158 suppeterent,
2487 2063 2670 2137 nihil
2745 2063 3051 2162 amplius

799 2188 1283 2264 cunctandum
1321 2195 1550 2276 ratus,
1593 2186 1807 2259 domo
1863 2186 2246 2283 profectus
2287 2186 2522 2283 primo
2598 2189 2850 2263 statim
2889 2213 3054 2263 vere

798 2316 1202 2392 exercitum
1279 2314 1543 2390 educit.
1620 2311 1857 2387 Paulo
1970 2320 2143 2410 post
2237 2309 2654 2387 Gulielmus
2729 2313 3051 2413 Philippi

793 2438 1191 2535 landgrafii
1227 2440 1449 2528 filius,
1476 2448 1549 2514 et
1586 2439 1761 2514 item
1803 2437 2160 2514 Albertus
2199 2439 2853 2536 Brandeburgicus
2890 2464 3050 2515 sese

794 2567 1269 2662 conjungunt,
1328 2589 1489 2641 cum
1529 2565 1686 2640 suis
1708 2573 1859 2640 tum
1881 2566 2207 2663 peditum
2243 2572 2395 2640 tum
2435 2565 2760 2663 equitum
2799 2568 3051 2664 copiis,

793 2713 1228 2788 quacunque
1265 2691 1670 2766 transirent
1691 2692 1966 2790 oppida
2002 2716 2092 2767 ac
2129 2692 2472 2767 civitates
2509 2693 2584 2766 in
2625 2695 3047 2770 societatem

792 2814 1218 2911 adigebant,
1275 2825 1349 2891 61
1385 2817 1500 2907 iis,
1559 2840 1745 2914 quos
1803 2842 2066 2893 caesar
2124 2826 2346 2895 antea
2386 2818 2790 2915 delegerat,
2834 2819 3045 2894 abro-

790 2941 1009 3051 gatis,
1048 2965 1314 3019 novum
1337 2944 1788 3018 constituunt
1826 2945 2364 3040 magistratum,
2405 2945 2624 3020 simul
2661 2946 3042 3043 pecuniam

785 3064 940 3140 illis
977 3066 1343 3165 imperant
1378 3076 1452 3143 et
1489 3076 1872 3143 tormenta.
1915 3069 2262 3166 Augusta
2282 3079 2837 3168 peropportuna
2874 3070 3042 3144 civi-

784 3200 901 3266 tas
957 3194 1328 3290 praesidio
1387 3195 1716 3270 caesaris
1797 3196 2228 3288 tenebatur,
2286 3196 2453 3270 ideo
2516 3219 2604 3270 eo
2667 3195 3042 3272 adducunt

784 3319 1205 3412 exercitum,
1246 3330 1320 3396 61
1358 3331 1621 3419 quarto
1665 3323 1784 3397 die
1822 3345 1956 3420 per
1997 3322 2440 3399 deditionem
2479 3323 2802 3419 capiunt,
2840 3324 3036 3398 facta

782 3445 1257 3521 caesareanis
1296 3446 1636 3540 abeundi,
1682 3469 1824 3544 quo
1863 3449 2160 3538 vellent,
2200 3454 2592 3545 potestate.
2650 3448 2771 3522 Ibi
2807 3456 3033 3523 muta-

779 3568 878 3644 tis
921 3572 1506 3667 magistratibus,
1559 3596 1744 3669 quos
1795 3596 2058 3648 caesar
2099 3581 2508 3665 creaverat,
2547 3581 2622 3649 et
2659 3575 3031 3650 veteribus

777 3698 1142 3773 restitutis
1183 3753 1200 3790 ,
1274 3698 1803 3796 rempublicam
1913 3699 2240 3773 libertati
2349 3698 2716 3797 pristinae
2825 3699 3031 3774 resti-

773 3829 1002 3906 tuunt,
1068 3846 1157 3899 ac
1231 3822 1573 3899 doctores
1652 3821 2024 3921 evangelii
2097 3846 2235 3923 per
2290 3848 2673 3900 caesarem
2757 3827 3028 3922 ejectos

771 3956 1143 4025 revocant.
1242 3947 1537 4026 Ulmam
1597 3949 1862 4024 deinde
1952 3955 2233 4046 petunt,
2311 3970 2502 4045 quae
2541 3950 2717 4046 quia
2770 3949 3026 4026 foedus

766 4083 1172 4165 recusaret,
1220 4082 1295 4150 et
1329 4073 1717 4150 tormentis
1775 4097 1868 4149 ex
1926 4073 2226 4148 civitate
2263 4081 2713 4170 peterentur,
2771 4075 2849 4149 in
2886 4096 3012 4149 eos

767 4199 1111 4274 hostilem
1165 4199 1240 4274 111
1299 4200 1587 4275 111οᾶ11111
1628 4206 1879 4293 agunt,
1937 4199 2261 4273 incensis
2319 4205 2394 4273 61
2451 4199 2763 4298 direptis
2819 4200 3017 4274 villis

764 4324 1223 4414 ulmensium,
1262 4324 1637 4421 aliquibus
1715 4325 2011 4423 oppidis
2049 4325 2365 4422 pecunia
2402 4326 2755 4401 multatis.
2835 4325 3009 4401 Gal-

764 4448 910 4522 liae
948 4471 1083 4523 rex
1122 4448 1413 4523 interim
1451 4450 1735 4545 ingenti
1794 4474 1953 4525 cum
1994 4450 2328 4525 exercitu
2363 4473 2843 4548 progressus,
2880 4453 3007 4527 ali-
