3293 5219
2356 312 2507 390 149

249 528 466 596 nocte
505 522 843 599 ecastris
880 523 1332 600 discesserat
1350 520 1459 620 *);
1502 525 1671 601 ideo
1710 526 1942 617 miles,
1975 530 2098 626 qui
2121 529 2378 608 ducum
2398 533 2504 608 in-

245 649 466 724 scitia
505 650 747 726 victus
775 661 956 745 erat,
977 653 1169 728 hunc
1222 653 1459 728 solum
1518 653 1893 730 clamabat
1911 680 2002 731 ac
2058 660 2501 755 quaerebat3

248 800 425 851 nam
466 775 776 854 ducibus
814 779 1072 877 primis
1091 779 1166 855 in
1202 779 1455 876 fugam
1513 780 1923 875 conversis,
1996 782 2210 858 miles
2251 783 2505 861 ducem

245 905 576 1003 aliquem
615 905 1272 1006 circumspiciebat,
1295 913 1370 982 et
1388 906 1705 982 maxime
1743 929 1928 1002 eum,
1967 932 2183 1006 quem
2221 911 2506 1010 lingva-

244 1056 409 1110 rum
447 1034 740 1134 peritia,
781 1035 966 1110 artis
1004 1032 1348 1110 militaris
1388 1033 1721 1129 scientia,
1761 1036 2220 1131 auctoritate,
2255 1035 2502 1117 huma-

239 1164 508 1254 nitate,
547 1161 934 1259 plurimum
973 1162 1226 1237 valere
1264 1161 1569 1237 sciebat.
1628 1160 1779 1237 Sed
1804 1164 1962 1259 jam
2018 1161 2322 1241 duarum
2359 1165 2507 1242 Va·-

240 1288 662 1366 lachiarum
736 1287 1110 1387 principes
1175 1287 1249 1362 in
1327 1287 1740 1385 Ungariam
1797 1298 2324 1387 pervenerant3
2382 1293 2508 1389 qui

242 1418 473 1492 ambo
492 1417 572 1490 in
611 1415 880 1491 castris
910 1414 1407 1514 quadraginta
1426 1416 1659 1493 millia
1678 1415 2049 1494 hominum
2086 1418 2503 1495 habebant:

236 1543 434 1622 nihil
454 1553 706 1621 tamen
725 1544 995 1620 hostile
1016 1545 1346 1620 fecerunt
1368 1546 1542 1637 ,nisi
1560 1544 1757 1643 quod
1776 1544 2125 1643 oppidum
2145 1553 2220 1622 et
2240 1549 2505 1623 castel-

242 1677 403 1750 lum
462 1670 771 1762 Bathor,
830 1668 1180 1745 Andreae
1235 1671 1520 1770 Batory
1559 1669 2132 1768 conflagrarunt,
2173 1681 2247 1750 et
2281 1673 2507 1751 homi·

241 1801 474 1876 nibus
495 1798 829 1896 exceptis
870 1797 1342 1896 diripuerunt.
1401 1799 1519 1873 Ita
1555 1797 1819 1894 regina
1837 1819 2127 1896 quoque
2179 1801 2508 1878 Isabella

244 1951 416 2004 cum
454 1925 610 2001 filio
649 1926 725 1999 in
763 1926 1409 2001 Transsilvaniam
1482 1925 1856 2024 proficisci
1892 1925 2236 2021 decrevit,
2274 1929 2508 2028 copiis

244 2052 738 2131 caesareanis
755 2052 968 2128 foede
1009 2051 1414 2151 dissipatis,
1435 2060 1547 2128 tot
1585 2052 2035 2130 exercitibus
2069 2056 2506 2156 inpromptu

243 2180 791 2259 exsistentibus
831 2187 1029 2254 metu
1067 2180 1261 2256 omni
1301 2182 1616 2276 sublate,
1640 2179 1836 2278 quod
1875 2183 2038 2279 ejus
2074 2180 2393 2280 amplius
2430 2184 2504 2260 in

245 2332 569 2406 regnum
677 2306 1067 2403 ingressus
1157 2307 1515 2406 impedire
1643 2315 1926 2406 posset.
1997 2310 2261 2407 Itaque
2345 2331 2505 2386 cum

253 2434 689 2536 quingentis
709 2433 1081 2532 equitibus
1101 2435 1559 2533 etpeditibus
1579 2435 2138 2533 quadringentis
2149 2436 2510 2534 polonicis

244 2565 448 2641 viam
487 2562 938 2660 ingreditur-3
1013 2563 1128 2638 cui
1155 2564 1340 2641 fines
1378 2563 1791 2659 ingressae,
1847 2583 2198 2659 proceres
2248 2561 2506 2663 Unga-

244 2693 412 2771 riae
452 2690 749 2767 obviam
786 2689 1213 2788 procedunt.
1253 2691 1532 2767 Eorum
1588 2689 2031 2766 Polonorum
2091 2696 2311 2786 atque
2356 2689 2510 2779 Unt

246 2843 607 2921 garorum
627 2827 843 2918 parte
880 2842 1126 2895 secum
1148 2828 1550 2918 assumpta,
1591 2818 1918 2917 reliquos
1954 2818 2311 2916 bipartito
2332 2818 2510 2894 divi-

248 2951 385 3042 dit,
425 2954 864 3048 partemque
904 2946 1088 3020 duce
1145 2944 1447 3022 Andrea
1503 2946 1790 3045 Batory
1829 2945 1920 3020 de
1942 2941 2221 3020 Somlio
2262 2944 2356 3019 ad
2377 2945 2508 3019 ob-

248 3075 620 3154 sidionem
657 3074 857 3150 Hust
936 3073 1342 3171 urgendam
1398 3072 1636 3163 mittit,
1695 3081 1982 3172 partem
2022 3070 2509 3146 Waradinum

254 3202 509 3282 acrius
586 3200 1178 3301 oppugnandum.
1235 3203 1419 3300 Ipsa
1472 3223 1654 3276 vero
1711 3200 1786 3276 in
1861 3197 2505 3274 Transsilvaniam

250 3353 546 3407 summo
603 3327 917 3403 omnium
992 3326 1235 3403 studio
1312 3352 1402 3403 ac
1449 3326 1736 3404 laetitia
1788 3325 2147 3425 pervenit.
2205 3324 2509 3400 Interim

252 3457 483 3534 Dobo
562 3454 868 3531 crebras
945 3454 1041 3529 ad
1096 3455 1648 3531 Ferdinandum
1720 3454 2011 3530 litteras
2086 3450 2353 3543 dabat,
2413 3451 2511 3525 ad

251 3607 447 3685 quas
485 3583 595 3659 ita
636 3582 1159 3681 respondebat,
1216 3591 1295 3659 ut
1349 3605 1557 3682 spem
1631 3583 1845 3657 daret
1881 3578 2321 3656 auxiliorum
2359 3596 2508 3654 ma-

252 3713 553 3803 ximam,
576 3708 840 3784 deinde
876 3708 1279 3800 mandaret,
1333 3716 1413 3785 ut
1464 3707 1869 3784 fortissime
1905 3709 2504 3805 propugnarent:

257 3840 465 3915 illinc
523 3835 843 3934 scriptis,
905 3835 1077 3911 hinc
1151 3858 1304 3934 spe,
1364 3831 1488 3910 diu
1543 3832 1833 3910 obsidio
1918 3837 2335 3906 sustentata
2371 3836 2508 3921 est,

254 3968 495 4043 donec
608 3964 963 4057 Isabella,
1026 3963 1221 4061 qnod
1292 3963 1531 4062 ipsum
1581 3964 1740 4059 jam
1815 3958 2138 4035 autumni
2212 3965 2499 4054 tempus

258 4102 441 4186 erat,
482 4088 806 4168 advenit.
847 4093 1039 4167 Tum
1079 4112 1257 4167 vero
1295 4112 1502 4189 spem
1531 4111 1822 4187 quoque
1843 4086 2264 4161 amiserunt.
2307 4081 2511 4159 Scie-

449 4492 512 4563 4ι’ῧ)
540 4486 807 4564 Forgaeh
828 4487 884 4544 S.
906 4491 1213 4561 jegyzete:
1266 4488 1356 4544 De
1377 4485 1507 4559 meg
1544 4504 1615 4542 az
1660 4482 1828 4540 torel:
1853 4483 1902 4537 is
1928 4478 2231 4553 magyarul
2257 4482 2351 4534 azt
2374 4471 2518 4536 kinil-

262 4588 445 4640 totta:
481 4582 651 4637 nincs
678 4586 843 4644 mast,
880 4580 1071 4646 mend,
1100 4579 1173 4637 itt
1217 4574 1478 4653 For-gach
1518 4576 1730 4635 Simon.
