<?xml version="1.0" encoding="UTF-8"?>
<!DOCTYPE html PUBLIC "-//W3C//DTD XHTML 1.0 Transitional//EN"
    "http://www.w3.org/TR/xhtml1/DTD/xhtml1-transitional.dtd">
<html xmlns="http://www.w3.org/1999/xhtml" xml:lang="en" lang="en">
 <head>
  <title>
</title>
<meta http-equiv="Content-Type" content="text/html;charset=utf-8" />
  <meta name='ocr-system' content='tesseract 3.04.00' />
  <meta name='ocr-capabilities' content='ocr_page ocr_carea ocr_par ocr_line ocrx_word'/>
</head>
<body>
  <div class='ocr_page' id='page_1' title='image "./magyarhistorija00bpgoog/magyarhistorija00bpgoog_0333.png"; bbox 0 0 3293 5219; ppageno 0'>
   <div class='ocr_carea' id='block_1_1' title="bbox 473 1437 2212 1537">
    <p class='ocr_par' dir='ltr' id='par_1_1' title="bbox 473 1437 2212 1537">
     <span class='ocr_line' id='line_1_1' title="bbox 473 1437 2212 1537; baseline 0.002 -4"><span class='ocrx_word' id='word_1_1' title='bbox 473 1437 1011 1535; x_wconf 83' lang='lat' dir='ltr'>LIBER</span> <span class='ocrx_word' id='word_1_2' title='bbox 1120 1438 2212 1537; x_wconf 84' lang='lat' dir='ltr'><strong>UNDECIMUS.</strong></span> 
     </span>
    </p>
   </div>
   <div class='ocr_carea' id='block_1_2' title="bbox 1202 1741 1515 1748">
    <p class='ocr_par' dir='ltr' id='par_1_2' title="bbox 1202 1741 1515 1748">
     <span class='ocr_line' id='line_1_2' title="bbox 1202 1741 1515 1748; baseline 0.003 -1"><span class='ocrx_word' id='word_1_3' title='bbox 1202 1741 1515 1748; x_wconf 71' lang='lat'>———-——</span> 
     </span>
    </p>
   </div>
   <div class='ocr_carea' id='block_1_3' title="bbox 200 1916 2464 4662">
    <p class='ocr_par' dir='ltr' id='par_1_3' title="bbox 200 1916 2464 4662">
     <span class='ocr_line' id='line_1_3' title="bbox 429 1916 2461 2016; baseline 0.002 -20"><span class='ocrx_word' id='word_1_4' title='bbox 429 1919 1051 2013; x_wconf 82' lang='lat' dir='ltr'><strong>Quemadmodum</strong></span> <span class='ocrx_word' id='word_1_5' title='bbox 1090 1916 1541 2016; x_wconf 86' lang='lat' dir='ltr'><strong>Solymanus</strong></span> <span class='ocrx_word' id='word_1_6' title='bbox 1586 1921 2130 2016; x_wconf 81' lang='lat' dir='ltr'><strong>expeditionem</strong></span> <span class='ocrx_word' id='word_1_7' title='bbox 2168 1924 2244 1998; x_wconf 92' lang='lat' dir='ltr'><strong>in</strong></span> <span class='ocrx_word' id='word_1_8' title='bbox 2282 1922 2461 2000; x_wconf 87' lang='lat' dir='ltr'><strong>Per-</strong></span> 
     </span>
     <span class='ocr_line' id='line_1_4' title="bbox 235 2046 2464 2145; baseline 0.002 -24"><span class='ocrx_word' id='word_1_9' title='bbox 235 2069 349 2121; x_wconf 85' lang='lat' dir='ltr'><strong>sas</strong></span> <span class='ocrx_word' id='word_1_10' title='bbox 416 2046 746 2139; x_wconf 88' lang='lat' dir='ltr'><strong>moverit,</strong></span> <span class='ocrx_word' id='word_1_11' title='bbox 805 2055 879 2122; x_wconf 89' lang='lat' dir='ltr'><strong>et</strong></span> <span class='ocrx_word' id='word_1_12' title='bbox 969 2067 1229 2143; x_wconf 88' lang='lat' dir='ltr'><strong>pacem</strong></span> <span class='ocrx_word' id='word_1_13' title='bbox 1302 2046 1585 2138; x_wconf 85' lang='lat' dir='ltr'><strong>fecerit,</strong></span> <span class='ocrx_word' id='word_1_14' title='bbox 1682 2046 2160 2145; x_wconf 88' lang='lat' dir='ltr'><strong>Mustapham</strong></span> <span class='ocrx_word' id='word_1_15' title='bbox 2236 2049 2464 2125; x_wconf 90' lang='lat' dir='ltr'><strong>filium</strong></span> 
     </span>
     <span class='ocr_line' id='line_1_5' title="bbox 232 2169 2463 2268; baseline 0.001 -20"><span class='ocrx_word' id='word_1_16' title='bbox 232 2175 628 2267; x_wconf 80' lang='lat' dir='ltr'><strong>sustulerit,</strong></span> <span class='ocrx_word' id='word_1_17' title='bbox 727 2169 1165 2268; x_wconf 81' lang='lat' dir='ltr'><strong>Giehanger</strong></span> <span class='ocrx_word' id='word_1_18' title='bbox 1242 2172 1469 2246; x_wconf 85' lang='lat' dir='ltr'><strong>vitam</strong></span> <span class='ocrx_word' id='word_1_19' title='bbox 1562 2172 1873 2265; x_wconf 90' lang='lat' dir='ltr'><strong>finierit,</strong></span> <span class='ocrx_word' id='word_1_20' title='bbox 1951 2174 2247 2250; x_wconf 87' lang='lat' dir='ltr'><strong>tandem</strong></span> <span class='ocrx_word' id='word_1_21' title='bbox 2321 2176 2463 2250; x_wconf 85' lang='lat' dir='ltr'><strong>Ba-</strong></span> 
     </span>
     <span class='ocr_line' id='line_1_6' title="bbox 218 2296 2459 2397; baseline 0.001 -23"><span class='ocrx_word' id='word_1_22' title='bbox 218 2300 449 2393; x_wconf 83' lang='lat' dir='ltr'><strong>jazeto</strong></span> <span class='ocrx_word' id='word_1_23' title='bbox 490 2307 713 2397; x_wconf 88' lang='lat' dir='ltr'><strong>atque</strong></span> <span class='ocrx_word' id='word_1_24' title='bbox 752 2296 1035 2374; x_wconf 83' lang='lat' dir='ltr'><strong>Selimo</strong></span> <span class='ocrx_word' id='word_1_25' title='bbox 1070 2298 1493 2396; x_wconf 85' lang='lat' dir='ltr'><strong>provincias</strong></span> <span class='ocrx_word' id='word_1_26' title='bbox 1544 2298 2033 2391; x_wconf 88' lang='lat' dir='ltr'><strong>distribuerit,</strong></span> <span class='ocrx_word' id='word_1_27' title='bbox 2075 2300 2187 2374; x_wconf 92' lang='lat' dir='ltr'><strong>illi</strong></span> <span class='ocrx_word' id='word_1_28' title='bbox 2227 2322 2459 2376; x_wconf 92' lang='lat' dir='ltr'><strong>remo-</strong></span> 
     </span>
     <span class='ocr_line' id='line_1_7' title="bbox 228 2424 2459 2522; baseline 0.001 -23"><span class='ocrx_word' id='word_1_29' title='bbox 228 2432 380 2512; x_wconf 83' lang='lat' dir='ltr'><strong>tam,</strong></span> <span class='ocrx_word' id='word_1_30' title='bbox 450 2425 622 2501; x_wconf 92' lang='lat' dir='ltr'><strong>huic</strong></span> <span class='ocrx_word' id='word_1_31' title='bbox 715 2448 891 2502; x_wconf 85' lang='lat' dir='ltr'><strong>vero</strong></span> <span class='ocrx_word' id='word_1_32' title='bbox 960 2424 1491 2522; x_wconf 87' lang='lat' dir='ltr'><strong>propinquam,</strong></span> <span class='ocrx_word' id='word_1_33' title='bbox 1570 2425 1911 2522; x_wconf 89' lang='lat' dir='ltr'><strong>superius</strong></span> <span class='ocrx_word' id='word_1_34' title='bbox 1968 2427 2459 2502; x_wconf 74' lang='lat' dir='ltr'><strong>narravimus,</strong></span> 
     </span>
     <span class='ocr_line' id='line_1_8' title="bbox 225 2550 2455 2650; baseline 0 -23"><span class='ocrx_word' id='word_1_35' title='bbox 225 2551 384 2628; x_wconf 90' lang='lat' dir='ltr'><strong>Ideo</strong></span> <span class='ocrx_word' id='word_1_36' title='bbox 461 2554 674 2629; x_wconf 92' lang='lat' dir='ltr'><strong>simul</strong></span> <span class='ocrx_word' id='word_1_37' title='bbox 752 2553 970 2628; x_wconf 87' lang='lat' dir='ltr'><strong>etiam</strong></span> <span class='ocrx_word' id='word_1_38' title='bbox 1050 2560 1351 2650; x_wconf 87' lang='lat' dir='ltr'><strong>apertas</strong></span> <span class='ocrx_word' id='word_1_39' title='bbox 1424 2551 1845 2628; x_wconf 86' lang='lat' dir='ltr'><strong>inimicitias</strong></span> <span class='ocrx_word' id='word_1_40' title='bbox 1923 2574 2083 2629; x_wconf 88' lang='lat' dir='ltr'><strong>cum</strong></span> <span class='ocrx_word' id='word_1_41' title='bbox 2180 2550 2455 2630; x_wconf 83' lang='lat' dir='ltr'><strong>Selimo</strong></span> 
     </span>
     <span class='ocr_line' id='line_1_9' title="bbox 219 2676 2447 2779; baseline 0 -25"><span class='ocrx_word' id='word_1_42' title='bbox 219 2682 546 2779; x_wconf 78' lang='lat' dir='ltr'><strong>suscepit.</strong></span> <span class='ocrx_word' id='word_1_43' title='bbox 589 2678 709 2755; x_wconf 87' lang='lat' dir='ltr'><strong>Ad</strong></span> <span class='ocrx_word' id='word_1_44' title='bbox 748 2703 912 2755; x_wconf 91' lang='lat' dir='ltr'><strong>eum</strong></span> <span class='ocrx_word' id='word_1_45' title='bbox 954 2676 1403 2777; x_wconf 84' lang='lat' dir='ltr'><strong>Solymanus</strong></span> <span class='ocrx_word' id='word_1_46' title='bbox 1443 2679 1890 2776; x_wconf 84' lang='lat' dir='ltr'><strong>legationem</strong></span> <span class='ocrx_word' id='word_1_47' title='bbox 1910 2680 2140 2775; x_wconf 88' lang='lat' dir='ltr'><strong>misit;</strong></span> <span class='ocrx_word' id='word_1_48' title='bbox 2181 2680 2447 2779; x_wconf 87' lang='lat' dir='ltr'><strong>quodsi</strong></span> 
     </span>
     <span class='ocr_line' id='line_1_10' title="bbox 220 2803 2456 2896; baseline 0 -17"><span class='ocrx_word' id='word_1_49' title='bbox 220 2806 535 2882; x_wconf 89' lang='lat' dir='ltr'><strong>nimirum</strong></span> <span class='ocrx_word' id='word_1_50' title='bbox 629 2808 703 2880; x_wconf 91' lang='lat' dir='ltr'><strong>in</strong></span> <span class='ocrx_word' id='word_1_51' title='bbox 780 2829 861 2880; x_wconf 91' lang='lat' dir='ltr'><strong>se</strong></span> <span class='ocrx_word' id='word_1_52' title='bbox 941 2807 1316 2896; x_wconf 82' lang='lat' dir='ltr'><strong>stetisset,</strong></span> <span class='ocrx_word' id='word_1_53' title='bbox 1412 2806 1830 2881; x_wconf 89' lang='lat' dir='ltr'><strong>Mehemeto</strong></span> <span class='ocrx_word' id='word_1_54' title='bbox 1905 2803 2220 2881; x_wconf 86' lang='lat' dir='ltr'><strong>filiorum</strong></span> <span class='ocrx_word' id='word_1_55' title='bbox 2279 2813 2456 2880; x_wconf 87' lang='lat' dir='ltr'><strong>natu</strong></span> 
     </span>
     <span class='ocr_line' id='line_1_11' title="bbox 218 2933 2448 3031; baseline 0 -25"><span class='ocrx_word' id='word_1_56' title='bbox 218 2936 460 3031; x_wconf 87' lang='lat' dir='ltr'><strong>majori</strong></span> <span class='ocrx_word' id='word_1_57' title='bbox 550 2934 986 3011; x_wconf 89' lang='lat' dir='ltr'><strong>traditurum</strong></span> <span class='ocrx_word' id='word_1_58' title='bbox 1079 2933 1313 3009; x_wconf 80' lang='lat' dir='ltr'><strong>fuisse</strong></span> <span class='ocrx_word' id='word_1_59' title='bbox 1386 2934 1811 3031; x_wconf 78' lang='lat' dir='ltr'><strong>imperium3</strong></span> <span class='ocrx_word' id='word_1_60' title='bbox 1889 2941 1967 3008; x_wconf 88' lang='lat' dir='ltr'><strong>at</strong></span> <span class='ocrx_word' id='word_1_61' title='bbox 2030 2935 2221 3010; x_wconf 90' lang='lat' dir='ltr'><strong>hunc</strong></span> <span class='ocrx_word' id='word_1_62' title='bbox 2292 2934 2448 3007; x_wconf 85' lang='lat' dir='ltr'><strong>fato</strong></span> 
     </span>
     <span class='ocr_line' id='line_1_12' title="bbox 217 3057 2455 3159; baseline 0 -26"><span class='ocrx_word' id='word_1_63' title='bbox 217 3081 336 3135; x_wconf 95' lang='lat' dir='ltr'><strong>suo</strong></span> <span class='ocrx_word' id='word_1_64' title='bbox 393 3057 675 3159; x_wconf 83' lang='lat' dir='ltr'><strong>pridem</strong></span> <span class='ocrx_word' id='word_1_65' title='bbox 731 3060 1101 3152; x_wconf 74' lang='lat' dir='ltr'><strong>functum,</strong></span> <span class='ocrx_word' id='word_1_66' title='bbox 1143 3057 1618 3154; x_wconf 86' lang='lat' dir='ltr'><strong>Mustapham</strong></span> <span class='ocrx_word' id='word_1_67' title='bbox 1677 3079 1812 3154; x_wconf 87' lang='lat' dir='ltr'><strong>pro</strong></span> <span class='ocrx_word' id='word_1_68' title='bbox 1873 3058 2111 3131; x_wconf 86' lang='lat' dir='ltr'><strong>salute</strong></span> <span class='ocrx_word' id='word_1_69' title='bbox 2166 3057 2455 3155; x_wconf 91' lang='lat' dir='ltr'><strong>imperii</strong></span> 
     </span>
     <span class='ocr_line' id='line_1_13' title="bbox 213 3181 2439 3282; baseline 0 -24"><span class='ocrx_word' id='word_1_70' title='bbox 213 3187 587 3281; x_wconf 89' lang='lat' dir='ltr'><strong>sublatum,</strong></span> <span class='ocrx_word' id='word_1_71' title='bbox 628 3181 1178 3282; x_wconf 80' lang='lat' dir='ltr'><strong>Giehengerum</strong></span> <span class='ocrx_word' id='word_1_72' title='bbox 1237 3190 1617 3273; x_wconf 88' lang='lat' dir='ltr'><strong>mortuum,</strong></span> <span class='ocrx_word' id='word_1_73' title='bbox 1695 3183 1877 3257; x_wconf 90' lang='lat' dir='ltr'><strong>duos</strong></span> <span class='ocrx_word' id='word_1_74' title='bbox 1914 3184 2197 3258; x_wconf 86' lang='lat' dir='ltr'><strong>tantum</strong></span> <span class='ocrx_word' id='word_1_75' title='bbox 2234 3183 2439 3280; x_wconf 89' lang='lat' dir='ltr'><strong>ipsos</strong></span> 
     </span>
     <span class='ocr_line' id='line_1_14' title="bbox 212 3307 2445 3408; baseline 0 -24"><span class='ocrx_word' id='word_1_76' title='bbox 212 3312 278 3384; x_wconf 90' lang='lat' dir='ltr'><strong>in</strong></span> <span class='ocrx_word' id='word_1_77' title='bbox 311 3313 501 3388; x_wconf 82' lang='lat' dir='ltr'><strong>vivis</strong></span> <span class='ocrx_word' id='word_1_78' title='bbox 559 3335 748 3389; x_wconf 90' lang='lat' dir='ltr'><strong>esse.</strong></span> <span class='ocrx_word' id='word_1_79' title='bbox 791 3310 892 3387; x_wconf 87' lang='lat' dir='ltr'><strong>Se</strong></span> <span class='ocrx_word' id='word_1_80' title='bbox 949 3332 1130 3408; x_wconf 84' lang='lat' dir='ltr'><strong>ergo</strong></span> <span class='ocrx_word' id='word_1_81' title='bbox 1188 3317 1464 3408; x_wconf 89' lang='lat' dir='ltr'><strong>petere,</strong></span> <span class='ocrx_word' id='word_1_82' title='bbox 1524 3316 1598 3383; x_wconf 91' lang='lat' dir='ltr'><strong>et</strong></span> <span class='ocrx_word' id='word_1_83' title='bbox 1636 3307 2075 3383; x_wconf 85' lang='lat' dir='ltr'><strong>auctoritate</strong></span> <span class='ocrx_word' id='word_1_84' title='bbox 2131 3316 2445 3405; x_wconf 88' lang='lat' dir='ltr'><strong>paterna</strong></span> 
     </span>
     <span class='ocr_line' id='line_1_15' title="bbox 215 3432 2450 3537; baseline -0.001 -26"><span class='ocrx_word' id='word_1_85' title='bbox 215 3436 612 3537; x_wconf 86' lang='lat' dir='ltr'><strong>injungere,</strong></span> <span class='ocrx_word' id='word_1_86' title='bbox 675 3447 754 3513; x_wconf 90' lang='lat' dir='ltr'><strong>ut</strong></span> <span class='ocrx_word' id='word_1_87' title='bbox 806 3460 1067 3535; x_wconf 87' lang='lat' dir='ltr'><strong>pacem</strong></span> <span class='ocrx_word' id='word_1_88' title='bbox 1109 3435 1343 3529; x_wconf 79' lang='lat' dir='ltr'><strong>colat3</strong></span> <span class='ocrx_word' id='word_1_89' title='bbox 1406 3442 1730 3510; x_wconf 88' lang='lat' dir='ltr'><strong>ceterum</strong></span> <span class='ocrx_word' id='word_1_90' title='bbox 1802 3432 2209 3530; x_wconf 90' lang='lat' dir='ltr'><strong>imperium,</strong></span> <span class='ocrx_word' id='word_1_91' title='bbox 2269 3433 2450 3508; x_wconf 88' lang='lat' dir='ltr'><strong>divi-</strong></span> 
     </span>
     <span class='ocr_line' id='line_1_16' title="bbox 212 3554 2456 3656; baseline -0.001 -21"><span class='ocrx_word' id='word_1_92' title='bbox 212 3585 364 3638; x_wconf 91' lang='lat' dir='ltr'><strong>num</strong></span> <span class='ocrx_word' id='word_1_93' title='bbox 400 3585 694 3656; x_wconf 90' lang='lat' dir='ltr'><strong>munus,</strong></span> <span class='ocrx_word' id='word_1_94' title='bbox 736 3589 781 3638; x_wconf 87' lang='lat' dir='ltr'><strong>a</strong></span> <span class='ocrx_word' id='word_1_95' title='bbox 818 3562 986 3637; x_wconf 93' lang='lat' dir='ltr'><strong>Deo</strong></span> <span class='ocrx_word' id='word_1_96' title='bbox 1025 3562 1341 3636; x_wconf 84' lang='lat' dir='ltr'><strong>maximo</strong></span> <span class='ocrx_word' id='word_1_97' title='bbox 1382 3565 1790 3656; x_wconf 82' lang='lat' dir='ltr'><strong>exspectet.</strong></span> <span class='ocrx_word' id='word_1_98' title='bbox 1833 3554 1984 3631; x_wconf 82' lang='lat' dir='ltr'><strong>Sed</strong></span> <span class='ocrx_word' id='word_1_99' title='bbox 2021 3579 2167 3631; x_wconf 91' lang='lat' dir='ltr'><strong>non</strong></span> <span class='ocrx_word' id='word_1_100' title='bbox 2224 3558 2456 3633; x_wconf 85' lang='lat' dir='ltr'><strong>valuit</strong></span> 
     </span>
     <span class='ocr_line' id='line_1_17' title="bbox 208 3681 2448 3783; baseline -0.003 -21"><span class='ocrx_word' id='word_1_101' title='bbox 208 3696 508 3783; x_wconf 85' lang='lat' dir='ltr'><strong>paterna</strong></span> <span class='ocrx_word' id='word_1_102' title='bbox 546 3689 950 3763; x_wconf 85' lang='lat' dir='ltr'><strong>auctoritas</strong></span> <span class='ocrx_word' id='word_1_103' title='bbox 991 3687 1085 3761; x_wconf 89' lang='lat' dir='ltr'><strong>ad</strong></span> <span class='ocrx_word' id='word_1_104' title='bbox 1124 3685 1529 3762; x_wconf 86' lang='lat' dir='ltr'><strong>sedandam</strong></span> <span class='ocrx_word' id='word_1_105' title='bbox 1567 3684 1641 3756; x_wconf 92' lang='lat' dir='ltr'><strong>in</strong></span> <span class='ocrx_word' id='word_1_106' title='bbox 1682 3705 1769 3757; x_wconf 95' lang='lat' dir='ltr'><strong>eo</strong></span> <span class='ocrx_word' id='word_1_107' title='bbox 1809 3681 2282 3779; x_wconf 78' lang='lat' dir='ltr'><strong>cupiditatem</strong></span> <span class='ocrx_word' id='word_1_108' title='bbox 2321 3682 2448 3756; x_wconf 91' lang='lat' dir='ltr'><strong>im-</strong></span> 
     </span>
     <span class='ocr_line' id='line_1_18' title="bbox 208 3807 2448 3912; baseline -0.003 -25"><span class='ocrx_word' id='word_1_109' title='bbox 208 3814 417 3910; x_wconf 80' lang='lat' dir='ltr'><strong>perii3</strong></span> <span class='ocrx_word' id='word_1_110' title='bbox 462 3815 735 3912; x_wconf 90' lang='lat' dir='ltr'><strong>quippe</strong></span> <span class='ocrx_word' id='word_1_111' title='bbox 757 3836 975 3890; x_wconf 89' lang='lat' dir='ltr'><strong>unum</strong></span> <span class='ocrx_word' id='word_1_112' title='bbox 997 3810 1346 3888; x_wconf 83' lang='lat' dir='ltr'><strong>Selimum</strong></span> <span class='ocrx_word' id='word_1_113' title='bbox 1369 3811 1434 3886; x_wconf 89' lang='lat' dir='ltr'><strong>si</strong></span> <span class='ocrx_word' id='word_1_114' title='bbox 1454 3809 1900 3899; x_wconf 86' lang='lat' dir='ltr'><strong>sustulisset,</strong></span> <span class='ocrx_word' id='word_1_115' title='bbox 1942 3831 2154 3905; x_wconf 90' lang='lat' dir='ltr'><strong>quem</strong></span> <span class='ocrx_word' id='word_1_116' title='bbox 2191 3807 2448 3883; x_wconf 92' lang='lat' dir='ltr'><strong>imbel-</strong></span> 
     </span>
     <span class='ocr_line' id='line_1_19' title="bbox 214 3937 2453 4039; baseline -0.002 -27"><span class='ocrx_word' id='word_1_117' title='bbox 214 3938 341 4013; x_wconf 90' lang='lat' dir='ltr'><strong>lem</strong></span> <span class='ocrx_word' id='word_1_118' title='bbox 374 3963 562 4039; x_wconf 91' lang='lat' dir='ltr'><strong>prae</strong></span> <span class='ocrx_word' id='word_1_119' title='bbox 603 3963 687 4015; x_wconf 90' lang='lat' dir='ltr'><strong>se</strong></span> <span class='ocrx_word' id='word_1_120' title='bbox 711 3939 1049 4032; x_wconf 86' lang='lat' dir='ltr'><strong>ducebat,</strong></span> <span class='ocrx_word' id='word_1_121' title='bbox 1083 3939 1229 4014; x_wconf 90' lang='lat' dir='ltr'><strong>sibi</strong></span> <span class='ocrx_word' id='word_1_122' title='bbox 1267 3939 1392 4014; x_wconf 89' lang='lat' dir='ltr'><strong>uni</strong></span> <span class='ocrx_word' id='word_1_123' title='bbox 1431 3937 1816 4036; x_wconf 89' lang='lat' dir='ltr'><strong>superstiti</strong></span> <span class='ocrx_word' id='word_1_124' title='bbox 1857 3957 2239 4011; x_wconf 87' lang='lat' dir='ltr'><strong>cessurum</strong></span> <span class='ocrx_word' id='word_1_125' title='bbox 2281 3955 2453 4030; x_wconf 89' lang='lat' dir='ltr'><strong>quo-</strong></span> 
     </span>
     <span class='ocr_line' id='line_1_20' title="bbox 207 4058 2450 4163; baseline -0.003 -24"><span class='ocrx_word' id='word_1_126' title='bbox 207 4086 335 4160; x_wconf 91' lang='lat' dir='ltr'><strong>que</strong></span> <span class='ocrx_word' id='word_1_127' title='bbox 367 4067 563 4142; x_wconf 89' lang='lat' dir='ltr'><strong>ultro</strong></span> <span class='ocrx_word' id='word_1_128' title='bbox 610 4066 772 4140; x_wconf 86' lang='lat' dir='ltr'><strong>fore</strong></span> <span class='ocrx_word' id='word_1_129' title='bbox 815 4065 1221 4163; x_wconf 88' lang='lat' dir='ltr'><strong>imperium.</strong></span> <span class='ocrx_word' id='word_1_130' title='bbox 1283 4060 1664 4140; x_wconf 83' lang='lat' dir='ltr'><strong>Certatum</strong></span> <span class='ocrx_word' id='word_1_131' title='bbox 1723 4069 1840 4136; x_wconf 88' lang='lat' dir='ltr'><strong>est</strong></span> <span class='ocrx_word' id='word_1_132' title='bbox 1894 4061 2085 4136; x_wconf 88' lang='lat' dir='ltr'><strong>inter</strong></span> <span class='ocrx_word' id='word_1_133' title='bbox 2143 4080 2275 4135; x_wconf 87' lang='lat' dir='ltr'><strong>eos</strong></span> <span class='ocrx_word' id='word_1_134' title='bbox 2332 4058 2450 4133; x_wconf 90' lang='lat' dir='ltr'><strong>his</strong></span> 
     </span>
     <span class='ocr_line' id='line_1_21' title="bbox 204 4184 2453 4288; baseline -0.001 -26"><span class='ocrx_word' id='word_1_135' title='bbox 204 4188 378 4264; x_wconf 90' lang='lat' dir='ltr'><strong>odiis</strong></span> <span class='ocrx_word' id='word_1_136' title='bbox 440 4199 515 4265; x_wconf 89' lang='lat' dir='ltr'><strong>et</strong></span> <span class='ocrx_word' id='word_1_137' title='bbox 570 4192 846 4266; x_wconf 87' lang='lat' dir='ltr'><strong>irarum</strong></span> <span class='ocrx_word' id='word_1_138' title='bbox 938 4191 1356 4285; x_wconf 81' lang='lat' dir='ltr'><strong>fomitibus3</strong></span> <span class='ocrx_word' id='word_1_139' title='bbox 1434 4196 1810 4288; x_wconf 88' lang='lat' dir='ltr'><strong>postremo</strong></span> <span class='ocrx_word' id='word_1_140' title='bbox 1868 4187 2142 4262; x_wconf 90' lang='lat' dir='ltr'><strong>bellum</strong></span> <span class='ocrx_word' id='word_1_141' title='bbox 2197 4184 2453 4259; x_wconf 81' lang='lat' dir='ltr'><strong>indicit</strong></span> 
     </span>
     <span class='ocr_line' id='line_1_22' title="bbox 204 4310 2455 4412; baseline -0.002 -24"><span class='ocrx_word' id='word_1_142' title='bbox 204 4313 584 4411; x_wconf 84' lang='lat' dir='ltr'><strong>Bajazetes</strong></span> <span class='ocrx_word' id='word_1_143' title='bbox 650 4324 723 4391; x_wconf 87' lang='lat' dir='ltr'><strong>et</strong></span> <span class='ocrx_word' id='word_1_144' title='bbox 799 4314 1150 4393; x_wconf 83' lang='lat' dir='ltr'><strong>Selimum</strong></span> <span class='ocrx_word' id='word_1_145' title='bbox 1207 4318 1401 4391; x_wconf 89' lang='lat' dir='ltr'><strong>ultro</strong></span> <span class='ocrx_word' id='word_1_146' title='bbox 1459 4322 1859 4412; x_wconf 86' lang='lat' dir='ltr'><strong>provocat,</strong></span> <span class='ocrx_word' id='word_1_147' title='bbox 1917 4311 2167 4386; x_wconf 88' lang='lat' dir='ltr'><strong>missis</strong></span> <span class='ocrx_word' id='word_1_148' title='bbox 2244 4310 2455 4385; x_wconf 90' lang='lat' dir='ltr'><strong>donis</strong></span> 
     </span>
     <span class='ocr_line' id='line_1_23' title="bbox 202 4436 2454 4539; baseline -0.002 -26"><span class='ocrx_word' id='word_1_149' title='bbox 202 4441 712 4534; x_wconf 87' lang='lat' dir='ltr'><strong>muliebribus,</strong></span> <span class='ocrx_word' id='word_1_150' title='bbox 771 4443 939 4518; x_wconf 83' lang='lat' dir='ltr'><strong>fuso</strong></span> <span class='ocrx_word' id='word_1_151' title='bbox 1017 4449 1236 4539; x_wconf 87' lang='lat' dir='ltr'><strong>atque</strong></span> <span class='ocrx_word' id='word_1_152' title='bbox 1292 4462 1568 4539; x_wconf 61' lang='lat' dir='ltr'><strong>penso,</strong></span> <span class='ocrx_word' id='word_1_153' title='bbox 1646 4438 1862 4514; x_wconf 91' lang='lat' dir='ltr'><strong>simul</strong></span> <span class='ocrx_word' id='word_1_154' title='bbox 1921 4438 2319 4513; x_wconf 81' lang='lat' dir='ltr'><strong>exercitum</strong></span> <span class='ocrx_word' id='word_1_155' title='bbox 2379 4436 2454 4509; x_wconf 92' lang='lat' dir='ltr'><strong>in</strong></span> 
     </span>
     <span class='ocr_line' id='line_1_24' title="bbox 200 4560 2457 4662; baseline -0 -22"><span class='ocrx_word' id='word_1_156' title='bbox 200 4565 641 4661; x_wconf 87' lang='lat' dir='ltr'><strong>provinciam</strong></span> <span class='ocrx_word' id='word_1_157' title='bbox 703 4569 868 4662; x_wconf 89' lang='lat' dir='ltr'><strong>ejus</strong></span> <span class='ocrx_word' id='word_1_158' title='bbox 939 4566 1154 4642; x_wconf 87' lang='lat' dir='ltr'><strong>ducit.</strong></span> <span class='ocrx_word' id='word_1_159' title='bbox 1213 4564 1354 4639; x_wconf 93' lang='lat' dir='ltr'><strong>Ille</strong></span> <span class='ocrx_word' id='word_1_160' title='bbox 1412 4565 1741 4639; x_wconf 89' lang='lat' dir='ltr'><strong>vicissim</strong></span> <span class='ocrx_word' id='word_1_161' title='bbox 1818 4563 2159 4656; x_wconf 89' lang='lat' dir='ltr'><strong>occurrit,</strong></span> <span class='ocrx_word' id='word_1_162' title='bbox 2233 4568 2308 4641; x_wconf 91' lang='lat' dir='ltr'><strong>et</strong></span> <span class='ocrx_word' id='word_1_163' title='bbox 2366 4560 2457 4639; x_wconf 87' lang='lat' dir='ltr'><strong>fit</strong></span> 
     </span>
    </p>
   </div>
  </div>
 </body>
</html>
