3293 5219
2383 320 2529 399 137

269 549 511 625 nullas
569 547 884 623 insidias
925 543 1297 634 metuenti,
1351 546 1575 622 vitam
1615 569 1776 622 cnm
1814 545 2037 620 sociis
2074 544 2529 642 percussori-

269 678 403 752 bus
441 675 740 773 eripuit,
777 682 1044 772 postea
1080 681 1339 772 captus
1371 696 1417 746 a
1454 675 1683 748 bassa
1720 672 2031 747 budensi
2067 695 2204 770 per
2242 671 2518 746 redem-

267 805 542 881 tionem
580 804 802 902 paulo
842 807 1013 878 ante
1052 803 1412 877 liberatus
1452 797 1638 898 fuit),
1700 802 1915 877 simul
1955 809 2035 876 ut
2071 802 2335 891 famae,
2379 823 2522 898 qua

266 932 652 1007 ferebatur
729 932 1019 1005 Turcas
1092 928 1443 1026 impetum
1517 929 1695 1004 belli
1751 951 1897 1003 non
1935 935 2519 1027 exspectaturos,

271 1060 664 1134 veritatem
703 1057 1181 1155 experiretur,
1224 1057 1438 1132 simul
1478 1055 1788 1132 militum
1829 1055 2110 1130 animos
2168 1077 2520 1131 successu

268 1186 509 1261 minus
551 1185 975 1260 laboriosae
1013 1184 1122 1259 rei
1165 1185 1534 1276 delinitos,
1574 1184 1672 1259 ad
1710 1183 2098 1279 graviores
2139 1206 2524 1280 oppugna<

264 1314 510 1389 tiones
553 1318 989 1422 ceterasque
1026 1311 1497 1390 difficultates
1534 1313 1858 1388 alacrius
1898 1310 2316 1387 subeundas
2361 1308 2523 1383 red-

269 1440 480 1516 deret
539 1439 999 1515 audaciores,
1078 1438 1522 1537 Certumque
1579 1448 1716 1530 est,
1756 1438 2155 1514 exercitum
2194 1443 2519 1513 nostrum

270 1566 579 1663 segnius
635 1565 1012 1663 aliquanto
1067 1569 1209 1643 iter
1268 1566 1713 1664 suscepisse,
1755 1573 1830 1640 et
1866 1563 2219 1640 Sfortiam
2259 1563 2517 1660 despe-

266 1693 582 1783 ravisse,
630 1716 867 1790 neque
905 1717 1061 1768 rem
1101 1716 1357 1770 ausum
1396 1693 1733 1790 aggredi.
1813 1691 2029 1784 Quod
2065 1690 2354 1786 quidem
2402 1712 2519 1765 ru-

273 1818 477 1906 mori,
523 1819 648 1915 qui
688 1819 778 1892 de
815 1820 1229 1918 propinquo
1289 1822 1563 1895 bassae
1621 1818 1975 1894 budensis
2024 1816 2346 1892 adventu
2385 1815 2519 1891 cir—

268 1945 614 2021 cumferri
672 1954 1058 2044 coeperat,
1098 1947 1508 2043 assignant.
1551 1948 1730 2023 Ideo
1772 1946 2129 2021 Nicolaus
2168 1967 2415 2019 comes
2472 1968 2518 2017 a

268 2071 518 2146 Zrinio
558 2071 790 2146 banus
830 2072 1091 2170 Illyrii,
1133 2075 1462 2173 principe
1488 2073 1993 2148 consentiente
2042 2094 2212 2145 sese
2251 2093 2517 2166 aggre-

266 2198 497 2294 gavit,
555 2198 1016 2296 animumque
1088 2199 1379 2276 illorum
1417 2201 1767 2295 firmavit3
1807 2222 2045 2295 neque
2086 2202 2516 2292 exspectata

269 2341 633 2400 murorum
710 2325 983 2422 impetu
1022 2327 1497 2402 bombardico
1538 2325 1970 2422 dejectione,
1998 2323 2271 2397 nullam
2312 2322 2510 2396 inva-

265 2451 479 2525 dendi
520 2474 799 2526 moram
836 2452 1187 2544 fecerunt,
1228 2477 1377 2528 nec
1401 2456 1596 2529 ultra
1618 2453 1845 2527 horae
1872 2451 2186 2548 spatium
2224 2450 2507 2525 fossam

265 2587 332 2653 et
367 2601 596 2677 sepes
634 2576 945 2656 castello
986 2604 1316 2656 annexas
1354 2581 1429 2655 in
1472 2583 1634 2679 quis
1674 2580 1842 2678 equi
1897 2578 2373 2668 tenebantur,
2414 2599 2508 2651 ex

264 2706 580 2805 simplici
632 2708 939 2782 cratium
990 2709 1249 2784 ordine
1307 2715 1697 2807 superant3
1756 2706 2018 2783 deinde
2057 2704 2238 2780 muri
2281 2702 2509 2799 lignei

261 2835 607 2931 quassari
644 2835 885 2933 coepti
922 2844 1114 2909 sunt.
1164 2826 1315 2911 ‘Ubi
1356 2837 1745 2911 secundum
1786 2834 2048 2924 Deum,
2074 2833 2243 2931 plus
2281 2832 2507 2906 fortu-

257 2962 401 3037 itus
440 2983 687 3052 casus,
727 2985 945 3059 quam
984 2971 1110 3038 aut
1147 2963 1558 3062 disciplina,
1599 2970 1726 3037 ant
1765 2961 2023 3036 ducum
2043 2956 2509 3056 providentia

257 3086 516 3179 valuit3
541 3109 711 3161 nam
752 3111 895 3163 11011
935 3097 1215 3167 tantum
1253 3091 1464 3166 miles
1504 3097 1826 3164 castrum
1870 3112 1956 3163 eo
1999 3085 2114 3159 die
2154 3083 2507 3158 invadere

243 3215 504 3308 jussus
542 3237 689 3288 non
725 3216 878 3307 fuit,
936 3216 1068 3292 sed
1129 3225 1203 3290 et
1239 3217 1461 3292 duces
1498 3218 1678 3291 nihil
1720 3240 1808 3290 eo
1849 3216 2085 3289 minus
2126 3212 2497 3309 cogitave-

254 3348 443 3415 runt.
489 3341 709 3416 Miles
749 3343 937 3417 enim
996 3345 1359 3442 quispiam
1408 3365 1807 3440 germanus
1847 3341 2054 3437 ligna
2108 3338 2500 3414 excitando

248 3469 419 3543 foco
460 3469 893 3543 necessaria
931 3492 1318 3572 quaerens,
1342 3495 1545 3546 muro
1586 3471 1834 3566 ligneo
1878 3472 2068 3543 forte
2107 3466 2499 3564 appropin-

250 3604 447 3690 quat,
486 3596 1108 3694 conspicatusque
1147 3599 1589 3674 exteriorem
1628 3600 1790 3692 ejus
1829 3601 2115 3695 partem
2155 3595 2330 3679 luto,
2354 3615 2497 3687 quo

243 3719 480 3796 illitus
518 3721 676 3811 fuit,
715 3724 809 3797 ob
848 3723 1252 3799 siccitatem
1295 3726 1625 3823 delapso,
1648 3724 1934 3799 nudam.
1979 3722 2322 3816 virgulta,
2344 3719 2496 3816 qui·

245 3848 382 3922 bus
423 3855 816 3925 contextus
857 3859 1042 3939 erat,
1083 3875 1340 3927 secare
1400 3876 1612 3927 orsus
1656 3860 1790 3942 est,
1831 3851 2027 3946 quod
2066 3847 2334 3938 ceteri„
2376 3845 2494 3944 qui

247 3998 393 4050 non
433 3978 690 4072 procul
733 3978 1066 4071 aberant,
1108 3980 1534 4077 conspicati,
1575 3999 2106 4073 ascensumque
2146 3973 2311 4059 sibi,
2350 3994 2493 4047 non

245 4101 457 4197 ligna
493 4101 639 4175 lari
675 4105 1123 4179 exstruendo
1161 4106 1363 4180 illum
1405 4129 1759 4202 quaerere
1820 4101 2191 4191 arbitrati,
2271 4099 2493 4174 conti-

246 4249 387 4302 nuo
428 4238 859 4302 accurrunt:
918 4231 989 4305 in
1030 4233 1431 4328 primisque
1471 4233 1701 4331 pedes
1741 4252 2083 4327 ungarus,
2125 4250 2290 4301 mox
2364 4227 2492 4301 alii

246 4360 467 4447 atque
508 4351 656 4445 alii3
695 4377 833 4428 nec
897 4379 1118 4445 mora,
1161 4358 1417 4432 labore
1459 4384 1503 4433 a
1541 4358 1876 4455 pluribus
1916 4356 2304 4446 concitato,
2346 4377 2491 4427 mu-

250 4498 425 4569 rum,
469 4499 616 4574 qua
658 4480 768 4553 vir
794 4505 974 4555 unns
996 4485 1317 4559 transire
1341 4486 1598 4583 possit,
1639 4484 1996 4582 perfodit:
2035 4483 2203 4557 inde
2245 4482 2488 4557 subla-
