3293 5219
767 272 877 354 80

775 489 1064 590 cipibus
1119 495 1197 565 et
1250 485 1635 565 ordinibus
1676 482 2129 564 Germaniae
2167 485 2395 580 inire,
2448 509 2705 584 regem
2741 488 3038 565 Daniae

768 620 844 694 in
879 616 1144 693 foedus
1200 615 1540 714 recipere
1617 623 1842 713 atque
1899 617 2389 714 conjungere,
2436 639 2694 712 regem
2733 639 3023 714 quoque

771 741 1071 819 Galliae
1109 741 1512 818 Henricum
1569 739 1827 816 eodem
1876 739 2177 817 foedere
2215 740 2445 817 arctis
2484 742 3027 821 conditionibus

769 868 1149 972 colligare,
1186 892 1360 944 nam
1409 865 1782 943 Henricus
1807 865 2036 942 misso
2074 888 2209 965 per
2246 867 2620 944 silentium
2676 869 2729 946 J
2733 869 3028 945 ohanne

769 994 1147 1070 Fraxineo
1168 993 1425 1092 legato
1463 994 1540 1068 in
1562 990 2043 1069 Germaniam
2082 991 2175 1067 de
2214 994 2754 1070 conditionibus
2792 1004 3035 1070 trans-

765 1120 945 1218 igit,
1006 1119 1539 1218 obsidibusque
1612 1120 1956 1218 utrinque
1994 1119 2188 1196 datis
2228 1128 2454 1218 atque
2490 1122 2819 1220 acceptis
2860 1145 3029 1198 con·

765 1247 1164 1321 firmantur.
1204 1245 1781 1322 Intercedebant
1838 1253 2011 1322 tunc
2067 1244 2362 1342 quidem
2418 1244 2759 1322 induciae
2831 1246 3027 1323 inter

776 1370 1129 1449 Carolum
1160 1379 1384 1471 atque
1420 1370 1846 1466 Henricum‚
1869 1371 2006 1446 sed
2049 1394 2186 1447 eae
2244 1371 2323 1446 in
2361 1370 2637 1446 bellum
2673 1393 3033 1449 exarsere

773 1501 892 1575 his
932 1499 1023 1575 de
1063 1499 1311 1576 causis
1353 1526 1370 1574 ε
1410 1497 1777 1596 siquidem
1823 1495 2185 1574 Octavius
2224 1497 2634 1573 Famesius
2677 1499 2826 1576 dux
2845 1497 3029 1575 Par·

769 1649 931 1701 mae
953 1633 1176 1723 atque
1194 1623 1653 1718 Placentiae,
1672 1645 1907 1723 nepos
1927 1620 2146 1700 Pauli
2167 1624 2410 1701 Tertii
2427 1622 2825 1722 pontificis,
2865 1648 3030 1702 cum

769 1771 1001 1850 nuper
1036 1758 1253 1850 pater
1274 1749 1634 1848 Aloysius
1675 1772 1810 1849 per
1847 1772 2202 1828 summum
2241 1750 2562 1827 dedecus
2601 1759 2805 1828 esset
2827 1751 3027 1829 domi

772 1876 1183 1973 confossus,
1215 1884 1292 1954 et
1322 1883 1613 1954 mortuo
1632 1877 1981 1977 pontifice
2015 1883 2253 1976 patre,
2269 1876 2476 1956 ..Julio
2504 1880 2665 1975 jam
2699 1878 3034 1977 pontifici

764 2024 1027 2104 parum
1063 1996 1600 2103 fideretssmulto
1634 2004 1876 2081 minus
1898 1999 2175 2080 Oarolo
2214 2000 2506 2098 Quinto,
2528 2003 2652 2101 qui
2685 2025 2823 2102 per
2843 2004 3030 2081 Fer·

767 2130 1173 2206 dinandum
1268 2128 1713 2227 Gonzagam
1800 2131 1880 2205 id
1952 2129 2239 2206 facinus
2311 2128 2777 2206 machinasse
2870 2154 3028 2206 cre-

767 2257 1101 2352 debatur,
1139 2256 1740 2355 meminissetque
1779 2254 1874 2331 ab
1915 2257 2174 2333 eodem
2214 2253 2584 2353 Gonzaga
2602 2254 2859 2334 Caroli
2893 2283 3027 2336 no-

769 2382 963 2458 mine
984 2382 1334 2460 Parmam
1373 2382 1522 2460 sibi
1559 2389 1896 2481 ereptam
1930 2382 2186 2477 fuisse,
2223 2383 2299 2457 in
2329 2381 2639 2458 Henrici
2672 2383 2876 2481 regis
2912 2393 3026 2461 tu-

769 2508 995 2584 telam
1017 2517 1249 2608 atqua
1270 2508 1690 2586 clientelam
1728 2530 1902 2583 sese
1959 2508 2283 2583 tradidit.
2340 2508 2432 2585 Id
2462 2530 2642 2585 vero
2692 2509 3027 2608 pontifici

762 2634 1140 2730 indignum
1200 2641 1424 2734 atque
1479 2634 1951 2711 intolerabile
1989 2635 2267 2728 visum,
2324 2644 2404 2713 ut
2437 2635 2798 2735 pontificii
2870 2637 3027 2716 feu-

765 2757 838 2833 di
895 2759 1284 2859 princeps,
1377 2761 1822 2859 praesertim
1932 2761 2007 2835 in
2079 2761 2532 2861 propinquo,
2610 2758 2819 2838 Galli
2893 2762 3025 2839 cli-

761 2886 1078 2960 entelam
1130 2887 1625 2985 profiteretur.
1685 2884 1934 2978 Quare
1991 2884 2344 2964 Carolum
2399 2889 2729 2985 quintum
2777 2897 3024 2985 urget,

758 3019 839 3087 ut
876 3011 973 3085 ad
1008 3011 1596 3111 recuperandam
1637 3010 1986 3088 Parmam
2027 3014 2429 3089 exercitum
2476 3015 2797 3093 adducat
2817 3072 2835 3109 ,
2893 3015 3023 3112 qui

765 3157 856 3210 ex
899 3134 1306 3213 Germania
1341 3137 1731 3237 Hispanos
1770 3146 2052 3231 evocat,
2077 3140 2200 3238 qui
2236 3163 2374 3240 per
2415 3165 2675 3239 agrum
2732 3142 3020 3218 vittem-

755 3259 1138 3359 bergicum
1195 3270 1446 3358 erant,
1505 3288 1595 3340 ac
1650 3288 1745 3340 ex
1800 3265 2149 3342 Insubria
2196 3274 2271 3341 et
2308 3265 2480 3342 aliis
2520 3263 2791 3345 Italiae
2827 3267 3018 3344 locis

756 3387 1088 3465 deductis
1124 3389 1477 3466 militibus
1520 3398 1595 3465 et
1631 3389 1847 3465 novis
1889 3391 2270 3467 conductis
2306 3391 2657 3469 Parmam
2696 3393 3013 3470 obsidet.

753 3513 954 3590 Hinc
1003 3515 1202 3615 rupti
1255 3515 1583 3592 foederis
1639 3515 1854 3593 illata
1900 3517 2291 3593 occasione
2329 3516 2699 3594 Henricus
2736 3518 3014 3595 Mauri-

758 3640 864 3713 tio
925 3648 1000 3715 et
1056 3641 1442 3717 ordinibus
1500 3642 1792 3740 imperii
1849 3664 2018 3719 sese
2080 3650 2493 3742 aggregat,
2531 3643 2751 3720 editis
2789 3652 3016 3743 atque

757 3764 1136 3865 evulgatis
1175 3766 1500 3866 scriptis,
1540 3767 1805 3863 quibus
1837 3773 1914 3843 et
1929 3778 2311 3868 ruptarum
2329 3770 2784 3847 induciarum
2804 3791 3014 3847 caus-

752 3914 882 3968 sas
933 3899 1331 3986 memorat,
1393 3897 1471 3968 et
1505 3901 1928 3992 praeterea,
1970 3874 2168 3993 quod
2207 3893 2464 3972 Gallia
2500 3918 2662 3974 cum
2701 3893 3013 3972 Germa-

747 4017 874 4095 nia
932 4018 1029 4095 ab
1085 4017 1292 4094 initio
1349 4019 1958 4118 conjunctissima
1994 4044 2288 4120 semper
2325 4023 2502 4117 fuit,
2559 4023 2775 4098 immo
2815 4023 3015 4122 quod

748 4143 969 4219 etiam
1025 4145 1355 4243 eJusdem
1446 4145 1598 4221 sint
1654 4147 2001 4245 originis,
2057 4156 2212 4227 tum
2267 4150 2490 4226 etiam
2564 4157 2815 4226 mutua
2885 4149 3012 4226 be·

755 4268 1038 4363 ueficia‚
1057 4277 1346 4349 mutuas
1363 4272 1973 4369 necessitudines,
2026 4275 2452 4375 petisseque
2490 4275 2586 4350 ab
2623 4296 2792 4351 sese
2812 4274 3014 4374 prin-

762 4394 928 4495 cipe
949 4391 1405 4476 Germaniae
1424 4399 1745 4476 auxilia:
1782 4399 1948 4478 ideo
1987 4423 2071 4477 se
2091 4400 2430 4477 omuibus
2469 4399 2593 4477 his
2632 4399 2726 4476 de
2762 4400 3014 4477 causis

743 4517 1232 4600 vindicandae
1326 4520 1785 4602 Germaniae
1860 4524 1955 4602 ab
2030 4525 2539 4626 Hispanorum
2611 4526 3010 4625 tyrannide
