3293 5219
2355 293 2506 372 119

264 514 653 588 machinae
665 513 1005 589 continuo
1026 511 1407 589 moenibus
1430 511 1793 600 admotae,
1809 533 2092 608 arxque
2110 511 2281 609 ipsa
2301 533 2505 586 acer·

259 639 446 714 rime
484 639 830 737 quassari
869 644 1132 735 coepta
1187 645 1339 712 est:
1378 659 1523 711 non
1585 635 1777 734 quod
1831 637 2288 735 propositum
2338 639 2503 735 ejus

260 769 810 865 expugnandae
865 788 1318 864 magnopere
1373 764 1740 854 habuerit,
1781 765 1916 840 sed
1970 772 2050 839 ut
2091 763 2498 840 obsidionis

259 917 447 969 suae
484 893 920 992 pertinacia,
968 892 1256 967 hostem
1293 914 1387 966 ex
1426 890 1897 967 successibus
1934 890 2499 989 praeteritorum

257 1037 621 1092 annorum
655 1017 1115 1108 insolentem,
1137 1017 1455 1114 indeque
1474 1017 1565 1092 de
1585 1015 1822 1104 nobis,
1854 1039 2158 1113 quorum
2174 1015 2499 1115 paucita-

257 1149 407 1215 tem
466 1144 993 1219 subsannando
1033 1143 1565 1222 contemnebat,
1608 1150 1885 1217 certam
1942 1142 2087 1217 sibi
2118 1142 2496 1217 victoriam

262 1269 736 1366 pollicentem
776 1271 872 1344 ab
909 1270 1459 1369 oppugnatione
1498 1269 1886 1363 sigetiensi
1908 1326 1924 1358 ,
2002 1291 2191 1367 quae
2229 1272 2382 1366 jam
2419 1268 2497 1345 in

256 1395 589 1493 periculo
609 1398 1070 1486 versabatur,
1090 1397 1583 1487 abstraheret,
1604 1396 1711 1471 ita
1732 1419 1891 1471 cum
1911 1395 2244 1472 obsessis
2263 1394 2495 1495 respi-

255 1525 448 1602 ratio
491 1525 741 1622 aliqua
796 1532 875 1600 ut
909 1524 1144 1617 fieret,
1198 1532 1348 1599 tum
1384 1526 1547 1624 ipse
1589 1546 1750 1598 cum
1803 1525 2018 1598 hoste
2073 1547 2166 1599 ex
2222 1523 2491 1598 diutur-

252 1674 397 1726 nae
433 1651 846 1728 obsidionis
866 1651 1145 1727 diurnis
1165 1651 1696 1748 nocturnisque
1733 1648 2115 1726 laboribus
2156 1657 2232 1726 et
2266 1649 2489 1726 mole·

254 1778 420 1852 stiis
457 1779 687 1870 lasso,
725 1785 800 1853 et
837 1801 1066 1877 equos
1120 1780 1338 1854 etiam
1396 1786 1732 1854 extrema
1785 1778 2306 1876 propemodum
2345 1801 2490 1853 ma-

252 1906 361 1980 cie
377 1907 755 1981 confectos
766 1904 1106 1997 habente,
1128 1907 1192 1980 si
1213 1906 1691 1982 commoditas
1726 1907 2074 2004 patiatur,
2095 1903 2449 2001 confligat
2469 1928 2489 1998 ;

252 2032 363 2106 sin
400 2033 640 2108 minus
674 2033 751 2107 id
787 2041 1269 2132 opportunum
1300 2033 1515 2124 foret,
1552 2032 1972 2107 Berzencze
2012 2033 2132 2105 vel
2180 2028 2480 2130 Ghorgo

251 2159 693 2251 retrocedat,
734 2183 969 2257 eoque
1007 2183 1088 2234 se
1128 2157 1569 2258 applicando
1626 2158 1868 2234 hostis
1889 2158 2202 2233 consilia
2237 2159 2487 2234 obser·

254 2293 411 2378 vet3
471 2286 604 2360 illo
660 2309 839 2362 vero
895 2287 1372 2384 sigetiensem
1433 2287 1893 2363 obsidionem
1933 2291 2339 2383 repetente,
2378 2283 2485 2383 ip·

252 2433 333 2487 se
383 2413 816 2489 Babocham
871 2435 1125 2488 rursus
1196 2414 1538 2502 invadat,
1598 2412 2106 2510 ejusmodique
2160 2408 2483 2486 ludifica-

249 2539 445 2613 tione
498 2540 798 2616 bassam
856 2561 1091 2637 usque
1130 2540 1226 2615 ad
1280 2541 1613 2615 brumam
1670 2536 2481 2646 fatiget..Turcicorum

250 2666 590 2763 equitum,
642 2667 760 2765 qui
800 2690 937 2764 pro
975 2667 1351 2763 praesidio
1390 2667 1536 2742 loci
1593 2667 1831 2743 relicti
1887 2668 2201 2757 fuerant,
2242 2668 2481 2761 major

249 2816 421 2891 pars
441 2817 579 2891 per
609 2816 952 2869 aversum
988 2802 1283 2891 pontem
1320 2794 1508 2893 ipsis
1528 2794 2122 2892 inspectantibus
2146 2815 2318 2866 arce
2356 2815 2478 2867 ex-

248 2920 491 2993 cessit.
572 2918 845 2995 Amhat
898 2921 1096 3015 bego
1150 2920 1532 3019 praefecto
1594 2943 1750 2994 cum
1815 2918 2146 2993 ducentis
2187 2917 2484 2993 circiter

249 3046 598 3122 militibus
675 3042 847 3143 (non
902 3047 1118 3145 pauci
1182 3048 1343 3141 jam
1416 3055 1758 3143 agrestes
1818 3044 2202 3120 christiani
2263 3045 2332 3117 vi
2391 3066 2478 3119 eo

248 3172 436 3267 pulsi
450 3168 688 3269 fuere)
728 3173 833 3247 ibi
869 3173 1151 3261 relicto,
1193 3172 1768 3270 confirmatoque
1808 3175 2106 3249 bassam
2156 3171 2266 3246 illi
2308 3179 2479 3271 post

244 3299 550 3374 triduum
572 3321 785 3396 opem
820 3300 1233 3389 allaturum,
1254 3300 1781 3399 obsidioneque
1817 3300 2312 3375 liberaturum.

450 3422 609 3497 Res
663 3445 972 3520 poscere
1037 3424 1364 3511 videtur,
1422 3432 1500 3499 ut
1555 3424 1644 3499 de
1707 3426 1850 3499 situ
1907 3432 1984 3499 et
2036 3422 2474 3498 firmitudine

245 3551 463 3624 castri
503 3549 718 3644 hujus
757 3547 1036 3647 aliquid
1075 3550 1424 3638 dicamus,
1470 3574 1613 3647 quo
1652 3552 1937 3626 ratione
1982 3572 2276 3650 pugnae
2313 3570 2472 3623 cum

244 3677 468 3752 bassa
506 3676 805 3751 habitae
844 3677 1116 3751 clarior
1152 3678 1300 3755 fiat.
1364 3677 1601 3752 Rivus
1660 3686 2017 3775 angustus
2075 3682 2151 3751 et
2186 3674 2472 3770 ignobi-

242 3803 328 3877 lis
367 3826 462 3878 ex
502 3803 861 3902 paludoso
898 3803 1122 3878 fluvio
1166 3801 1418 3902 Capos
1458 3810 1699 3878 ortum
1755 3804 2058 3878 trahens
2098 3797 2470 3899 (Rinniam

240 3931 537 4006 accolae
576 3934 880 4019 vocant)
911 3953 1072 4005 cum
1122 3931 1391 4005 ceteris
1429 3928 1636 4021 locis,
1674 3939 1825 4006 tum
1857 3953 2003 4028 qua
2039 3928 2315 4022 Dravo,
2353 3928 2469 4004 cui

238 4057 607 4137 miscetur,
650 4056 1213 4153 appropinquat,
1234 4065 1447 4133 extra
1484 4058 1885 4152 marginem
1923 4058 2156 4151 fusus,
2193 4078 2287 4130 ne
2322 4078 2468 4154 qua

238 4191 449 4279 parte
526 4207 571 4255 a
644 4182 872 4256 fontis
929 4182 1226 4277 ingenio
1278 4184 1789 4280 degeneraret,
1848 4191 2119 4279 stagna
2172 4184 2468 4281 profun-

238 4307 519 4382 dissimi
588 4307 740 4382 limi
817 4309 1040 4404 equiti
1096 4311 1535 4407 praesertim
1614 4319 1741 4387 aut
1812 4311 2264 4407 neutiquam,
2339 4316 2465 4386 aut

241 4436 645 4532 aegerrime
699 4432 1222 4532 permeabilia,
1288 4438 1690 4512 rarissimis
1745 4437 1979 4529 vadis,
2019 4436 2263 4512 efficit.
2344 4435 2462 4510 Ad

242 4560 423 4634 hunc
477 4559 834 4634 Babocha
873 4584 1007 4634 arx
1066 4561 1263 4635 mille
1303 4586 1571 4660 passus
1612 4563 1905 4639 circiter
1944 4566 2038 4639 ab
2077 4564 2355 4655 Dravo,
2415 4587 2461 4639 a
