3293 5219
748 272 908 349 264

959 486 1109 563 Sed
1147 487 1363 562 ambo
1405 510 1550 561 non
1592 485 1954 560 immerito
1976 508 2289 583 poenam
2314 487 2728 561 dementiae
2766 488 2985 576 luere,

742 616 863 689 hic
899 614 1090 688 enim
1148 612 1509 686 honestas
1552 610 2017 686 conditiones
2056 612 2250 686 inter
2290 635 2562 688 saevos
2584 612 2841 687 hostes
2870 613 2986 686 ad-

739 743 1030 817 mittere
1068 740 1327 816 noluit:
1367 737 1498 812 ille
1537 735 1785 812 Codro
1845 746 2065 834 atque
2106 739 2249 828 Iro,
2287 748 2368 813 ut
2406 739 2693 820 dicitur,
2733 761 2987 837 paupe·

738 867 911 957 rior,
973 873 1048 941 et
1106 889 1276 941 mox
1332 865 1707 963 princeps,
1768 885 1912 937 non
1974 871 2359 939 contentus
2401 888 2542 938 nno
2586 889 2839 959 regno.
2876 889 2985 938 ne-

742 1016 884 1090 que
943 993 1109 1067 dum
1200 989 1514 1080 firmato,
1542 992 1702 1086 jam
1796 989 2466 1070 Transsilvaniam,
2561 990 2985 1088 'l'rausalpi-

736 1142 944 1209 nam,
984 1126 1060 1192 et
1095 1116 1536 1215 Byzantium
1574 1115 1816 1212 ipsum
1860 1116 2111 1190 verbis
2153 1125 2371 1214 atque
2416 1118 2655 1190 animo
2692 1118 2977 1192 invase-

733 1254 872 1338 rat,
950 1244 1120 1319 aliis
1196 1266 1374 1317 vero
1470 1265 1706 1339 regna
1746 1242 2148 1336 dividebat,
2189 1250 2269 1318 ut
2308 1244 2596 1320 cuidam
2637 1245 2982 1319 Bessara-

732 1373 875 1447 bae
930 1370 1533 1468 Transalpinam.
1613 1370 2263 1445 Transsilvaniam
2321 1393 2503 1447 sane
2559 1371 2979 1469 propediem

728 1495 1154 1570 invasisset.
1212 1493 1359 1569 Sed
1420 1502 1495 1569 et
1552 1517 1868 1571 coronas
1910 1495 2094 1569 duas
2134 1496 2207 1570 in
2248 1495 2563 1572 Polonia
2602 1497 2764 1571 fieri
2804 1498 2980 1570 fece·

729 1628 869 1717 rat,
912 1645 1098 1721 quas
1136 1621 1210 1695 in
1252 1622 1657 1696 secretiore
1696 1629 1909 1720 parte
1952 1622 2210 1697 domus
2250 1623 2444 1696 intra
2481 1622 2811 1720 parietes
2852 1623 2977 1695 ab·

731 1750 1041 1825 diderat.
1102 1746 1442 1839 Quodam
1481 1771 1664 1844 ergo
1706 1748 1826 1824 die
1865 1750 1939 1822 in
1978 1750 2350 1845 frequenti
2393 1749 2731 1825 convivio
2771 1749 2846 1822 in
2883 1747 2972 1821 si-

726 1876 1052 1969 lentium,
1091 1875 1538 1950 moestitiam
1580 1883 1803 1973 atquc
1853 1875 2312 1951 altitudinem
2354 1875 2722 1972 quandam
2762 1872 2977 1948 animi

725 2025 809 2077 se
847 2002 1276 2100 composuit,
1318 2009 1393 2076 et
1428 2002 1729 2076 tandem
1750 2001 1979 2077 veluti
2046 2025 2140 2076 ex
2162 2024 2416 2077 somno
2478 2009 2973 2099 experrectus,

726 2126 1080 2201 divinitus
1121 2125 1268 2201 sibi
1358 2128 1704 2223 angelum
1781 2127 2018 2224 inquit
2092 2128 2555 2226 apparuisse,
2623 2133 2697 2200 et
2754 2125 2977 2200 maxi-

720 2275 911 2327 mum
950 2253 1289 2327 nuncium
1321 2263 1811 2351 apportasse,
1854 2277 1949 2328 ex
1991 2277 2132 2350 quo
2183 2254 2257 2327 in
2298 2276 2685 2350 supremas
2726 2259 2974 2350 partes

717 2380 1008 2456 aedium
1065 2380 1543 2472 ascendebat,
1600 2379 1703 2454 ibi
1756 2380 2353 2479 speculabundus
2394 2403 2483 2454 ac
2523 2379 2973 2453 meditabun-

720 2509 857 2582 dus
967 2513 1096 2582 aut
1150 2506 1605 2600 ambulabat,
1665 2515 1791 2583 aut
1845 2507 2102 2583 abdita
2141 2507 2325 2601 loca,
2366 2508 2431 2582 si
2472 2532 2616 2606 qua
2658 2507 2974 2592 videbat,

716 2634 1110 2710 lustrabat.
1173 2631 1387 2724 Quod
1427 2658 1589 2709 cum
1643 2658 1779 2732 per
1841 2635 2124 2732 aliquot
2181 2634 2339 2710 dies
2396 2635 2784 2731 agitasset,
2826 2636 2974 2711 Mo-

718 2759 998 2834 ciocum
1075 2782 1231 2833 cum
1291 2760 1572 2858 aliquot
1609 2760 2055 2859 primoribus
2095 2760 2457 2837 Valachis
2498 2764 2854 2856 arcessit,
2908 2772 2978 2838 et

702 2885 919 2982 jubet
956 2883 1128 2958 illos
1165 2885 1544 2982 proficisci
1598 2887 1676 2959 in
1732 2887 2303 2975 habitationem,
2361 2889 2435 2962 in
2477 2913 2623 2987 qua
2661 2912 2972 2965 coronae

711 3017 923 3085 erant
962 3011 1469 3099 absconditae,
1564 3021 1785 3109 atque
1823 3022 1903 3087 ut
1979 3014 2453 3112 cumprimum
2492 3017 2879 3104 intrarent,
2900 3018 2970 3091 in

708 3158 953 3231 genua
979 3136 1340 3234 prostrati
1380 3137 1474 3211 ad
1512 3138 1752 3213 Deum
1775 3163 2039 3237 preces
2075 3141 2488 3231 funderent,
2530 3152 2681 3219 tum
2720 3167 2967 3219 omnes

700 3268 954 3359 partes
975 3260 1459 3336 habitationis
1485 3261 2055 3359 diligentissime
2080 3278 2561 3363 quaererent:
2609 3272 2753 3346 sibi
2780 3274 2965 3349 enim

702 3410 838 3485 per
881 3387 1228 3483 angelum
1270 3410 1438 3461 esse
1478 3389 1911 3484 revelatum,
1950 3393 2133 3486 fore,
2171 3402 2252 3470 ut
2289 3398 2611 3475 maxima
2650 3425 2742 3475 ac
2784 3403 2957 3477 divi·

702 3536 800 3586 na
841 3510 1034 3586 dona
1071 3513 1508 3610 reperirent.
1531 3517 1677 3608 Illi,
1703 3542 1892 3614 quae
1932 3520 2281 3597 mandata
2319 3533 2509 3616 sunt,
2550 3549 2960 3626 exsequun-

701 3645 843 3730 tur,
902 3646 975 3712 et
1033 3661 1196 3712 cum
1256 3637 1560 3716 difficile
1639 3667 1810 3718 esse
1868 3644 2192 3740 inventu,
2285 3652 2694 3745 renunciat,
2748 3665 2964 3754 atque

699 3761 1101 3858 aliquando
1139 3766 1737 3864 remotissimum,
1778 3771 2175 3867 aliquando
2195 3776 2686 3874 propinquum
2729 3780 2964 3858 locum

700 3887 1196 3983 significabat.
1259 3893 1595 3969 Tandem
1654 3910 1920 3996 aperta
1978 3906 2093 3975 est
2148 3902 2222 3975 in
2277 3905 2562 4001 pariete
2601 3907 2950 3984 abstrusa

696 4014 1060 4113 quaedam
1098 4017 1519 4114 fenestella,
1560 4032 1633 4099 et
1672 4023 1748 4097 in
1786 4045 1875 4100 ea
1915 4026 2101 4102 duae
2141 4050 2481 4123 coronae3
2522 4039 2673 4106 tum
2716 4057 2955 4109 sacer·

691 4141 903 4216 dotes
927 4146 1335 4237 convocati,
1362 4171 1621 4224 aecum
1662 4153 2334 4253 ceremoniisuatque
2353 4157 2623 4233 divinis
2663 4161 2955 4258 hymnis

688 4268 765 4340 in
840 4269 1237 4344 ecclesiam
1296 4271 1755 4371 deportatae,
1815 4304 1903 4353 ac
1961 4281 2367 4356 solenniter
2433 4282 2602 4359 Deo
2662 4289 2952 4382 gratiae

693 4381 930 4449 actae.
992 4375 1178 4452 Post
1233 4380 1415 4454 hacc
1478 4384 1742 4460 iterum
1783 4387 2102 4483 quinque
2144 4387 2336 4463 alias
2376 4412 2693 4467 coronas
2736 4396 2953 4471 confi-

687 4498 992 4575 ciendas
1032 4504 1363 4580 curabat.
1406 4507 1597 4583 Nam
1642 4511 1942 4588 totidem
1985 4521 2058 4589 et
2096 4537 2333 4611 regna
2371 4516 2669 4594 sibimet
2730 4520 2949 4598 desti-
