3293 5219
847 358 1003 439 346

844 580 1073 666 tabat,
1112 578 1363 653 irritus
1402 579 1539 653 fuit
1596 587 1924 654 conatus.
1989 581 2226 656 Effusi
2262 605 2396 679 per
2430 582 2766 673 insulam,
2805 584 3063 658 absum·

843 706 990 803 ptis
1030 727 1164 802 per
1201 727 1482 780 omnem
1522 704 1909 780 lasciviam
1950 730 2037 802 ac
2076 703 2322 783 luxum
2362 708 2565 798 vicis,
2609 708 2914 806 oppidis.
2949 709 3062 784 vil·

845 834 1098 929 lisque,
1142 833 1519 909 mutabant
1539 834 1834 927 stativa3
1875 857 2010 908 nec
2035 836 2224 909 enim
2266 836 2451 909 satis
2491 844 2670 926 erat,
2712 837 2835 929 uti,
2873 837 3064 910 etiam

847 981 1193 1056 equorum
1275 959 1508 1033 lectos
1549 984 1637 1033 ac
1681 961 1839 1034 vias
1895 984 2281 1050 coenosae,
2338 971 2417 1036 ut
2454 958 2852 1037 autumnali
2914 971 3063 1037 tem·

844 1109 1042 1184 pore,
1127 1088 1201 1159 in
1257 1110 1525 1182 magna
1563 1096 2127 1162 stramentorum
2187 1088 2421 1184 copia,
2507 1088 2866 1163 frumento
2915 1111 3061 1164 con·

844 1215 1292 1288 sternebant.
1352 1213 1470 1288 Ex
1510 1213 1842 1289 castellis
1883 1238 1973 1288 ac
2013 1215 2345 1289 domibus
2427 1216 2712 1290 nobiles
2770 1217 2920 1308 viri,
2987 1242 3060 1292 ac

845 1346 1223 1415 matronae
1262 1363 1421 1414 cum
1477 1340 1779 1416 familiis
1820 1343 2402 1440 expellebantur.
2465 1343 2677 1418 Haec
2715 1345 2788 1418 in
2827 1345 3058 1418 absen-

844 1466 950 1540 tia
988 1467 1338 1574 caesariS‚
1381 1491 1516 1542 nec
1555 1468 1789 1544 minus
1829 1470 2234 1544 insolenter
2273 1470 2347 1543 in
2383 1469 2847 1568 praesentia;
2883 1471 3059 1568 prius

842 1617 976 1692 per
1035 1594 1402 1670 licentiam
1461 1596 1766 1670 militum
1808 1597 2001 1688 victi,
2044 1621 2261 1693 quam
2316 1621 2451 1694 per
2506 1597 2810 1673 hostem.
2851 1599 2930 1672 [n
2964 1599 3055 1672 iti-

843 1744 1021 1797 nere
1078 1721 1264 1794 enim
1339 1744 1430 1795 ex
1489 1721 1713 1816 agris,
1755 1746 1845 1796 ex
1903 1722 2086 1796 vicis
2141 1724 2578 1800 frumentum
2636 1726 3056 1822 inspectante

846 1869 1156 1922 caesare
1195 1848 1768 1944 distrahebatur;
1811 1849 1883 1923 in
1923 1850 2193 1925 castris
2235 1850 2544 1947 quisque
2585 1850 2726 1925 sibi
2766 1873 3058 1940 acervos,

846 1984 919 2050 et
993 1974 1322 2050 cumulos
1378 1977 1769 2074 parabant,
1846 2000 2065 2052 verso
2106 1979 2327 2053 etiam
2385 1978 2456 2051 in
2536 1984 3059 2053 stramentorum

843 2124 1073 2177 usum.
1134 2099 1440 2194 Pecora,
1480 2126 1602 2177 res
1642 2104 1716 2176 vi
1757 2104 2101 2197 adimere,
2142 2113 2359 2199 tecta,
2401 2106 2677 2196 domus,
2717 2103 2945 2194 villas,
2978 2104 3060 2175 vi·

847 2250 1118 2326 cosque
1156 2229 1491 2326 integros
1531 2227 1949 2314 detrahere3
1988 2237 2363 2331 postremo
2383 2231 2750 2306 hostiliter
2787 2230 3057 2310 saevire.

847 2356 1346 2456 manipulatim
1459 2380 1546 2430 ac
1675 2359 2040 2453 gregatim
2131 2360 2416 2455 vagari.
2513 2381 2648 2432 nec
2758 2364 3058 2453 agrestes

845 2483 1077 2576 modo,
1118 2482 1249 2557 sed
1270 2482 1527 2560 obvios
1569 2507 1857 2582 quoque
1878 2483 2223 2581 spoliare,
2245 2507 2334 2557 ac
2351 2494 2849 2581 repugnantes
2866 2483 3053 2558 truci·

848 2611 1044 2685 dare.
1086 2612 1499 2707 Tamquam
1537 2611 1805 2687 hostile
1860 2615 2094 2687 solum
2152 2634 2385 2702 urere,
2443 2618 2763 2700 vastare,
2819 2631 3062 2709 rapere;

849 2739 954 2813 ita
992 2761 1206 2835 quam
1265 2737 1699 2834 longissime
1739 2740 2048 2835 evagari
2107 2746 2432 2838 potuere,
2474 2739 2819 2835 quicquid
2888 2736 3061 2811 villa·

851 2888 1028 2957 rum,
1089 2865 1559 2961 vicorumque
1597 2866 1755 2956 fuit,
1797 2865 2226 2940 distractum
2269 2867 2844 2962 ambustumque.
2882 2861 3060 2939 Unde

853 2999 1046 3066 metu
1086 2990 1304 3066 etiam
1344 2991 1417 3065 in
1476 2992 1908 3066 remotiores
1947 3001 2386 3089 propagato,
2418 2992 2955 3066 deserebantur.
2991 2988 3057 3059 ln

851 3124 1059 3193 tanta
1097 3117 1464 3217 hominum
1503 3118 1980 3207 multitudine,
2006 3126 2079 3192 et
2116 3124 2322 3192 tanta
2360 3118 2684 3207 licentia.
2724 3140 2856 3215 per
2890 3136 3062 3189 omne

852 3251 1136 3343 tempus
1176 3244 1354 3320 belli
1409 3246 1708 3343 punitus
1766 3245 2154 3342 quisquam
2212 3268 2348 3319 nec
2387 3246 2593 3318 visus
2634 3266 2770 3318 nec
2808 3241 3057 3318 auditus

850 3379 986 3447 est.
1078 3371 1569 3469 Disciplinam
1665 3381 1737 3446 et
1810 3372 2303 3463 severitatem,
2416 3370 2721 3446 laudata
2778 3370 2936 3445 olim
3010 3375 3063 3439 et

850 3501 1230 3575 celebrata
1284 3499 1550 3596 priscis
1594 3499 1920 3591 ducibus,
1978 3499 2351 3573 interiisse
2410 3498 2777 3572 crederes.
2866 3494 3056 3568 Paulo

850 3634 1021 3725 post
1077 3627 1362 3723 equites
1401 3648 1651 3700 omnes
1711 3624 2193 3719 exauctorati3
2249 3624 2465 3698 trium
2521 3624 2884 3719 legionum
2932 3618 3061 3695 reli·

854 3752 1072 3850 quiae
1164 3761 1497 3828 retentae
1609 3753 1767 3828 sine
1841 3753 1995 3828 ulla
2087 3751 2615 3850 stipendiorum
2709 3749 3050 3825 solutione.

856 3880 1194 3955 Tandem
1268 3879 1394 3954 alii
1506 3880 1775 3976 inopia,
1851 3879 1979 3953 alii
2054 3878 2287 3976 copia,
2380 3884 2656 3969 ventre,
2717 3877 2889 3972 gula
2951 3870 3059 3947 sibi

851 4005 998 4106 ipsi
1050 4007 1329 4101 hosteS,
1406 4030 1495 4081 ac
1570 3990 1762 4080 ¹tabe
1821 4014 2063 4080 mutuo
2156 4003 2587 4089 inficienteS‚
2629 4025 2880 4077 omnes
2931 4018 3060 4098 pro·

854 4161 949 4237 pe
1059 4135 1445 4231 interiere3
1540 4134 1834 4209 effossis
1967 4133 2355 4209 scrobibus
2470 4129 2705 4204 viceni
2820 4123 3064 4204 triceni-

858 4288 1018 4362 que,
1129 4263 1387 4338 mirum
1465 4262 1681 4355 dictu,
1792 4261 2328 4359 injiciebantur.
2376 4317 2389 4327 .
2441 4259 2681 4334 Erant
2773 4254 3069 4331 scrobes.

854 4392 930 4466 in
969 4391 1178 4489 queis
1220 4390 1495 4481 duceni,
1573 4389 1870 4476 treceni,
1931 4396 2003 4461 et
2081 4387 2427 4483 quingeni
2470 4386 3065 4480 aggregarentur:

859 4541 1021 4592 cum
1074 4517 1337 4593 nedum
1379 4514 1717 4613 singulis.
1778 4513 1910 4589 sed
1948 4537 2083 4587 nec
2125 4512 2458 4610 pluribus
2501 4511 2792 4607 quidem
2849 4510 2918 4582 in
2951 4514 3066 4580 tam

857 4645 1076 4719 foeda
1169 4643 1614 4719 mortalitate
1710 4642 2131 4717 sufficerent
2222 4642 2461 4722 busta.
2560 4638 2691 4713 IV.
2789 4628 3056 4710 Calend.

2198 4882 2525 5021 ’χ

2548 5056 2583 5117 *q*
