3293 5219
2390 281 2547 363 335

298 521 433 574 nas
491 499 840 595 fundere3
900 522 1135 597 neque
1169 506 1412 573 tamen
1471 499 1847 597 prohiberi
1912 500 2192 577 incerto
2234 502 2541 599 imperio

295 633 676 722 poterant3
731 626 836 700 ita
873 625 1139 699 insveti
1197 627 1475 701 fructus
1534 626 1749 723 copia
1807 649 1893 700 ac
1933 635 2189 703 aestus
2223 628 2544 703 infirma-

295 760 558 827 verant
594 752 1014 827 exercitum.
1073 749 1362 827 Castris
1402 753 1603 827 nulla
1696 759 1908 826 erant
1963 754 2427 848 munimenta,
2466 762 2545 829 ut

295 878 406 952 cui
542 878 867 970 libitum,
1005 878 1287 975 passim
1385 877 1706 975 dispersi
1817 878 1890 951 in
1986 904 2254 975 magna
2345 902 2546 954 secu-

292 1004 509 1079 ritate
549 1029 817 1101 agere3
879 1028 1039 1079 cum
1102 1003 1551 1101 Strigonium
1609 1013 1683 1077 et
1739 1004 2031 1078 Budam
2086 1006 2411 1081 recentia
2444 1014 2541 1080 ·et

291 1155 563 1225 magna
599 1131 978 1229 praesidia
1015 1132 1428 1228 classisque
1467 1132 1963 1224 advenissent,
2004 1142 2077 1207 et
2116 1133 2353 1208 Albae
2394 1133 2533 1206 Re-

291 1259 446 1353 gali
468 1266 783 1354 quatuor
803 1282 892 1334 ae
912 1260 1169 1356 viginti
1191 1260 1423 1334 millia
1461 1259 1869 1334 Turcarum
1890 1261 1963 1333 in
1983 1262 2251 1335 castris
2273 1269 2542 1336 essent.

295 1383 534 1457 Paulo
591 1393 764 1480 post
817 1373 1302 1483 caput'Zrinii
1340 1387 1567 1461 bassa
1606 1389 1977 1482 budensis,
2031 1414 2077 1461 a
2132 1387 2541 1463 Mehemeto

288 1510 644 1606 primario
683 1512 914 1586 viziro
954 1520 1355 1613 acceptum,
1379 1514 1471 1588 ad
1524 1512 1877 1590 Ecchium
1920 1515 2255 1590 comitem
2296 1540 2341 1587 a
2379 1512 2538 1588 Sal-

287 1637 452 1730 mis,
493 1639 922 1736 imperatori
981 1641 1169 1715 dono
1210 1642 1408 1714 misit
1445 1669 1460 1713 :
1519 1642 1655 1715 sed
1710 1642 1973 1739 pavori
2011 1642 2104 1716 ad
2140 1641 2538 1715 exercitum

286 1772 516 1861 atque
577 1768 943 1862 ostentui3
997 1769 1191 1864 quod
1244 1768 1539 1865 publico
1597 1747 1856 1842 funere
1902 1769 2115 1843 uxori
2170 1774 2242 1841 et
2280 1767 2539 1841 liberis

285 1890 700 1965 remissum.
779 1893 830 1967 J
836 1915 948 1966 am
991 1916 1272 1968 summa
1311 1894 1679 1989 ignoratio
1719 1918 1963 1968 rerum
2004 1894 2315 1967 omnium
2357 1901 2540 1987 erat3

288 2042 465 2091 nam
487 2020 1002 2115 exploratores
1023 2029 1322 2118 praeter
1343 2043 1560 2095 unum
1598 2029 1725 2094 aut
1783 2021 2091 2098 alterum
2130 2019 2203 2093 in
2242 2018 2537 2092 civitate

291 2142 804 2239 strigoniensi,
862 2148 1254 2243 gregarios
1293 2148 1646 2245 vilesque,
1688 2145 1907 2240 nulli3
1966 2147 2324 2246 perfugae
2361 2168 2537 2243 pau-

289 2270 359 2343 ci
421 2277 497 2344 et
551 2271 847 2347 obscuri
904 2274 1252 2369 ambigua
1346 2275 1789 2349 referebant.
1850 2273 2197 2348 Petivere
2243 2270 2538 2367 Ungari

286 2396 605 2472 delectis
680 2422 773 2474 ex
838 2408 994 2476 toto
1053 2401 1380 2500 exercitu
1436 2402 1742 2495 idoneis,
1800 2404 2144 2476 albenses
2220 2396 2535 2489 adoriri:

284 2548 442 2600 non
516 2525 938 2602 indecorum
1012 2529 1337 2621 facinus,
1414 2530 1480 2603 si
1550 2530 1743 2604 votis
1820 2529 2054 2603 virtus
2132 2526 2533 2621 adfuisset3

282 2652 689 2728 ostendunt
742 2654 882 2728 iter
936 2656 1172 2730 noctis
1227 2656 1478 2749 unius;
1534 2657 1942 2754 periculum
1999 2655 2313 2750 nullum3
2369 2677 2535 2752 per-

276 2779 522 2855 tinere
580 2782 692 2854 ad*
729 2783 1001 2857 famam
1055 2782 1411 2883 principis
1505 2793 1579 2857 et
1630 2783 1815 2859 tanti
1907 2783 2314 2873 exercitus,
2370 2802 2536 2880 pro-

277 2905 565 3004 pinquo
621 2904 841 2984 hoste
934 2932 1024 2984 ac
1132 2909 1362 2983 milite
1434 2908 1751 2984 asiatico
1862 2909 2177 3001 imbelli,
2236 2908 2534 3005 dignum

275 3033 533 3129 gloria
624 3035 917 3109 audere.
1028 3035 1265 3131 Igitur
1324 3035 1643 3131 equitum
1722 3057 2236 3129 germanorum
2338 3041 2536 3108 cata-

275 3156 760 3257 phractorum
817 3168 1103 3261 septem
1143 3162 1391 3252 millia,
1413 3161 1969 3237 ferrariensium
2014 3186 2175 3236 cum
2214 3162 2541 3236 volunta-

277 3285 414 3360 riis
492 3285 716 3377 mille,
790 3310 1228 3384 ungarorum
1291 3288 1612 3385 equitum
1674 3287 1869 3361 mille
1910 3296 1983 3360 et
2053 3287 2377 3383 peditum
2434 3293 2537 3359 to-

276 3414 532 3506 tidem,
571 3414 909 3491 italorum
930 3415 1253 3514 peditum
1285 3423 1596 3512 quatuor
1651 3413 1899 3507 millia,
1956 3413 2288 3510 plerique
2329 3417 2537 3509 equis

279 3540 669 3638 carrisque
745 3542 1086 3641 impositi,
1147 3552 1458 3639 quatuor
1516 3549 1590 3617 et
1639 3542 1890 3617 decem
1944 3541 2173 3615 millia
2244 3543 2534 3640 species

271 3667 465 3764 justi
498 3668 890 3761 exercitus,
932 3671 1145 3746 VIII.
1204 3667 1509 3745 Calend.
1575 3666 1837 3744 Octob.
1899 3668 2360 3765 imperatore
2417 3693 2533 3744 co-

278 3817 443 3868 ram
483 3796 822 3893 profecti,
880 3795 1162 3872 duobus
1201 3819 1289 3871 ac
1366 3794 1628 3891 viginti
1692 3793 2074 3869 tormentis
2115 3793 2529 3869 currulibus

280 3921 687 4021 conductis.
730 3922 1120 4019 Ungariet
1155 3924 1313 3999 itali
1335 3922 1682 4021 expediti.
1724 3919 2077 3996 Germani
2117 3941 2395 4013 carros,
2453 3928 2528 3995 et

277 4049 786 4140 tabernacula,
821 4048 1354 4145 impedimenta,
1429 4056 1504 4123 et
1558 4057 2003 4121 commeatus
2045 4054 2391 4143 tanquam
2431 4046 2527 4120 ad

279 4177 585 4273 longam
641 4176 1177 4273 expeditionem
1195 4176 1484 4251 vehere.
1504 4176 1680 4251 Jam
1699 4174 2008 4274 primum
2064 4196 2274 4249 mane
2326 4172 2525 4247 tubis

279 4303 529 4379 itineri
586 4302 873 4399 signum
914 4304 1178 4393 datum,
1218 4328 1386 4379 mox
1429 4303 1627 4401 Jussi
1682 4303 1754 4376 in
1814 4308 2062 4376 castra
2116 4299 2377 4392 redire3
2435 4322 2526 4373 ac

287 4433 555 4510 iterum
683 4455 862 4507 sono
938 4434 1273 4507 tubarum
1365 4431 1585 4507 exciti
1662 4429 1900 4505 medio
1977 4427 2122 4503 diei
2197 4427 2520 4502 abivcre.

290 4561 624 4651 Quatuor
678 4560 1117 4636 milliaribus
1168 4559 1522 4636 confectis
1577 4558 1654 4631 in
1710 4557 1903 4632 silva
1974 4556 2229 4632 Bacon
2267 4576 2521 4628 conse-
