3293 5219
767 296 926 382 452

766 523 897 596 tim
936 518 1468 594 convehebant.
1509 515 1687 611 Ipse
1744 512 1939 586 inter
1999 533 2252 585 omnes
2297 511 2671 605 gravitate
2709 519 2783 585 et
2820 533 3022 586 sanc·

765 648 984 721 titate
1022 643 1335 741 quadam
1366 638 1943 713 venerabundus
2003 662 2232 734 saepe
2274 638 2722 728 concionari,
2764 660 3015 710 vocan-

770 774 864 847 do
900 772 1094 846 filios
1133 776 1261 843 aut
1296 770 1597 852 fratres,
1646 765 1742 839 ab
1784 765 1934 838 illis
2012 765 2337 838 vicissim
2397 773 2613 861 pater
2664 762 3024 862 appellari

772 899 1092 972 volebat.
1133 896 1186 972 J
1191 920 1309 968 am
1349 915 1536 989 ergo
1604 894 1699 965 ab
1740 892 2018 966 nostris
2077 899 2151 964 et
2192 893 2287 964 ab
2332 891 2606 965 Turcis
2646 890 3025 987 spectaba-

770 1035 909 1099 tur.
984 1023 1245 1098 Nostri
1321 1019 1614 1116 quidem
1677 1021 2055 1093 ambarum
2111 1017 2429 1114 partium
2487 1018 3023 1114 permittebant,

773 1171 1191 1249 quanquam
1232 1144 1725 1242 sapientiores
1784 1145 2164 1218 tumultum
2220 1143 2658 1241 popularem
2697 1163 3032 1217 exsecra-

771 1284 1047 1365 rentur,
1085 1278 1484 1376 propterea
1522 1271 1718 1367 quod
1768 1272 2284 1344 meminissent
2322 1295 2503 1367 rege
2542 1271 2921 1359 Ladislao‚
2963 1274 3031 1339 et

777 1400 1069 1476 Thoma
1107 1397 1673 1496 archiepiscopo
1751 1397 2253 1493 strigoniensi,
2314 1399 2438 1493 qui
2478 1397 2718 1470 Roma
2759 1396 3030 1469 crucia·

778 1536 930 1601 tam
1007 1523 1114 1624 (ut
1170 1519 1463 1621 vocant)
1542 1531 1803 1598 contra
1863 1525 2192 1596 Turcam
2239 1526 2635 1610 attulisset,
2677 1548 2770 1598 ex
2826 1523 3035 1596 bonis

782 1654 1052 1743 causis,
1094 1674 1309 1747 quam
1351 1659 1588 1740 atrOX,
1630 1673 1846 1745 quam
1891 1674 2113 1744 magn
2128 1672 2270 1740 um,
2315 1674 2530 1746 quam
2569 1648 3033 1724 formidabile

782 1776 1062 1853 bellum
1120 1773 1455 1871 Georgio
1515 1773 1745 1847 Sekel
1823 1798 1965 1849 uno
2047 1782 2347 1849 auctore
2442 1783 2678 1849 ortum
2755 1775 3034 1855 fuisset„

785 1927 927 2001 quo
985 1899 1395 1976 nobilitatis
1425 1901 1693 1995 ingens
1732 1923 2102 1990 numeruS,
2122 1924 2510 1997 procerum
2547 1900 2866 1997 plurimi,
2886 1899 3036 1997 ple-

782 2031 901 2105 bis
937 2050 1114 2102 vero
1174 2026 1632 2100 incredibilis
1672 2049 2018 2101 numerus
2060 2028 2408 2102 concisus
2434 2034 2568 2114 est,
2610 2034 2685 2100 et
2720 2028 2847 2098 vix
2885 2035 3035 2100 tan·

791 2155 957 2229 dem
1016 2152 1462 2227 exstinctum
1520 2162 1657 2245 est,
1714 2177 1893 2248 rege
1951 2152 2304 2228 Ladislao
2360 2153 2468 2226 ita
2503 2154 2923 2250 perterrito,
2961 2159 3035 2225 ut

790 2281 1077 2356 Budam
1115 2302 1423 2355 vacuam
1447 2281 1867 2377 relinquere
1893 2280 2265 2374 cogitarit.
2307 2278 2409 2352 At
2428 2280 2479 2354 J
2485 2280 2813 2354 ohannes
2862 2278 3035 2353 Bor-

785 2408 1073 2482 nemiza
1129 2408 1245 2481 vir
1318 2407 2007 2505 praestantissimus
2068 2429 2229 2480 cum
2274 2407 2432 2479 suis
2470 2413 2544 2479 et
2581 2428 2741 2478 cum
2783 2404 3035 2478 aulicis

784 2533 1159 2608 nobilibus
1196 2533 1837 2630 praetorianisque
1878 2556 1966 2605 ac
2007 2532 2196 2629 ipsis
2230 2530 2700 2606 Budensibus
2741 2531 2813 2603 in
2855 2554 3037 2603 cam-

788 2682 884 2757 po
924 2659 1295 2753 pesthano
1336 2683 1497 2733 cum
1536 2659 1868 2733 exercitu
1912 2682 2163 2733 eorum
2206 2659 2725 2733 innumerabili
2764 2657 3039 2753 ingenti
3120 2680 3127 2689 ·

790 2786 1078 2881 praelio
1119 2783 1448 2858 conflixit
1486 2793 1560 2858 et
1597 2786 1797 2858 vicit.
1858 2787 1911 2863 J
1916 2787 2252 2859 ohannes
2295 2807 2472 2858 vero
2511 2809 2665 2873 reX,
2702 2794 2855 2859 tum
2892 2786 3039 2877 vaj-

791 2909 985 2983 voda
1045 2910 1686 2997 Transsilvaniae‚
1732 2910 1914 2984 duos
1974 2911 2346 2985 exercitus
2386 2912 2462 2984 in
2517 2912 2854 2985 inferiori
2896 2910 3040 2987 Un-

792 3035 1008 3132 garia
1045 3035 1451 3131 ingentium
1489 3038 1865 3132 copiarum
1916 3037 2334 3133 viriumque
2399 3037 2684 3112 duobus
2740 3037 3039 3136 praeliis

795 3163 1173 3236 acerrimis
1206 3171 1278 3237 et
1300 3162 1615 3238 maxime
1654 3164 2117 3261 periculosis,
2141 3166 2386 3239 occiso
2410 3188 2655 3240 eorum
2698 3165 2882 3239 duce
2903 3162 3044 3239 Gre-

800 3284 1108 3387 orgio*),
1129 3289 1319 3363 fudit
1357 3313 1443 3364 ac
1481 3290 1776 3364 delevit.
1804 3289 2043 3379 Quam
2088 3291 2380 3386 quidem
2427 3293 2521 3364 ob
2541 3315 2694 3365 rem
2716 3293 3041 3389 praecla-

796 3415 1092 3489 rissime
1133 3425 1421 3512 gestam
1461 3417 1884 3490 universnm
1928 3425 2197 3513 postea
2220 3407 2526 3512 regnum
2563 3419 2889 3491 unanimi
2928 3418 3042 3491 de-

797 3534 1021 3632 cret0,
1059 3541 1123 3613 si
1162 3541 1374 3635 regia
1395 3542 1623 3637 stirps
1645 3540 2016 3631 deficeret,
2056 3543 2271 3640 regni
2312 3565 2657 3617 coronam
2681 3545 3039 3641 atqueim-

794 3665 1076 3762 perium
1116 3663 1261 3737 sibi
1301 3673 1541 3740 eotum
1582 3667 2002 3741 obtulerant
2039 3691 2127 3739 ac
2156 3669 2634 3762 jurejurando
2694 3670 3041 3766 promise·

796 3797 987 3864 rant.
1027 3789 1322 3866 Turcae
1362 3815 1515 3865 rem
1555 3815 1702 3866 non
1740 3792 2343 3867 contemnendam
2381 3794 2525 3866 sibi
2564 3794 2729 3884 rati,
2749 3795 3042 3891 ingenio

797 3916 1003 4013 prius
1027 3917 1369 4013 experiri,
1384 3918 1827 4013 legationem
1850 3922 2161 4011 mittere,
2186 3944 2276 3994 ac
2295 3920 2621 4012 nuncios,
2646 3922 3042 4015 pecuniam,

798 4049 873 4116 et
911 4042 1255 4117 ditionem
1295 4045 1618 4141 aliquam
1662 4045 1955 4120 illarum
1975 4047 2292 4143 partium
2313 4048 2603 4121 nomine
2619 4045 2877 4121 Selimi
2900 4045 3046 4143 pol-

799 4169 1031 4285 liceri.
1056 4170 1396 4267 Denique
1418 4169 1781 4245 hominem
1805 4173 2054 4247 verbis
2094 4174 2690 4261 circumveniunt,
2714 4183 2789 4247 et
2809 4174 3048 4246 dolum

1014 4554 1078 4626 ¹¹¹)
1104 4558 1346 4615 Istvdnfi
1365 4564 1640 4632 jegyzete
1665 4586 1678 4619 ε
1707 4563 1893 4637 Capto
1919 4568 2160 4637 primum
2187 4576 2246 4622 ct
2271 4570 2403 4623 dein
2431 4567 2857 4626 excarnificato,
