3293 5219
766 289 1022 353 LXXII

762 494 998 567 neque
1074 470 1428 567 injurias,
1488 469 1704 543 nobis
1765 474 1893 543 aut
1951 469 2230 542 nostris
2304 468 2498 544 forte
2564 468 2827 542 illatas
2884 465 3029 539 ullo

762 616 1081 691 unquam
1144 603 1476 692 tempore
1531 595 1839 683 ulturos,
1879 616 2118 691 neque
2157 593 2232 667 in
2267 593 2507 681 bonis,
2563 592 3029 687 Juribusque

767 721 1421 808 Possessionariis‚
1484 727 1612 795 aut
1666 720 1743 794 in
1801 742 2145 820 persona,
2185 721 2280 794 ob
2318 719 2394 793 id
2429 719 2669 817 ipsum
2730 737 3028 816 quoquo

764 844 974 922 modo
1034 845 1660 922 interturbaturos
1716 868 1905 921 esse.
1958 846 2240 921 Harum
2281 844 2696 919 testimonio
2741 843 3028 917 littera-

760 996 918 1047 rum
976 996 1193 1046 manu
1251 978 1511 1048 nostra
1566 972 2186 1069 subscriptarum,
2228 977 2301 1044 et
2341 968 2577 1067 sigilli
2613 968 2862 1046 nostri
2905 992 3029 1066 ap·

761 1098 1149 1195 pressione
1209 1097 1672 1173 munitarum.
1744 1098 2019 1173 Datum
2074 1097 2151 1171 in
2213 1095 2408 1170 Arce
2463 1103 2718 1172 nostra
2777 1093 3035 1190 Regia

761 1223 1060 1320 Pragae
1118 1223 1263 1298 Die
1321 1223 1581 1298 ultima
1634 1210 1923 1298 Mensis
1963 1223 2274 1301 Januar.
2339 1219 2553 1298 Anno
2594 1222 2745 1296 Dni
2791 1220 3031 1295 Mille·

762 1349 947 1424 simo
987 1348 1598 1444 Quingentesimo
1640 1347 2214 1448 Septuagesimo
2259 1348 2528 1424 Primo.
2586 1348 3027 1443 Regnorum

761 1482 1179 1550 nostrorum
1216 1474 1530 1552 Romani
1571 1476 1808 1567 Nono,
1848 1475 2258 1571 Hungarici
2286 1473 2600 1566 Octavo,
2638 1469 3029 1550 Bohemici

763 1622 942 1676 vero
983 1598 1373 1694 Vigesi‘mo
1413 1597 1771 1675 Secundo.

982 1723 1537 1801 Maximilianus
1578 1727 1759 1823 Imp.

2055 1848 2110 1926 J
2115 1870 2393 1926 oannes
2444 1848 2805 1939 Listhius,

2086 1971 2184 2035 Ep.
2210 1971 2569 2036 vesprimiens
2596 1987 2664 2020 m.
2694 1987 2744 2035 p.

760 2094 1026 2157 (Eredetie
1069 2110 1100 2144 a
1142 2110 1220 2159 gr.
1267 2096 1578 2159 Forgtwhok
1626 2095 1824 2146 csalfidi
1870 2093 2243 2146 lovcltaraban.
2291 2095 2484 2146 Kiadta
2528 2094 2788 2162 Monuit-9,
2836 2111 2888 2144 n.
2918 2110 2966 2143 o.
2995 2109 3026 2141 a

1715 2188 1936 2237 loo—2.
1965 2185 2060 2251 ll.).

1818 2723 1950 2799 VI.

852 2898 1307 2974 Maximilidn
1362 2901 1594 3001 kirdly
1627 2901 1832 2975 levele
1868 2901 2191 3002 Forydch
2227 2902 2648 2978 Ferenczkez
2690 2904 2791 2974 15
2806 2903 2923 2975 71.

1693 3039 1902 3100 mart.
1950 3029 2072 3099 29.

976 3222 1048 3292 M
1055 3220 1370 3316 agnifico
1430 3169 1836 3298 Francisco
1894 3223 2246 3321 Forgach
2299 3225 2391 3299 de
2429 3221 2766 3319 Ghimes,
2809 3224 3016 3300 fideli

760 3349 975 3425 nobis
1014 3344 1328 3423 dilecto!

973 3471 1528 3550 Maximilianus
1567 3471 1949 3551 Secundus
1971 3476 2250 3553 Divina
2285 3478 2579 3555 favente
2599 3475 3018 3552 Clementia

756 3602 1041 3677 electus
1097 3599 1597 3678 Romanorum
1654 3602 2093 3698 Imperator,
2150 3625 2242 3678 ac
2278 3601 2713 3699 Hungariae
2766 3601 3013 3677 Bohe-

754 3726 947 3803 miae
985 3725 1150 3802 Rex
1192 3734 1329 3803 etc.

969 3853 1368 3950 Magnifice
1407 3852 1622 3930 nobis
1664 3852 1965 3931 dilecte!
2007 3852 2273 3946 Qualis
2312 3857 2678 3957 superiori
2716 3865 3013 3935 aestate

747 3978 950 4053 facta
984 3978 1208 4055 fuerit
1242 3980 1435 4055 iuter
1472 4003 1632 4072 nos,
1673 4005 1764 4056 ac
1795 3978 2366 4059 Serenissimum
2406 3984 2778 4081 quondam
2798 3983 3011 4061 Prin-

749 4099 992 4194 cipem
1051 4104 1631 4185 Transilvaniae
1690 4115 1825 4183 etc.
1882 4110 2179 4186 affinem
2237 4120 2311 4188 et
2375 4115 3007 4212 consanguineum

749 4231 1076 4297 nostrum
1155 4232 1668 4310 charissimum
1751 4237 2203 4332 transactio,
2284 4248 2508 4337 atque
2581 4243 3005 4337 concordia,

748 4345 1020 4421 scimus
1076 4351 1207 4424 tibi
1265 4358 1559 4437 abunde
1615 4361 1802 4437 satis
1858 4371 2222 4458 constare,
2266 4388 2354 4442 eo
2395 4368 2592 4463 quod
2641 4368 3004 4467 Princeps

745 4472 909 4569 ipse
968 4471 1390 4572 defunctus,
1453 4489 1683 4561 totum
1742 4488 1883 4562 hoc
1937 4488 2310 4585 negotium
2386 4497 2629 4569 tecum
2689 4515 3001 4594 quoque,
