3293 5219
724 271 881 349 262

726 486 1002 585 Giroty
1031 517 1046 560 ε
1072 489 1303 563 ceteri
1324 510 1624 563 numero
1655 490 1813 564 fere
1838 488 2056 584 CCC,
2084 489 2384 585 Graeci,
2408 490 2693 582 Poloni,
2718 491 2997 567 Rutbe-

724 620 818 709 ni,
864 616 1181 705 Turcae,
1262 611 1641 706 Germani,
1720 617 1917 709 Itali,
1960 627 2033 692 et
2089 617 2372 715 aliquot
2411 619 2754 694 Valachi.
2799 618 2996 694 Pau-

733 766 868 820 cos
908 749 1083 841 post
1123 740 1286 814 dies
1330 742 1613 814 Tomsa
1651 764 2042 817 numeroso
2102 751 2177 817 et
2219 765 2489 839 magno
2532 745 2863 820 exercitu
2906 745 3000 819 ad

732 893 989 955 arcem
1051 866 1532 942 obsidendam
1596 869 1822 942 venit.
1864 868 2150 960 Quibus
2189 870 2523 945 ,Iacobus
2566 879 2638 945 ct
2679 880 2998 947 tormen-

734 997 855 1091 tis,
897 1005 973 1072 et
1010 994 1320 1095 praeliis
1345 993 1793 1091 quotidianis
1816 997 2138 1071 maxima
2159 997 2595 1073 detrimenta
2620 1023 2781 1073 cum
2823 999 3000 1072 mul-

734 1134 811 1200 to
849 1125 1131 1219 majore
1171 1144 1419 1196 eorum
1443 1122 1670 1195 caede
1701 1123 2413 1219 infe1·ebat:ignaris
2466 1125 2816 1199 barbaris
2859 1126 3005 1198 val·

737 1250 887 1324 lum
944 1249 1236 1338 facere,
1313 1270 1673 1342 aggerem
1751 1248 2103 1340 excitare,
2180 1249 2560 1324 cuniculos
2622 1273 2876 1346 agere,
2933 1260 3005 1326 et

739 1397 929 1473 quae
1004 1372 1100 1448 ad
1190 1372 1661 1471 occupandas
1720 1397 1932 1449 arces
2029 1383 2202 1450 sunt
2244 1376 2721 1468 necessaria3
2763 1376 2919 1451 illis
2960 1399 2998 1451 e

744 1505 1006 1573 contra
1045 1521 1233 1594 quae
1273 1497 1369 1572 ad
1419 1521 1574 1572 rem
1629 1499 2023 1574 militarem
2062 1502 2231 1577 usui
2271 1509 2461 1592 sunt,
2504 1503 2847 1576 omnibus
2890 1526 3007 1577 ex-

743 1624 1190 1726 pertissimis
1231 1632 1304 1697 et
1357 1623 1853 1721 peritissimis.
1916 1626 2095 1702 Ideo
2142 1650 2309 1702 cum
2351 1628 2655 1702 barbari
2699 1636 3014 1726 quatuor

744 1758 1122 1829 tormenta
1164 1750 1273 1824 ita
1329 1749 1898 1848 disposuissent,
1974 1761 2055 1827 ut
2091 1761 2385 1850 portam
2445 1755 2642 1828 arcis
2681 1753 3011 1829 nonnihil

745 1880 1206 1969 infestarent,
1229 1876 1769 1973 crederentque
1797 1878 1970 1953 illos
2016 1904 2106 1954 ea
2128 1882 2415 1955 ratione
2445 1905 2490 1953 a
2508 1881 2820 1978 praeliis
2849 1903 3013 1979 pro·

751 2003 1143 2095 bibituros,
1189 2010 1263 2077 et
1300 2003 1499 2078 intra
1527 2026 1773 2078 arcem
1820 2014 2243 2082 arctaturos
2287 2036 2304 2081 ε
2358 2006 2468 2082 illi
2527 2029 2660 2103 per
2699 2008 3017 2105 eruptio-

752 2154 920 2207 nem
940 2154 1285 2226 magnam
1319 2128 1638 2208 hostium
1661 2141 1990 2229 stragem
2013 2134 2422 2227 edidere,et
2448 2134 2593 2209 tria
2623 2142 3016 2224 tormenta,

755 2259 1044 2334 etiamsi
1062 2259 1316 2333 hostes
1339 2258 1737 2334 defendere
1759 2261 1945 2336 satis
1968 2261 2519 2355 conarentu1·,in
2560 2284 2808 2335 arcem
2850 2262 3018 2335 abs·

753 2394 1091 2482 traxere3
1131 2408 1273 2483 quo
1331 2385 1616 2483 praelio
1713 2409 1845 2460 sex
1885 2393 2163 2462 tantum
2227 2411 2317 2462 ex
2357 2386 2692 2483 Ungaris
2734 2386 3022 2461 deside-

758 2504 908 2586 rati
944 2519 1132 2587 sunt.

971 2638 1398 2713 Demetrius
1418 2661 1594 2715 vero
1622 2642 1783 2736 jam
1820 2648 1987 2716 ante
2009 2641 2102 2716 ab
2124 2641 2485 2716 Valachis
2506 2641 2604 2714 ad
2639 2640 3020 2738 principa-

760 2772 910 2841 tum
950 2772 1299 2841 evocatus
1320 2788 1554 2864 prope
1596 2766 1895 2852 aderat3
1938 2790 2167 2864 quare
2208 2769 2494 2842 Tomsa
2514 2766 2776 2841 relicta
2816 2765 3026 2841 arcis

763 2892 1168 2986 obsidione,
1209 2900 1282 2968 et
1308 2917 1443 2993 per
1462 2900 1758 2989 pontem
1778 2895 2220 2969 transmisso
2263 2893 2529 2969 Sereto
2569 2915 2804 2984 amne,
2829 2892 3028 2967 haud

761 3020 988 3115 longe
1027 3027 1276 3095 castra
1313 3020 1541 3118 ponit.
1580 3020 1914 3095 ,Iacobus
1953 3027 2196 3095 autem
2220 3028 2293 3094 et
2316 3020 2437 3116 qui
2477 3020 2554 3093 in
2592 3042 2765 3093 arce
2789 3024 3029 3104 erant,

768 3167 916 3219 non
972 3146 1194 3220 aliter
1268 3147 1694 3243 credebant,
1746 3168 1832 3220 ac
1889 3146 1955 3220 si
2012 3146 2291 3221 auxilia
2345 3145 2702 3220 venirent.
2760 3147 3028 3240 Itaque

768 3271 1196 3346 Demetrius
1273 3294 1360 3347 eo
1434 3273 1618 3365 locO,
1679 3295 1772 3346 ex
1813 3294 1955 3367 quo
1999 3269 2284 3346 Tomsa
2343 3271 2820 3365 discesserat,
2863 3291 3030 3345 con-

783 3397 1000 3473 sedit.
1111 3400 1545 3496 Eodemque
1646 3397 1764 3471 die
1860 3396 2282 3473 Pisoccium
2358 3396 2802 3494 interposita
2895 3395 3037 3469 fide

780 3525 873 3600 ad
930 3525 1295 3602 Jacobum
1352 3525 1601 3616 mittit,
1660 3523 2272 3619 conditionesque
2326 3522 2465 3598 has
2507 3545 2640 3621 per
2681 3544 2848 3597 eum
2904 3520 3036 3599 Ja-

778 3658 963 3732 cobo
1022 3651 1444 3729 denunciari
1492 3651 1749 3747 jubet,
1829 3657 1910 3725 ut
1968 3648 2286 3745 quinque
2373 3655 2447 3721 et
2503 3646 2769 3743 viginti
2804 3645 3039 3720 millia

778 3784 1225 3859 florenorum
1278 3776 1777 3876 impensarum
1834 3775 2149 3867 nomine,
2226 3796 2411 3870 quas
2469 3773 2543 3847 in
2600 3773 2880 3847 bellum
2937 3771 3041 3848 fe·

787 3909 1038 3988 cisset,
1093 3907 1146 3983 J
1152 3906 1429 3980 acobus
1490 3903 1553 3976 si
1616 3903 1997 4002 penderet,
2057 3900 2405 3998 deinceps
2446 3921 2624 3974 vero
2672 3899 2751 3972 in
2790 3899 3042 3995 singu·

779 4034 896 4110 los
943 4057 1176 4110 annos
1214 4033 1374 4108 XII
1437 4030 1691 4124 millia,
1751 4053 1921 4106 sese
1962 4052 2054 4103 ex
2092 4026 2474 4127 praesenti
2512 4024 2845 4124 periculo
2886 4048 3042 4100 ere·

780 4170 1104 4262 pturum,
1165 4166 1239 4234 et
1295 4160 1369 4234 in
1426 4160 1800 4255 integrum
1857 4180 2016 4232 eum
2056 4154 2572 4254 repositurum.
2614 4151 2736 4227 Ab
2779 4151 3050 4249 quibus

785 4289 836 4365 J
843 4287 1129 4362 acobus
1168 4310 1316 4361 non
1354 4293 1522 4360 erat
1580 4283 1889 4360 alienus.
1932 4281 2082 4358 Sed
2136 4284 2421 4356 interea
2459 4279 2783 4355 Valachi
2819 4278 3054 4353 ullam

783 4412 1300 4489 tractationem
1376 4434 1538 4485 cum
1611 4409 1666 4486 J
1671 4411 1899 4484 acobo
1966 4409 2126 4485 fieri
2203 4404 2758 4495 dissvadentes,
2835 4404 3059 4478 simul

783 4537 1324 4637 promittentes,
1371 4535 1436 4609 si
1508 4537 1953 4633 quingentos
1980 4530 2340 4608 delectos
2398 4552 2491 4604 ex
2529 4536 2686 4605 toto
2725 4527 3060 4603 exercitu
