3293 5219
303 537 451 615 turi
507 540 796 616 omnino
873 539 1079 617 eritis
1155 549 1281 617 aut
1335 542 1658 636 gratuito
1716 548 1843 617 aut
1916 543 2010 616 vi.
2084 543 2231 619 Sed
2284 550 2543 619 cavete

301 688 711 764 provocare
751 689 959 741 arma
1001 676 1257 742 nostra
1312 667 1720 760 horribilia,
1761 669 2102 766 quoniam
2144 671 2542 746 circumda-

303 793 546 867 bimus
583 815 736 890 ‘vos
791 792 1011 867 bellis
1067 793 1402 868 omnibus
1452 819 1544 870 ex
1600 795 1958 892 partibus.
2005 795 2292 894 Opibus
2351 797 2541 871 enim
2690 810 2700 822 “

307 918 584 995 vestris
621 943 765 994 non
828 917 1235 1011 confidatis,
1295 943 1478 1017 quas
1534 941 1671 994 nos
1709 921 2063 996 faciemus
2121 923 2356 997 instar
2404 929 2547 1000 tor-

304 1046 537 1121 rentis
575 1045 957 1122 celerrime
1013 1047 1337 1121 effluere.
1396 1045 1768 1126 Poscebat
1824 1057 2072 1126 orator
2127 1074 2173 1123 a
2211 1050 2391 1125 duce
2430 1072 2542 1124 se-

303 1179 581 1246 cretum
623 1171 1079 1268 colloquium,
1132 1170 1327 1247 velle
1384 1194 1466 1246 se
1522 1172 1777 1247 modos
1837 1174 2378 1270 componendae
2436 1176 2544 1249 rei

308 1298 719 1374 ostendere.
758 1294 861 1371 At
895 1304 1168 1393 negato
1203 1320 1316 1387 ee,
1358 1304 1432 1372 et
1469 1299 1719 1372 verbis
1758 1307 2034 1374 tantum
2072 1300 2328 1398 paucis
2369 1300 2541 1375 dato

303 1445 689 1521 responsO,
758 1422 1006 1498 statim
1064 1445 1195 1517 per
1254 1423 1720 1521 apparitores
1776 1425 2110 1522 publicos
2184 1426 2545 1500 naviculis

306 1549 462 1625 suis
502 1556 717 1624 extra
742 1548 882 1624 duo
922 1545 1235 1623 castella
1272 1548 1552 1638 deduci,
1592 1556 1667 1623 et
1687 1551 1870 1625 fines
1910 1552 2271 1626 excedere
2298 1554 2539 1648 jusse-

306 1700 411 1771 re.
473 1674 709 1767 Quem
759 1673 1074 1750 Selimus
1125 1682 1614 1750 revertentem
1669 1677 1898 1751 vetuit
1935 1675 2541 1772 Constantinopo-

305 1803 431 1877 lim
468 1802 782 1899 ingredi,
806 1826 897 1877 ne
935 1802 1180 1899 prouti
1217 1809 1564 1900 acceptus
1583 1803 1869 1896 fuisset,
1891 1826 2394 1902 responsaque
2432 1811 2540 1877 at·

302 1952 445 2024 que
503 1937 907 2026 apparatus
963 1928 1412 2004 Venetorum
1467 1929 1536 2003 in
1592 1931 1939 2027 populum
1995 1937 2538 2029 spargerentur.

299 2051 537 2128 Paulo
573 2061 744 2153 post
780 2052 1040 2127 nuncio
1081 2054 1281 2148 regis
1324 2050 1758 2148 Gallorum,
1799 2056 1920 2151 qui
1962 2078 2044 2130 se
2081 2055 2539 2129 internuncio

300 2178 365 2253 si
404 2179 510 2253 uti
544 2178 840 2272 vellent,
881 2179 1430 2254 conservandae
1456 2181 1665 2277 pacis
1704 2180 2028 2256 rationes
2065 2182 2428 2272 initurum,
2469 2187 2543 2255 et

297 2313 627 2380 acturum
701 2328 859 2380 cum
935 2301 1205 2379 Selimo
1282 2305 1793 2402 promittebat,
1887 2329 2323 2404 responsum
2402 2312 2536 2395 est,

302 2454 390 2507 eo
430 2454 584 2505 rem
639 2431 1045 2523 deductam,
1101 2438 1182 2506 ut
1237 2453 1370 2526 pro
1429 2431 1701 2506 infecto
1759 2431 2038 2525 haberi,
2114 2432 2248 2508 sed
2304 2454 2539 2528 neque

304 2558 571 2634 mutari
608 2557 867 2658 possit.
2006 2559 2017 2573 ‘

517 2685 715 2760 Exin
794 2692 1102 2760 venetae
1189 2684 1488 2760 ditionis
1562 2686 2071 2780 negotiatores
2145 2707 2537 2781 eorumque

296 2834 423 2887 res
459 2809 775 2887 Selimus
793 2811 1141 2908 Byzantii
1179 2818 1252 2886 et
1287 2835 1421 2909 per
1477 2834 1653 2886 suas
1705 2813 2128 2910 provincias
2164 2812 2241 2886 in
2277 2834 2535 2908 seque·

295 2946 458 3034 „stro
498 2939 804 3014 detineri
851 2939 1090 3034 jubet,
1135 2961 1223 3011 ac
1277 2939 1603 3037 legatnm
1678 2949 2015 3016 venetum
2072 2940 2147 3013 in
2185 2937 2537 3014 custodiis

305 3065 612 3171 servari.
654 3064 920 3139 Veneti
976 3070 1234 3139 contra
1290 3065 1450 3158 ejus
1490 3066 1827 3162 exemplo
1883 3065 2212 3163 permoti,
2288 3086 2538 3140 omnes

299 3189 623 3266 turcicae
699 3189 994 3265 ditionis
1068 3189 1399 3264 homines
1485 3189 1559 3263 in
1635 3191 1819 3265 urbe
1893 3199 1967 3266 et
2038 3188 2208 3265 aliis
2283 3191 2357 3264 in
2431 3190 2539 3266 lo-

301 3319 409 3392 cis
447 3316 893 3409 Dalmatiae,
932 3316 1309 3391 custodiae
1347 3314 1662 3391 tradunt.
1698 3316 1889 3391 Erat
1922 3324 2074 3391 tum
2100 3316 2204 3391 ibi
2245 3316 2537 3413 quidam

301 3446 596 3541 legatus
637 3442 891 3519 Selimi
929 3445 1024 3521 ad
1061 3467 1312 3541 regem
1351 3440 1783 3536 Gallorum,
1825 3444 1946 3540 qui
1984 3451 2063 3518 ut
2100 3444 2173 3517 in
2211 3440 2535 3518 Galliam

296 3567 908 3671 proficisceretur,
945 3568 1236 3646 litteras
1274 3569 1443 3645 fidei
1500 3570 1594 3643 ab
1633 3560 1812 3665 rege
1848 3569 2395 3666 Hispaniarum,
2431 3568 2538 3645 uti

296 3721 432 3795 per
507 3698 668 3793 eJus
724 3696 1145 3794 provincias
1202 3698 1276 3771 in
1335 3692 1667 3771 Galliam
1720 3703 1873 3772 tuto
1930 3696 2037 3773 ire
2075 3704 2368 3795 posset,
2411 3719 2533 3771 ex-

306 3825 716 3922 spectabat.
779 3823 924 3899 Hic
981 3824 1057 3897 in
1112 3823 1489 3899 castellum
1545 3846 1974 3917 veronense,
2012 3823 2534 3920 necquicquam

303 3950 803 4028 intercedente
858 3951 1131 4048 gallico
1169 3952 1442 4046 legato,
1500 3950 1945 4048 deportatur.
1996 3950 2188 4024 Nam
2213 3948 2534 4048 primum

305 4077 633 4176 epirotae
654 4082 1173 4151 montanenscs
1195 4098 1287 4150 ex
1305 4075 1766 4178 propinquae
1786 4076 2055 4150 classis
2073 4074 2339 4151 fiducia
2362 4073 2534 4148 defi-

299 4202 517 4293 ciunt,
558 4209 632 4275 et
668 4202 950 4277 vocatis
988 4202 1062 4275 in
1101 4198 1448 4276 auxilium
1501 4197 1816 4275 Venetis
1855 4200 2194 4297 oppidum
2251 4196 2533 4296 Soppo·

296 4336 471 4422 tum,
508 4328 586 4402 in
628 4349 768 4426 quo
809 4336 970 4404 erat
1003 4327 1448 4426 praesidium
1485 4328 1834 4402 turcicum
1857 4383 1874 4416 ,
1916 4335 2357 4425 expugnant.
2430 4323 2535 4399 At

298 4455 804 4553 beglerbegus
843 4450 1211 4531 Graeciae
1248 4474 1591 4549 magnum
1619 4451 2017 4527 exercitum
2051 4453 2127 4526 in
2165 4450 2531 4528 continen-

298 4590 372 4658 te
411 4582 509 4656 ad
547 4581 1052 4661 defensionum
1089 4581 1383 4656 illarum
1438 4579 1978 4678 provinciarum
2014 4578 2334 4671 adduxit,
2373 4600 2532 4655 eas-

407 4749 608 4786 nom.
640 4748 803 4787 mo.
827 4748 966 4786 mer.
998 4748 1193 4785 scam.
1214 4748 1324 4784 nr.
1455 4801 1464 4812 .
1491 4756 1496 4761 ·
2112 4708 2207 4780 2&
