3293 5219
2366 395 2521 473 347

278 626 676 699 Novembr.
716 624 1147 720 ingressuro
1205 622 1565 697 Viennam
1638 618 2067 718 imperatori
2124 615 2339 691 simul
2397 637 2522 687 ex-

279 752 604 826 cessisse
664 748 1158 848 Solymanum,
1218 756 1290 822 et
1348 770 1588 822 rerum
1643 746 1863 844 potiri
1916 742 2264 819 Selimum
2325 740 2521 813 fama

274 877 535 953 eadem
601 877 933 952 Venetiis
986 900 1119 975 per
1176 856 1377 972 regis
1437 873 1794 949 Poloniae
1850 880 2233 972 postarum
2294 867 2521 962 magi-

272 1013 507 1080 strum
550 999 744 1101 (nam
803 1013 877 1077 et
911 1004 976 1077 is
1033 1011 1292 1101 postas
1349 1001 1710 1077 Venetias
1766 1022 2000 1096 usque
2058 989 2335 1091 alebat)
2412 1016 2522 1068 re·

270 1132 711 1223 nunciatum,
771 1139 983 1205 sexta
1012 1139 1083 1205 et
1158 1130 1764 1227 quinquagesima
1844 1127 1982 1217 die,
2041 1147 2257 1222 quam
2320 1119 2522 1196 obiit.

270 1258 589 1331 Mortem
630 1259 790 1353 ejus
828 1257 1088 1354 paucis
1129 1256 1533 1354 expediam,
1592 1255 1695 1345 (si
1734 1254 1939 1351 prius
1977 1252 2229 1325 dixero
2271 1246 2524 1323 eodem

273 1383 393 1458 die
473 1392 546 1459 et
599 1381 880 1458 Geztes
919 1391 995 1460 et
1055 1384 1286 1459 Vitan
1359 1384 1453 1457 ab
1493 1381 1804 1458 budensi
1858 1380 2086 1454 bassa
2136 1380 2527 1451 tormento-

270 1531 433 1585 rum
492 1510 564 1583 vi
637 1513 1124 1608 expugnata).
1185 1512 1270 1586 In
1312 1509 1702 1584 triennium
1773 1504 2308 1605 expeditionem
2367 1522 2525 1575 sus-

270 1644 595 1735 ceperat,
669 1645 749 1711 ut
838 1645 1262 1735 expugnato
1377 1632 1665 1732 Siget0,
1758 1633 2119 1709 Viennam
2176 1627 2524 1705 Austriae

270 1770 517 1861 caput,
548 1770 622 1837 et
655 1763 880 1838 totius
921 1760 1370 1839 Germaniae
1407 1764 1762 1854 columen,
1800 1762 1872 1834 in
1931 1782 2137 1835 suam
2193 1759 2517 1852 potesta-

269 1902 419 1967 tem
459 1890 854 1987 redigeret,
911 1892 1107 1966 bello
1200 1890 1770 1966 transsilvanico
1851 1886 2385 1973 exstimulatus,
2447 1885 2520 1954 et

269 2018 534 2093 tributi
570 2018 918 2116 promissi
950 1996 1373 2109 omissione,
1415 2040 1582 2092 mox
1615 2018 1983 2115 adparatu
2020 2013 2197 2088 belli
2239 2032 2527 2109 germa-

266 2145 441 2220 nici.
482 2142 925 2220 Solennibus
964 2147 1156 2221 votis
1224 2169 1262 2220 e
1303 2169 1503 2221 more
1539 2147 1744 2243 prius
1839 2141 2297 2240 nuncupatis,
2339 2160 2526 2236 equo

265 2297 405 2371 per
444 2269 1166 2373 Constantinopolim
1221 2281 1496 2363 vectuS,
1551 2271 1887 2369 quamvis
1937 2274 2314 2344 senectute
2354 2288 2522 2361 gra-

264 2400 407 2489 vis,
448 2399 984 2499 et-ingentibus
1040 2401 1369 2477 victoriis
1447 2424 1536 2473 ac
1571 2398 1957 2495 triumphis
1995 2418 2129 2496 per
2167 2416 2521 2469 summam

271 2525 706 2601 felicitatem
803 2529 1250 2619 cumulatus,
1348 2526 1529 2601 duos
1604 2527 2091 2624 imperatores
2165 2541 2506 2597 romanos

264 2650 680 2748 vectigales
756 2652 1160 2744 habuisset,
1238 2653 1522 2750 gloriae
1617 2652 1842 2728 duces
1926 2653 2110 2726 satis
2186 2649 2518 2723 haberet.

267 2777 520 2853 Pridie
614 2779 806 2853 Non.
867 2776 1069 2878 Sept.
1145 2781 1514 2855 concessit
1551 2779 1730 2871 vita,
1772 2780 2010 2854 tribus
2053 2777 2310 2851 diebus
2350 2781 2521 2854 ante

269 2930 520 2981 arcem
577 2906 997 2982 interiorem
1040 2905 1278 3004 Sigeti
1340 2915 1651 3007 captam,
1713 2907 1984 2981 aetatis
2043 2912 2254 2979 sexto
2295 2910 2370 2978 et
2407 2923 2521 2975 se·

268 3033 735 3132 ptuagesimo
794 3056 1009 3126 anno,
1050 3036 1163 3109 vir
1220 3035 1412 3110 inter
1469 3035 1810 3131 antiquos
1871 3035 2356 3131 imperatores
2417 3029 2525 3101 fa-

268 3161 409 3235 cile
469 3161 1046 3236 constituendus.
1107 3162 1355 3236 Tanta
1408 3171 1655 3236 tamen
1714 3160 2103 3256 prudentia
2158 3154 2526 3232 Mehemet

265 3290 501 3362 bassa
556 3288 953 3385 primarius
1010 3289 1200 3363 vizir
1273 3311 1472 3378 usus,
1531 3297 1610 3364 ut
1703 3312 1845 3364 non
1903 3289 2137 3363 solum
2176 3282 2528 3361 celaverit

266 3414 570 3507 obitum,
591 3415 726 3489 sed
763 3415 1038 3490 bellum
1077 3437 1364 3512 quoque
1407 3414 1888 3489 continuarit:
1916 3414 2145 3488 donec
2204 3409 2522 3489 Selimus

265 3542 790 3617 secretissimis
847 3540 1132 3617 nunciis
1193 3542 1280 3615 de
1356 3542 1558 3617 obitu
1614 3538 1996 3639 Solymani
2052 3539 2322 3615 certior
2377 3540 2525 3612 fac-

261 3678 406 3760 tus,
448 3669 697 3743 sedem
756 3668 1044 3766 imperii
1084 3668 1489 3762 occupavit.
1534 3667 1725 3742 Nam
1765 3689 1857 3741 ex
1897 3665 2105 3758 Asia,
2148 3666 2342 3764 quod
2378 3666 2521 3742 iter

264 3794 525 3871 decem
620 3797 902 3871 dierum
984 3796 1224 3894 spatio
1283 3796 1560 3892 alioqui
1635 3795 1761 3869 vix
1818 3794 2076 3869 confici
2133 3794 2519 3892 potuisset,

257 3923 501 3999 tribus
545 3921 805 3997 diebus
846 3922 1142 3997 mutatis
1202 3922 1432 4019 equis,
1485 3919 2174 4020 Constaninopolim
2211 3920 2513 3996 advola-

258 4051 387 4124 vit.
449 4047 736 4122 Ferhat
815 4049 1046 4122 bassa
1068 4047 1143 4136 ³⁸)
1201 4049 1405 4122 urbis
1464 4049 1884 4144 praefectus
1935 4049 2226 4135 ‚interea
2284 4047 2514 4144 legio·

265 4176 521 4251 uarios
596 4176 876 4250 tirones
934 4173 1527 4273 (agiamoglanos
1569 4183 1871 4264 vocant)
1913 4176 2161 4274 specie
2184 4175 2512 4251 delectus

472 4593 532 4662 ὓ)
561 4594 801 4649 Istvanfi
830 4596 885 4649 S.
906 4593 1177 4664 jegyzete
1201 4613 1212 4646 :
1268 4594 1525 4651 Skander
1576 4615 1751 4662 passa
1799 4600 1958 4653 horto
1976 4616 2098 4654 rum
2167 4607 2360 4657 custos
2412 4597 2522 4659 fuit

250 4688 491 4743 absente
520 4684 825 4757 solymano
860 4685 1018 4741 urbis
1044 4682 1384 4756 praefectus,
1413 4703 1524 4741 uon
1547 4686 1778 4744 Ferhat.
