3293 5219
824 302 974 381 146

815 521 1276 615 scendentes,
1353 527 1666 595 evocato
1746 516 2064 616 dataque
2117 510 2262 589 fide
2317 508 2667 587 Michaeli
2739 509 3067 606 Pereny,

814 653 1023 750 cujus
1058 649 1293 726 frater
1311 648 1762 724 Franciscns
1800 644 2098 742 Pereny
2123 642 2219 718 ad
2238 640 2570 737 reginam
2610 639 3065 716 adducturus

816 786 1072 855 contra
1111 772 1529 853 Germanos
1583 772 1913 848 validum
1969 768 2375 846 exercitum
2414 766 2872 864 confugerat,
2947 794 3068 846 ar-

816 929 975 983 cem
1063 902 1408 1000 Nag-Ida
1463 907 1911 1000 oppugnant,
1942 896 2406 994 deditamque
2461 896 2821 993 vigesimo
2864 902 3068 977 obsi-

817 1029 1054 1105 dionis
1130 1028 1268 1119 die,
1359 1026 1566 1122 regio
1621 1024 1965 1101 mandato
2022 1032 2280 1098 curant
2335 1023 2562 1120 dirui,
2620 1034 2843 1125 atque
2899 1029 3067 1105 solo

811 1155 1102 1258 penitus
1194 1152 1521 1249 aequari.
1613 1151 1705 1226 In
1777 1150 2123 1224 ditionem
2213 1154 2474 1247 postea
2564 1149 3072 1229 Bebecianam

811 1285 1107 1376 intrant,
1163 1289 1237 1354 et
1293 1278 1387 1355 ad
1423 1301 1668 1354 arcem
1724 1274 2246 1353 Crasnahorca
2302 1278 2872 1374 oppugnandam
2951 1304 3074 1355 ca-

814 1418 973 1487 stra
1008 1415 1456 1508 promovent.
1531 1405 1870 1481 Bebecus
1944 1426 2121 1478 vero
2181 1402 2465 1478 auxilia
2506 1405 2601 1478 ab
2641 1403 2794 1504 Aly
2831 1405 3072 1482 bassa

816 1535 1046 1636 petiit,
1084 1544 1158 1611 et
1194 1535 1355 1632 ipse
1393 1554 1579 1631 quas
1635 1532 1870 1632 potuit
1909 1531 2164 1628 copias
2205 1531 2610 1626 contraxit3
2668 1533 2870 1607 mille
2927 1534 3074 1609 cir-

822 1663 1006 1738 citer
1096 1661 1383 1759 equites
1439 1661 1669 1735 bassa
1705 1658 1946 1750 mittit,
2007 1657 2438 1754 quibuscum
2496 1659 2896 1736 exercitum
2957 1684 3074 1736 re-

822 1791 1022 1887 gium
1060 1785 1552 1884 obequitando
1593 1794 1871 1885 carpat,
1910 1794 1984 1859 et
2056 1793 2404 1881 quantum
2440 1786 2681 1883 possit
2717 1811 2763 1862 a
2795 1810 3076 1886 propo·

823 1917 965 1993 sito
1023 1914 1407 2008 distineat3
1451 1914 1716 2010 quibus
1774 1910 1944 2011 plus
1999 1912 2297 1987 fortuna
2373 1913 2711 2011 opinione
2784 1936 3075 2014 speque

825 2066 961 2119 sua
1014 2041 1222 2133 favit,
1297 2062 1428 2115 seu
1482 2039 1916 2114 infelicitate
1991 2038 2337 2136 quapiam
2390 2038 2468 2112 id
2524 2040 2939 2138 contigerit,
2995 2052 3079 2119 ut

826 2175 997 2246 sunt
1030 2190 1153 2243 res
1184 2168 1547 2243 humanae
1569 2165 1878 2240 incertis
1898 2165 2241 2263 fortunae
2261 2166 2646 2242 eventibus
2685 2168 3078 2264 obnoxiae,

826 2319 959 2374 seu
1002 2295 1079 2369 in
1119 2317 1433 2392 poenam
1471 2293 1742 2390 nimiae
1779 2292 2145 2386 licentiae,
2204 2316 2348 2390 qua
2383 2292 2596 2369 miles
2642 2295 2717 2369 in
2756 2295 3077 2372 miseros

827 2429 1181 2521 agrestes
1259 2419 1541 2521 passim
1633 2420 2221 2518 petulantissime
2274 2421 2648 2517 utebatur,
2724 2422 3079 2500 divinitus

826 2549 1013 2628 haec
1059 2549 1449 2626 calamitas
1496 2549 1593 2624 sit
1652 2548 2000 2624 immissa.
2056 2546 2386 2624 Profecti
2424 2550 2694 2650 quippe
2733 2572 2896 2629 cum
2934 2553 3079 2630 Be·

827 2679 1008 2754 beco
1073 2684 1369 2750 nostros
1408 2676 1939 2775 oppugnationi
1975 2676 2294 2751 intentos
2349 2677 2763 2766 offendunt,
2801 2680 3076 2777 primo-

829 2825 970 2901 que
1006 2803 1296 2879 levibus
1334 2802 1640 2902 praeliis
1681 2803 1977 2899 utrique
2015 2802 2211 2877 vires
2250 2800 2649 2900 periclitati
2686 2814 2873 2900 sunt,
2913 2806 3076 2882 vix·

829 2952 971 3027 que
1026 2929 1439 3005 caesariani
1477 2929 1669 3004 diem
1687 2929 2194 3027 insequentem
2233 2931 2787 3027 exspectabant,
2827 2932 3077 3029 ignari

828 3056 1186 3132 maximas
1243 3055 1460 3131 etiam
1499 3078 1832 3153 quasque
1869 3056 2090 3147 vires,
2148 3054 2406 3130 ducum
2459 3055 2900 3155 imperitiam
2956 3061 3072 3134 fa-

832 3182 955 3257 cili
971 3190 1333 3257 momento
1390 3183 1464 3256 in
1504 3182 1896 3256 discrimen
1936 3180 2299 3256 adducere
2320 3178 2601 3278 solere3
2641 3205 2783 3279 quo
2820 3182 3073 3260 illuce-

831 3315 1103 3399 scente,
1113 3308 1467 3383 instructo
1483 3308 1869 3383 confestim
1882 3306 2173 3404 agmine
2186 3306 2456 3381 castris
2471 3307 2850 3403 excedunt,
2858 3333 3075 3408 prae-

826 3431 1004 3508 lium
1042 3456 1202 3508 cum
1237 3433 1451 3509 hoste
1489 3432 1775 3528 inituri3
1817 3455 2050 3531 eoque
2073 3440 2235 3507 erat
2274 3433 2485 3507 miles
2526 3434 2867 3526 alacrior,
2909 3460 3059 3534 qno

827 3560 1068 3636 hostis
1123 3583 1466 3637 numerus
1538 3561 1774 3635 minor
1850 3561 2264 3658 apparebat
2282 3554 2372 3657 ²⁸).
2432 3561 2692 3657 Itaque
2768 3564 3073 3660 equites

840 3688 1103 3786 ungari
1160 3711 1319 3764 cum
1393 3689 1761 3785 equitibus
1834 3688 2277 3784 germanicis
2336 3687 2690 3762 acerrime
2765 3689 2840 3763 in
2910 3691 3064 3788 pri-

828 3838 1025 3891 mam
1064 3814 1471 3890 Turcarum
1508 3817 1740 3890 aciem
1789 3814 2081 3908 invecti,
2122 3838 2207 3889 eo
2245 3824 2789 3913 processerant,
2828 3825 2909 3892 ut
2939 3818 3067 3893 ho-

838 3940 1000 4035 stis,
1045 3941 1327 4017 viribus
1367 3941 1707 4018 diffidens
1747 3943 1995 4017 laxato
2036 3942 2309 4017 sensim
2346 3942 2601 4019 ordine
2639 3944 2892 4040 fugam
2931 3969 3075 4021 me·

931 4208 991 4276 st)
1033 4206 1297 4280 Fon-gach
1319 4207 1376 4265 S.
1395 4210 1704 4282 jegyzete:
1750 4212 1888 4286 Meg
1923 4228 2043 4269 sem
2076 4212 2410 4268 mozdultak
2436 4229 2506 4268 az
2542 4210 2810 4271 n‹5metek
2839 4213 3073 4289 helyek·

828 4296 953 4367 bol,
979 4298 1190 4355 hanem
1217 4302 1362 4355 mint
1380 4301 1680 4372 jamborok
1709 4301 1917 4359 neztek
1946 4321 2015 4359 az
2043 4304 2145 4358 mit
2171 4320 2240 4357 az
2265 4301 2443 4358 keves
2472 4320 2713 4379 mazryar
2737 4306 2957 4374 mivelt,
3010 4306 3069 4363 es

832 4387 1021 4443 mikor
1069 4406 1141 4445 az
1169 4392 1481 4463 magyarok
1509 4410 1579 4448 az
1605 4394 1915 4451 terekeket
1958 4393 2280 4467 meguztek‚
2331 4392 2406 4447 ha
2425 4410 2491 4446 az
2517 4392 2783 4451 nemetek
2807 4396 3067 4454 utannok

826 4480 1066 4535 mentek
1087 4482 1282 4551 volna,
1307 4482 1637 4557 megvertek
1665 4483 1840 4545 volna
1885 4485 2038 4541 6ket.
2099 4485 2186 4538 De
2211 4484 2349 4539 soha
2374 4500 2444 4539 az
2470 4486 2785 4556 magyarok
2808 4487 2912 4544 rea
2939 4505 3066 4545 nem

829 4567 1124 4636 vehet‘ek,
1151 4570 1308 4641 hogy
1328 4571 1587 4628 utdnnok
1615 4575 1940 4647 menjeuek.
