3293 5219
781 331 937 409 298

776 570 1031 647 regem
1067 545 1418 623 inchoare
1454 547 1840 647 placebat,
1899 547 2115 622 simul
2170 548 2677 625 meminissent
2717 550 3037 627 creatio·

687 761 690 764 ,
777 702 945 752 nem
998 676 1308 776 palatini
1379 676 1521 750 huc
1592 675 1919 767 dilatam,
1996 672 2313 751 consulti
2367 685 2538 752 sunt
2591 702 2689 753 an
2727 677 3019 752 veniret

774 824 1212 903 responsum
1285 801 1631 896 ambigue
1669 801 1768 876 ad
1786 804 1948 897 ejus
1987 800 2367 878 arbitrium
2405 802 2882 896 remittendo,
2926 803 3069 876 ad·

775 930 926 1005 dito
949 931 1232 1021 saltem,
1254 928 1690 1003 seditionem
1712 927 2130 1019 timendam,
2152 935 2227 1001 et
2265 928 2450 1002 tanti
2470 928 2832 1027 principis
2894 930 3058 1003 irri-

773 1066 890 1133 tos
913 1064 1219 1131 conatus
1257 1054 1522 1150 pudori
1539 1054 1882 1129 futurum.
1904 1052 2395 1127 Meminerant
2417 1049 2777 1129 Germani
2799 1055 3035 1153 priori

782 1184 1097 1276 comitio,
1173 1181 1508 1278 quamvis
1563 1178 2036 1254 Ferdinando
2095 1201 2363 1270 coram,
2435 1180 2771 1276 proxime
2850 1180 3063 1255 sedi·

780 1311 1053 1386 tionem
1144 1315 1476 1401 ventum;
1551 1314 1626 1381 et
1715 1306 1844 1380 alii
1919 1304 2416 1395 omittendum,
2475 1303 2605 1378 alii
2696 1306 3063 1404 praesidi.

764 1460 883 1511 um
957 1432 1262 1509 militum
1319 1431 1831 1507 adducendum
1908 1430 2411 1506 consulebant.
2510 1431 2739 1506 Venit
2808 1438 3064 1508 tamen

760 1567 1115 1636 consveta
1133 1584 1220 1635 ac
1242 1558 1579 1633 modesta
1607 1557 2053 1632 comitativa.
2081 1557 2274 1630 Tum
2316 1579 2554 1653 pauca
2595 1557 2686 1631 de
2717 1560 3062 1635 caesaris

760 1690 1102 1768 absentia
1146 1689 1569 1786 praefatae,
1627 1685 2023 1785 petitiones
2081 1683 2360 1782 scripto
2446 1682 2753 1759 tradidit
2791 1686 3049 1762 istius·

763 1819 977 1897 modi:
996 1818 1314 1892 ‘Duobus
1335 1816 1550 1891 annis
1564 1814 1754 1890 terni
1768 1812 2029 1888 floreni
2041 1819 2121 1888 ut
2139 1812 2657 1909 penderentur,
2678 1811 2816 1886 sed
2828 1838 3025 1890 novo

764 1945 979 2024 modo
1015 1945 1375 2035 fumatim,
1447 1944 1590 2017 hoc
1645 1950 1781 2036 est,
1821 1942 2115 2016 etiamsi
2154 1941 2229 2015 in
2265 1940 2433 2016 unis
2473 1939 2783 2016 aedibus
2897 1942 3057 2040 plu-

760 2097 883 2150 res
919 2073 1320 2148 liberarum
1375 2069 1822 2145 familiarum
1879 2076 2148 2160 essent,
2227 2073 2355 2141 aut
2444 2090 2665 2142 unam
2704 2085 2844 2165 per
2883 2090 3041 2144 ses·

761 2202 1040 2277 sionem
1079 2199 1297 2298 plura
1335 2197 1726 2287 domicilia,
1764 2196 1970 2270 nulla
2008 2194 2476 2270 distinctione
2512 2194 2903 2291 integrae,
2947 2218 3058 2269 se-

761 2330 921 2419 miS,
962 2335 1089 2403 aut
1142 2324 1598 2423 quadrantis.
1638 2322 2072 2415 Privilegia,
2134 2321 2570 2397 donationes
2627 2322 3043 2420 priscorum

762 2453 1020 2549 ‘regum
1076 2451 1153 2525 in
1212 2450 1469 2523 fiscum
1524 2447 2011 2539 deferrentur,
2073 2469 2379 2543 quorum
2444 2446 2663 2542 vigor
2701 2457 3046 2544 quaesto·

761 2605 920 2656 rum
966 2577 1243 2675 judicio
1301 2582 1555 2652 staret.
1617 2575 2151 2650 Defunctorum
2204 2576 2405 2651 bona
2477 2582 2629 2650 tam
2666 2563 3050 2671 baronum,
3108 2632 3113 2637 -

767 2730 986 2805 quam
1044 2704 1420 2796 nobilium,
1462 2703 2057 2778 extraordinario
2118 2702 2442 2799 quodam
2491 2706 2683 2800 jure,
2740 2703 2817 2775 in
2856 2703 3065 2776 favo-

737 2842 918 2906 'rem
956 2829 1121 2904 fisci
1169 2829 1706 2925 judicarentur.
1768 2828 2056 2904 Omitto
2122 2836 2375 2903 cetera
2428 2830 2505 2903 in
2544 2829 2869 2928 speciem
2910 2828 3059 2903 sal·

763 2966 910 3031 tem
950 2954 1225 3029 addita.
1285 2952 1386 3030 At
1439 2954 1565 3030 ubi
1605 2954 1793 3028 haec
1848 2953 1924 3028 in
1964 2954 2258 3027 comitio
2331 2954 2757 3047 recitantur,
2816 2955 3057 3029 incre-

768 3081 996 3157 dibile
1035 3083 1251 3173 dictu,
1348 3091 1626 3179 quanta
1698 3082 2069 3155 hominum
2147 3083 2651 3158 consternatio
2704 3092 3060 3182 sequuta3

768 3213 1179 3287 acclamare
1254 3234 1526 3302 omnes,
1619 3211 1737 3285 his
1796 3211 2232 3286 servitutem
2276 3210 2564 3303 minari,
2624 3221 3061 3311 conceptum

772 3337 1013 3412 odium
1054 3337 1326 3412 sensim
1381 3336 1616 3433 prodi3
1680 3336 2073 3413 Turcicam
2129 3362 2224 3411 an
2278 3337 2781 3434 germanicam
2821 3341 3061 3415 saevi·

768 3464 946 3538 tiam
1000 3461 1461 3561 praecellere
1537 3463 1913 3558 incertum,
1966 3463 2281 3560 denique
2320 3471 2619 3539 autores
2659 3468 3057 3540 exsecrari.

770 3589 888 3663 Ad
922 3591 1110 3664 haec
1166 3590 1318 3663 alia
1357 3589 1933 3664 innumerabilia
1989 3613 2597 3682 commemorare,
2655 3616 2845 3689 quae
2900 3593 3057 3667 uni-

769 3737 1065 3791 versum
1120 3738 1255 3812 per
1309 3738 1629 3811 regnum
1669 3714 2014 3790 hostilem
2071 3717 2145 3791 in
2185 3717 2476 3791 modum
2528 3716 2811 3791 fierent.
2882 3717 3060 3794 Post

771 3840 1050 3916 sedatis
1072 3841 1357 3932 animis,
1380 3864 1469 3916 ac
1490 3842 1883 3917 sententiis
1906 3842 2121 3916 dictis
2158 3843 2265 3916 ita
2306 3843 2723 3918 decernunt:
2769 3844 3061 3943 Regem

770 3968 1026 4065 primis
1066 3967 1378 4042 comitiis
1418 3968 1690 4042 adesse
1749 3968 2094 4044 debuisse
2136 3997 2153 4063 ς
2195 3969 2635 4044 contributio
2678 3994 2767 4043 ac
2807 3981 3063 4046 cetera

774 4093 1320 4189 omnianegata3
1333 4102 1588 4190 petere
1611 4088 1920 4168 nova‘ad
1934 4094 2245 4170 reditum
2269 4104 2342 4169 et
2355 4097 2852 4193 praesentiam
2867 4099 3063 4196 prin·

773 4221 969 4319 cipis
1026 4219 1288 4314 indici;
1326 4228 1705 4317 postremo
1745 4220 1822 4294 in
1858 4244 2077 4295 unum
2117 4223 2456 4296 volumen
2515 4222 2760 4297 omnia
2817 4224 3058 4319 redigi

771 4346 1071 4445 placuit,
1093 4345 1657 4441 responsionem
1672 4345 2051 4444 imprimis,
2071 4346 2334 4420 deinde
2375 4354 2637 4420 cuncta
2674 4347 3061 4422 calamita·

770 4478 946 4559 tum,
1005 4469 1469 4543 miseriarum
1532 4478 1607 4544 et
1646 4472 2211 4568 oppressionum
2271 4495 2570 4566 genera,
2649 4494 2842 4568 quae
2922 4498 3064 4548 non

767 4597 863 4670 ab
906 4594 1242 4666 hostibus
1282 4595 1538 4681 turcis,
1587 4595 1733 4668 sed
1788 4597 2107 4693 ipsomet
2148 4620 2328 4692 rege
2405 4605 2478 4670 et
2515 4598 2670 4672 suis
2708 4607 3050 4696 pateren-
