3293 5219
2316 316 2462 391 187

228 563 353 615 rus
376 541 773 640 Hagymas
790 540 1294 613 decernuntur.
1312 536 1430 610 Ad
1453 535 1997 632 sigismundum
2010 536 2470 633 alialegatiO,

227 678 305 742 ut
322 690 547 742 unum
594 690 910 763 magnae
948 665 1407 740 auctoritatis
1452 665 1685 738 virum
1725 689 1858 761 pro
1902 663 2236 739 ineundis
2255 666 2469 762 pacis

227 793 552 889 negotiis
574 793 895 884 adderet,
912 815 1055 888 quo
1077 791 1313 867 medio
1336 814 1425 865 ac
1441 790 1664 889 pacifi
1674 799 1926 866 catore
1949 790 2257 887 negotia
2275 798 2469 867 trac-

226 926 581 1012 tarentur,
620 926 694 994 et
711 940 848 1017 pro
868 920 1078 1014 regia
1119 916 1578 1009 auctoritate,
1619 941 1709 991 ac
1728 917 1822 991 ad
1860 924 2246 1013 utrumque
2268 924 2472 992 arcta

228 1045 793 1135 necessitudine,
817 1046 1010 1142 quod
1035 1045 1428 1120 maximum
1447 1044 1519 1119 in
1540 1047 1763 1119 rebus
1780 1043 2126 1141 gerendis
2144 1050 2347 1117 esset
2363 1043 2470 1118 fu-

225 1183 465 1250 turum
503 1179 956 1262 momentum,
997 1170 1501 1263 intercederet,
1540 1194 1941 1269 pacemque
2000 1194 2092 1245 ex
2116 1171 2470 1246 communi

238 1323 374 1375 usu
396 1301 884 1374 confirmaret.
922 1299 1253 1374 Isabella
1270 1298 1764 1396 primogenita
1801 1296 2253 1393 Sigismundi
2273 1298 2475 1393 regis

230 1425 590 1501 Poloniae
628 1447 719 1499 ex
757 1423 966 1498 Bona
994 1424 1257 1521 regina
1278 1426 1601 1499 secunda
1616 1447 1848 1499 uxore
1886 1432 2062 1500 nata
2100 1432 2250 1499 est:
2306 1449 2474 1500 nam

230 1554 435 1651 prior
474 1572 687 1627 soror
722 1551 862 1625 fuit
897 1551 950 1627 J
954 1550 1262 1625 ohannis
1284 1551 1511 1625 Primi
1531 1551 1735 1647 regis
1758 1551 2165 1648 Ungariae,
2206 1552 2338 1626 sed
2377 1553 2471 1625 ab

229 1686 446 1776 patre
484 1674 667 1751 nihil
704 1686 1002 1772 praeter
1042 1677 1287 1766 vitam,
1327 1702 1373 1751 a
1429 1686 1662 1752 matre
1709 1701 1975 1767 mores,
2017 1677 2477 1753 consvetudi-

234 1828 421 1894 nem,
501 1810 838 1877 naturam
896 1812 1303 1901 acceperat.
1383 1803 1567 1880 Post
1631 1806 2021 1880 triennium
2096 1828 2311 1903 quam
2353 1805 2476 1879 du-

233 1936 468 2005 xerat·
486 1930 539 2006 J
542 1929 867 2004 ohannes
886 1937 1004 2004 est
1023 1939 1370 2005 mortuus.
1390 1931 1702 2006 Praeter
1722 1928 1913 2008 alios
1951 1955 2112 2006 cum
2147 1932 2481 2027 Ligenza

235 2056 507 2154 polono
614 2054 1009 2130 tenerrime
1101 2056 1442 2131 convixit.
1502 2054 1816 2133 Choreis
1906 2082 1995 2132 ac
2067 2057 2474 2133 saltationi·

242 2184 379 2257 bus
417 2182 587 2257 unis
627 2181 780 2256 suis
821 2180 1103 2256 deliciis
1140 2182 1398 2257 mirum
1458 2181 1532 2258 in
1571 2184 1860 2259 modum
1917 2208 2000 2259 se
2035 2186 2477 2271 oblectabat,

237 2317 315 2383 ut
347 2333 498 2384 non
538 2312 918 2382 vereretur
938 2332 1097 2382 cum
1120 2330 1571 2407 quocumque
1593 2311 1991 2386 aulicorum
2010 2310 2478 2385 familiarium

242 2437 551 2513 choreas
606 2436 890 2509 ducere.
928 2435 1123 2510 Vino
1181 2436 1520 2532 glaciatO,
1571 2459 1712 2535 quo
1751 2446 2037 2513 aestate
2074 2461 2163 2511 ac
2197 2438 2479 2536 hyeme,

244 2569 590 2660 quantum
624 2560 972 2659 frigidius
1013 2586 1181 2639 esse
1218 2563 1475 2661 potuit,
1526 2566 1889 2654 utebatur,
1928 2564 2288 2640 interiora
2325 2587 2479 2640 cor-

242 2689 434 2788 rupit
456 2745 472 2781 ,
491 2696 566 2762 et
584 2692 898 2767 nondum
916 2714 1149 2788 agens
1189 2716 1456 2768 annum
1479 2694 1766 2769 omnino
1842 2693 2482 2791 quadragesimum

251 2816 596 2892 excessit.
707 2815 905 2893 Sane
993 2841 1424 2914 magnorum
1516 2827 1592 2893 et
1663 2820 2049 2896 multorum
2121 2822 2481 2896 malorum

251 2966 504 3019 ansam
560 2946 918 3041 praebuit.
960 2942 1109 3019 Sed
1149 2951 1224 3019 et
1259 2947 1488 3021 filium
1510 2944 1959 3040 educatione,
2024 2948 2481 3024 institutione

250 3072 385 3147 sibi
425 3068 758 3164 similem,
797 3096 843 3146 a
878 3078 1091 3171 patre
1129 3080 1351 3170 atque
1380 3076 1476 3148 ab
1516 3076 1849 3151 omnibus
1886 3076 2100 3151 bonis
2135 3075 2479 3174 principi-

250 3199 383 3273 bus
425 3198 865 3296 degenerem
903 3199 1219 3296 reliquit.
