3293 5219
741 1194 1282 1294 LIBER
1371 1199 2061 1297 PRIMUS.

490 1606 900 1708 Postquam
918 1611 972 1687 J
976 1611 1307 1687 ohannes
1328 1612 1554 1688 vitam
1575 1635 1737 1689 cum
1774 1621 2007 1688 morte
2028 1615 2521 1710 commutavit,

275 1733 547 1811 bellum
586 1736 804 1811 civile
841 1745 957 1813 est
993 1746 1443 1817 renovatum.
1503 1740 1698 1815 Nam
1737 1740 2255 1818 Ferdinandus
2295 1742 2523 1817 celer-

273 1861 453 1936 rime
493 1873 922 1961 comparato
954 1865 1301 1959 exercitu,
1343 1868 1749 1942 Isabellam
1806 1866 2141 1964 reginam
2181 1892 2339 1945 oum
2376 1867 2528 1945 filio

273 1987 555 2063 infante
597 2013 733 2088 per
773 1989 997 2065 duces
1036 1991 1294 2068 Budae
1333 1991 1818 2069 obsidendam
1856 1996 2178 2091 curavit,
2217 1996 2291 2069 in
2320 2018 2528 2094 spem

271 2114 631 2192 adductus
667 2119 762 2192 ob
801 2129 1107 2195 mortem
1144 2120 1386 2217 regis,
1444 2122 1761 2197 nondum
1801 2123 2228 2199 confirmato
2268 2146 2525 2221 regn0,

269 2267 415 2318 non
437 2247 707 2320 saltem
726 2245 985 2322 Budae
1023 2247 1446 2346 potiundae,
1487 2247 1620 2324 sed
1659 2248 1725 2323 si
1769 2250 2103 2345 reginam
2123 2272 2284 2322 cnm
2321 2249 2529 2348 prole

275 2370 411 2445 sub
451 2368 662 2446 suam
698 2379 1143 2472 potestatem
1174 2374 1613 2472 redegisset,
1652 2373 1951 2450 finiendi
1989 2375 2213 2449 etiam
2233 2375 2413 2450 belli
2452 2375 2527 2450 in

269 2519 561 2571 omnem
597 2499 1134 2597 posteritatem.
1173 2497 1325 2575 Sed
1363 2501 1823 2576 obsidionem
1857 2500 2267 2575 fortissime
2305 2500 2524 2575 susti-

265 2624 423 2700 nuit
458 2625 723 2721 regina
761 2651 902 2725 ope
941 2627 1262 2704 virorum
1301 2629 2149 2729 praestantissimorum:
2212 2625 2524 2726 Georgii

270 2750 606 2850 episcopi
679 2752 1184 2848 varadiensis‚
1262 2752 1621 2855 Stephani
1679 2755 2073 2850 Verbocii,
2147 2753 2524 2831 Valentini

271 2876 503 2952 Turci
558 2884 634 2952 et
700 2875 906 2954 Petri
962 2878 1392 2977 Petrovitii,
1467 2889 1767 2982 praeter
1840 2883 2031 2957 alios
2108 2883 2521 2981 complures

265 3002 469 3079 viros
527 3004 913 3082 militares.
983 3008 1321 3085 Tandem
1359 3006 1806 3108 Solymanus
1862 3031 2153 3107 quoque
2192 3030 2356 3085 cum
2393 3029 2518 3081 va-

265 3128 417 3203 lido
459 3131 796 3208 exercitu
832 3135 1113 3210 accitus
1152 3136 1483 3229 advenit,
1542 3161 1631 3212 ac
1670 3134 2208 3211 Germanorum
2247 3134 2526 3210 exerci-

269 3260 461 3350 tum,
520 3280 794 3355 magna
833 3259 1202 3337 hominum
1259 3269 1518 3359 strage
1567 3260 2041 3361 profligavit3
2098 3259 2223 3358 qui
2262 3259 2527 3337 exinde

267 3389 488 3479 parta
540 3383 856 3460 victoria
910 3385 1196 3462 Budam
1262 3387 1599 3481 retinuit,
1675 3387 2011 3484 reginam
2067 3393 2311 3461 autem
2364 3409 2527 3462 cum

266 3507 479 3604 prole
535 3508 941 3587 incolumes
982 3511 1276 3588 dimisit.
1335 3511 1553 3604 Quod
1589 3535 1770 3588 vero
1828 3537 1921 3588 ex
1960 3510 2305 3607 Ungaria
2358 3513 2526 3588 reli-

267 3656 490 3731 quum
508 3636 723 3731 foret,
764 3661 854 3714 ac
874 3639 1522 3717 Transsilvaniam
1559 3639 1711 3715 filio
1732 3640 1785 3716 J
1789 3637 2101 3715 ohannis
2130 3637 2522 3714 concessit.

265 3757 385 3835 Ea
421 3768 865 3861 tempestate
904 3787 1084 3863 ergo
1106 3766 1370 3863 regina
1407 3773 1481 3841 et
1502 3762 2146 3842 Transsilvaniam
2184 3772 2260 3839 et
2297 3760 2525 3863 Supe-

269 3884 562 3983 riorem,
623 3891 1210 3993 Inferioremque
1248 3893 1669 3991 Ungariam
1707 3916 1870 3970 cum
1907 3892 2367 3968 Temesvaro
2452 3900 2527 3968 et

265 4010 552 4113 Lippa,
619 4017 1074 4115 Belgradum
1129 4044 1366 4121 usque
1406 4021 1761 4097 orientem
1824 4040 2088 4095 versus
2122 4019 2523 4096 obtinebat.

269 4139 478 4237 Ergo
517 4166 680 4218 cum
717 4144 1237 4226 Ferdinandus
1273 4148 1552 4225 bellum
1571 4145 1670 4224 ad
1708 4170 1791 4222 se
1830 4145 2207 4240 traxisset,
2249 4155 2324 4223 et
2360 4170 2524 4224 con-

271 4267 474 4345 tinuo
515 4270 665 4346 alia
685 4281 858 4371 post
894 4275 1043 4349 alia
1063 4275 1433 4374 perderet,
1472 4275 1611 4351 fuit
1629 4272 2247 4349 Transsilvaniae
2285 4281 2360 4348 et
2396 4271 2529 4350 Su-

264 4394 583 4492 perioris
656 4398 1190 4500 Inferiorisque
1259 4401 1648 4500 Ungariae
1687 4407 1928 4477 status
1967 4423 2110 4475 non
2148 4401 2525 4500 poeniten·

265 4518 424 4596 dus.
445 4517 719 4598 Civilia
755 4525 948 4602 enim
966 4527 1168 4604 bella
1206 4536 1708 4623 cessaverant,
1750 4534 1824 4602 et
1857 4525 2251 4625 imaginem
2280 4551 2526 4624 quam-

265 4648 434 4723 dam
471 4649 699 4749 prisci
755 4654 966 4749 regni
1022 4655 1407 4748 retinebat,
1447 4657 1864 4752 mansitque
1893 4643 2088 4729 idem
2128 4661 2368 4729 status
2407 4654 2525 4727 de-

371 4796 572 4836 nom.
605 4799 769 4837 ΕΒΚΘ.
803 4800 941 4839 ΗΙΒΤ.
973 4802 1173 4840 sctum·-
1205 4805 1316 4844 XVI.
2158 4762 2198 4836 1
