3293 5219
2387 301 2536 377 431

274 514 570 608 gratias
592 541 840 611 agere,
902 518 1289 591 aclaetari.
1331 517 1859 613 Intelligebant
1882 517 2071 590 enim
2112 542 2198 592 eo
2256 525 2538 593 tantam

272 647 536 725 artem,
560 650 837 716 tantam
878 641 1488 715 machinationem
1529 644 1934 718 confectam
1957 643 2188 716 fuisse
2209 650 2356 716 tam
2395 646 2544 718 cal·-

271 767 450 863 lide,
493 775 575 843 ut
614 770 926 844 vastatis
967 770 1301 858 navibus,
1361 778 1435 843 et
1473 769 1668 866 quod
1708 777 1909 844 esset
1965 788 2332 842 armorum
2371 793 2537 844 con-

267 892 643 991 flagratis,
685 903 760 968 et
816 895 1177 992 voragine
1235 895 1431 991 ignis
1490 896 1856 993 corruptis
1915 894 2533 991 consumptisque,

268 1027 401 1093 aut
439 1019 737 1110 nullam,
799 1025 925 1122 aut
987 1042 1204 1116 quam
1262 1019 1629 1094 minimam
1671 1022 2011 1118 „classem
2058 1041 2328 1113 parare
2365 1043 2531 1116 pos-

268 1153 471 1220 sent.
1482 1153 1489 1159 ’

493 1271 608 1343 Ea
649 1277 863 1344 nocte
904 1268 1239 1345 Venetos
1290 1269 1674 1346 defunctos
1714 1296 1883 1348 esse
1922 1274 2120 1351 haud
2158 1280 2306 1354 levi
2342 1282 2531 1378 peri-

271 1398 443 1471 culo
485 1396 840 1471 creditum
907 1404 1041 1470 est.
1084 1394 1409 1473 Turcico
1451 1406 1618 1473 astu
1655 1400 1926 1475 factum
1964 1411 2281 1499 putatur.
2324 1404 2535 1481 Cete-

263 1545 429 1595 rum
468 1544 708 1617 neque
764 1527 1041 1610 auctor,
1101 1544 1338 1617 neque
1396 1544 1522 1595 ars
1597 1524 1787 1597 tanti
1842 1525 1989 1601 doli
2044 1506 2358 1625 unquam
2417 1539 2531 1604 est

259 1647 584 1743 prodita.
624 1648 728 1720 At
799 1648 1070 1722 Veneti
1109 1647 1294 1722 satis
1306 1650 1460 1743 jam
1503 1659 1877 1747 comperto
1916 1649 2167 1726 Selimi
2242 1664 2528 1747 conatu,

265 1773 642 1846 aerarium
710 1772 1072 1869 aperiunt,
1112 1771 1866 1871 innumerabilemque
1937 1778 2232 1874 argenti
2305 1788 2527 1875 atque

263 1899 432 1973 auri
471 1898 619 1973 vim
673 1898 1153 1995 undecunque
1191 1907 1682 1974 corraserunt.
1759 1901 2037 1978 Aurum
2078 1906 2269 1978 enim
2307 1914 2526 2002 atque

259 2033 654 2118 argentum
695 2025 1087 2120 signatum,
1128 2033 1254 2099 aut
1308 2046 1456 2099 non
1495 2024 1865 2120 signatum
1889 2051 2065 2103 ,cum
2104 2031 2306 2104 lucro
2349 2031 2525 2104 dan·

257 2151 438 2224 tium
481 2145 796 2247 (septem
836 2150 930 2223 ad
987 2155 1336 2224 centenos
1393 2146 1844 2246 pendebant)
1902 2159 2123 2249 atque
2162 2155 2518 2252 recipien-

255 2276 438 2350 tium
499 2274 1056 2350 contrahebant.
1097 2270 1220 2346 Ad
1249 2272 1434 2348 haec
1471 2274 1830 2371 pleraque
1868 2277 2185 2382 publica,
2221 2286 2515 2376 tapetes

254 2410 486 2498 atque
547 2408 998 2492 ornamenta,
1056 2400 1234 2473 item
1308 2422 1537 2495 agros
1609 2401 1948 2498 publicos
2015 2404 2515 2481 vendiderunt.

255 2528 457 2601 Tum
520 2528 718 2601 circa
773 2549 1029 2600 omnes
1087 2526 1465 2624 principes
1525 2526 1940 2623 legationes
1999 2528 2381 2621 dimittere,
2424 2531 2517 2604 ad

259 2652 693 2750 Philippum
752 2674 1005 2745 regem
1049 2651 1604 2749 Hispaniarum,
1661 2651 1871 2726 Pium
1936 2655 2019 2727 V.
2079 2655 2519 2751 pontificem,

252 2804 646 2855 caesarem
703 2778 1315 2870 Maximilianum,
1394 2786 1467 2852 et
1520 2779 1996 2855 Moschorum
2072 2782 2347 2874 ducem,
2425 2783 2521 2858 ad

253 2930 478 3002 quem
537 2903 1056 3002 Sigismundus
1113 2929 1248 2979 rex
1317 2904 1675 2981 Poloniae
1732 2907 2042 3003 legatos,
2099 2932 2235 3005 per
2309 2912 2517 3004 cnjus

256 3033 687 3130 provincias
727 3031 1098 3130 proficisci
1155 3031 1546 3123 debebant,
1603 3034 2000 3130 pervenire
2074 3056 2216 3107 non
2255 3035 2517 3131 permi-

253 3159 375 3248 sit,
455 3180 616 3233 cum
691 3158 1117 3232 foederibus
1174 3158 1471 3231 turcicis
1526 3156 1882 3252 illigatus,
1959 3181 2146 3253 quae
2187 3159 2329 3233 sibi
2368 3183 2517 3233 ma·

256 3285 382 3380 gis
444 3307 661 3380 quam
702 3284 973 3357 Turcis
1030 3283 1462 3358 necessaria
1518 3284 1784 3373 forent,
1825 3280 2009 3355 nihil
2068 3284 2210 3356 sibi
2266 3285 2511 3357 immu-

249 3411 555 3484 tandum
608 3419 815 3484 ratus
855 3418 988 3485 est.
1031 3408 1320 3484 Caesar
1357 3409 1663 3484 foedera
1714 3407 2141 3482 confirmata
2180 3409 2323 3482 sibi
2362 3409 2512 3482 vio-

252 3536 482 3611 landa
571 3559 719 3609 non
775 3535 1014 3610 videri
1068 3535 1473 3632 respondit.
1531 3532 1825 3606 Etenim
1904 3532 2243 3606 Ladislai
2300 3532 2505 3628 regis

259 3661 649 3757 Ungariae
710 3660 1294 3734 infelicissimam
1352 3659 1425 3732 in
1465 3683 1722 3756 campo
1799 3657 2143 3732 vamensi
2180 3680 2504 3755 pugnam

251 3796 475 3884 atque
515 3793 845 3876 mortem,
903 3786 1159 3860 violati
1236 3809 1328 3859 ex
1382 3784 1733 3859 instinctu
1789 3784 2070 3857 romani
2145 3784 2507 3881 pontificis
2602 3821 2607 3826 -

249 3914 580 3988 foederis
621 3913 808 3987 satis
848 3935 1120 4007 magna
1158 3909 1595 3984 documenta
1642 3908 2026 4005 praebere,
2066 3908 2506 3982 servandam

248 4040 373 4114 vel
450 4038 873 4113 infidelibus
969 4059 1142 4112 esse
1237 4036 1474 4110 fidem.
1573 4035 1763 4110 Tum
1839 4041 2076 4108 autem
2135 4033 2208 4107 in
2275 4033 2503 4107 maxi·

249 4166 388 4240 mis
466 4165 624 4239 suis
720 4163 944 4236 bellis
1038 4169 1261 4259 atque
1354 4161 1703 4258 periculis
1748 4158 1939 4233 nihil
1997 4156 2159 4254 opis
2218 4157 2292 4229 in
2347 4180 2502 4229 rem

249 4315 457 4367 suam
519 4288 881 4365 attulisse.
931 4284 1082 4362 Sed
1133 4287 1355 4362 etiam
1413 4287 1891 4382 longinquum
1952 4283 2225 4356 bellum
2281 4281 2508 4357 facile

246 4417 692 4513 patiebatur.
742 4413 1132 4512 Philippus
1211 4437 1341 4487 rex
1400 4420 1474 4486 et
1527 4410 1861 4507 pontifex
1918 4407 2362 4502 legationem
2402 4407 2507 4480 lu-

245 4543 506 4616 benter
547 4565 924 4639 accepere,
965 4539 1160 4637 quod
1199 4540 1495 4612 multum
1554 4559 1690 4609 sua
1731 4535 2089 4607 interesse
2129 4555 2221 4604 ex
2257 4530 2503 4603 foede-
