3293 5219
763 234 916 312 184

763 461 1050 531 noctem
1090 476 1226 552 pro
1263 476 1465 528 more
1523 453 2004 550 ingurgitare,
2047 453 2137 527 de
2176 476 2258 527 se
2295 451 2475 526 nihil
2515 454 2792 545 timere,
2830 460 3014 528 tam·

768 603 985 680 quam
1041 603 1174 677 per
1211 580 1456 654 ludum
1514 579 1786 654 bellum
1845 602 2131 675 gerere.
2190 578 2473 670 Quibus
2529 582 2751 654 rebus
2789 578 3023 653 Fran·

766 707 1004 784 ciscus
1044 706 1415 804 Nemethy
1454 705 1772 802 cognitis
1794 706 2241 807 lectissimos
2264 707 2554 800 milites,
2600 706 2890 804 equites
2920 713 3023 779 at-

770 858 911 935 que
965 833 1277 933 pedites,
1336 856 1639 930 quorum
1697 835 2095 931 plerosque
2154 834 2364 932 equis
2419 834 2739 909 insidere
2786 834 3024 929 jubet,

770 963 1098 1054 assumit,
1157 984 1245 1037 ac
1302 959 1516 1038 simul
1576 985 1737 1037 cum
1798 970 1961 1037 ortu
2030 962 2214 1037 solis
2270 963 2552 1053 hostes,
2611 963 2730 1061 qui
2770 981 3025 1035 omnes

770 1090 1007 1169 adhuc
1061 1092 1453 1181 cubabant,
1509 1098 1816 1188 repente
1853 1090 2156 1182 invadit,
2213 1092 2400 1165 alios
2461 1092 2795 1183 caedere,
2834 1089 3025 1165 alios

770 1240 1073 1317 capere:
1098 1238 1349 1291 omnes
1387 1216 1544 1290 fere
1566 1223 1638 1289 et
1678 1212 2034 1290 Germani
2075 1224 2147 1290 et
2185 1215 2476 1313 Ungari
2512 1218 2810 1313 fugere:
2850 1238 3026 1315 pau·

773 1343 861 1434 ci,
901 1341 1025 1439 qui
1063 1363 1293 1439 equos
1316 1342 1813 1416 conscendere
1849 1349 2264 1440 potuerant,
2285 1364 2801 1440 propugnare:
2839 1340 3032 1415 deni·

776 1490 916 1568 que
972 1466 1352 1542 machinas
1393 1489 1683 1564 quoque
1740 1490 2015 1542 aeneas
2057 1468 2540 1561 abducebant,
2597 1468 2855 1542 saucio
2893 1466 3031 1540 Be·

775 1594 974 1670 beko
1013 1594 1087 1667 in
1109 1593 1373 1685 fronte,
1417 1617 1506 1668 ac
1522 1594 1760 1693 ipsum
1783 1593 1836 1669 J
1840 1593 2196 1668 ohannem
2218 1593 2498 1670 Petheo
2540 1601 2855 1691 captum,
2894 1591 3035 1666 nisi

787 1720 1192 1799 auxiliares
1252 1722 1641 1797 comitatus
1666 1719 1897 1797 Saros
1939 1722 2120 1797 duce
2167 1721 2640 1820 Sigismundo
2681 1719 3036 1820 Segnyey

770 1849 1063 1926 fortiter
1112 1848 1581 1939 restitissent,
1622 1857 1697 1923 et
1754 1850 1804 1924 J
1813 1849 2172 1924 ohannem
2221 1845 2501 1925 Pethe6
2577 1848 2907 1924 saucium
2965 1846 3035 1921 in

777 1982 992 2069 tergo
1049 1973 1516 2048 liberassent.
1594 1969 1744 2047 Sed
1800 1998 2037 2071 neque
2133 1973 2509 2050 machinas
2589 1981 3034 2073 superventu

780 2098 1090 2175 militum
1128 2105 1437 2197 propter
1475 2121 1726 2173 earum
1766 2101 1997 2174 moles
2039 2100 2333 2176 auferre
2371 2107 2784 2201 potnerunt.

994 2225 1098 2301 At
1107 2226 1439 2301 Isabella
1453 2224 1868 2301 conditione
1884 2227 2158 2322 gallica
2178 2227 2586 2327 repudiata,
2604 2226 2903 2302 bellicis
2923 2248 3035 2299 cu-

782 2352 888 2431 ris
911 2349 1213 2445 afflicta,
1236 2358 1312 2426 et
1328 2350 1768 2450 praesertim
1792 2351 1984 2447 quod
2007 2374 2256 2427 omnes
2277 2354 2330 2430 J
2333 2352 2644 2426 ohannis
2655 2351 3035 2451 imperium

786 2486 1243 2579 expeterent,
1257 2486 1331 2552 et
1353 2484 1833 2570 essetaetate,
1848 2502 1992 2576 qua
2012 2502 2521 2577 regere,quam
2540 2479 2704 2576 regi
2715 2478 3038 2552 deberet,

780 2629 914 2706 spe
952 2613 1170 2702 atque
1191 2586 1388 2679 metu
1427 2603 1522 2677 ad
1558 2611 1792 2679 novas
1831 2627 1953 2679 res
1976 2605 2293 2680 animum
2315 2605 2609 2704 adjecit.
2652 2601 2801 2679 Sed
2822 2612 2899 2679 et
2918 2600 3037 2678 ad·

781 2753 1004 2806 versa
1040 2729 1387 2805 valetudo
1428 2731 1850 2822 accedebat,
1896 2730 2087 2805 unde
2128 2731 2348 2806 etiam
2384 2732 2584 2807 fama
2619 2729 2884 2804 mortis
2924 2751 3038 2802 ex-

785 2856 1012 2932 citata
1049 2856 1411 2930 Melchior
1451 2857 1778 2933 Balassa
1828 2859 1924 2933 ad
1963 2859 2188 2933 duces
2229 2859 2549 2958 equitum
2588 2857 3035 2955 germanico-

782 3006 941 3059 rum
1009 2983 1706 3081 quadringentorum
1783 2983 2371 3061 Geradovscium
2403 2995 2477 3060 et
2529 2985 2581 3062 J
2587 2985 3041 3059 ablonscium

778 3107 1074 3183 litteras
1116 3109 1280 3184 dat:
1340 3132 1469 3185 eos
1514 3110 2052 3186 Ferdinandus
2115 3119 2276 3187 orto
2333 3112 2530 3186 bello
2589 3110 3038 3209 conscripse·

791 3242 950 3328 rat,
1010 3235 1143 3310 sed
1199 3235 1403 3311 finito
1444 3237 1642 3311 bello
1705 3260 1872 3312 sero
1937 3246 2338 3335 venerant;
2398 3240 2742 3314 monebat
2795 3245 2878 3312 ut
2952 3232 3038 3310 ad

788 3385 873 3438 se
912 3362 1160 3437 statim
1199 3362 1452 3437 venire
1508 3363 1978 3456 festinarent,
2037 3388 2120 3439 se
2174 3362 2819 3439 Transsilvaniam
2859 3362 3040 3437 Fer-

790 3488 1107 3564 dinando
1165 3496 1784 3587 recuperaturum,
1850 3491 1913 3562 si
1954 3491 2226 3566 auxilio
2282 3514 2452 3566 esse
2509 3490 2774 3585 velint;
2811 3495 3038 3563 morte

788 3615 1095 3712 reginae
1132 3638 1472 3711 magnam
1514 3616 1975 3690 occasionem
2053 3617 2543 3713 promittebat,
2583 3614 2718 3691 sed
2753 3616 3039 3692 vanitas

789 3743 1031 3816 famae
1074 3749 1296 3838 atque
1332 3740 1650 3815 hominis
1690 3764 1838 3815 rem
1864 3764 2151 3838 quoque
2193 3742 2658 3835 disturbavit,
2700 3766 2788 3815 ac
2824 3741 3035 3816 iidem

796 3866 1087 3942 litteras
1126 3866 1495 3942 Balassae
1553 3866 1648 3941 ad
1706 3869 2309 3964 scepusianorum
2369 3869 2801 3969 oppidorum
2839 3868 3037 3965 regis

792 3991 1150 4069 Poloniae
1246 3994 1651 4094 prafectum
1762 3995 2134 4070 miserunt.
2229 3998 2437 4093 Ergo
2547 3996 2806 4092 regina
2915 4018 3040 4095 per

791 4119 1098 4194 fratrem
1172 4118 1719 4218 Sigismundum
1816 4121 2226 4219 Augustum
2335 4146 2593 4223 pacem
2667 4146 2826 4197 cum
2866 4121 3037 4197 Fer-

794 4245 1113 4320 dinando
1149 4246 1399 4321 facere
1427 4246 1866 4344 designavit,
1910 4256 2111 4323 tanto
2152 4250 2464 4340 silentio,
2503 4259 2580 4323 ut
2619 4248 2860 4323 nullus
2905 4273 3037 4322 om-

788 4372 959 4448 nino
996 4382 1292 4471 praeter
1327 4397 1545 4449 unum
1586 4372 2039 4451 Stanislaum
2083 4377 2149 4450 N
2155 4377 2468 4475 isovzky
2508 4380 2766 4466 sciret,
2808 4375 3031 4473 Sigis-

797 4498 1104 4575 mundus
1162 4498 1331 4572 item
1368 4524 1738 4598 perunum
1779 4503 2170 4578 Martinam
2213 4500 2637 4581 Cromerum
2678 4511 3032 4580 oratorem
