3293 5219
805 322 955 399 120

797 540 1126 619 Batorea
1177 537 1459 620 familia
1477 535 1546 637 ⁴¹)
1605 541 1700 617 ad
1775 562 2059 616 omnem
2119 540 2587 639 splendorem
2647 545 2870 638 atquc
2904 563 3031 616 vo·

796 668 1152 766 luptatem
1232 675 1526 765 patrum
1580 670 2036 768 temporibus
2105 647 2526 745 constructa
2562 674 2719 760 est;
2775 676 3036 744 nostra

796 801 1238 894 tempestate
1286 797 1578 871 hostilis
1633 797 1950 894 impetus
2006 795 2428 871 removendi
2483 817 2731 885 causa,
2789 819 3040 873 murus

795 922 1085 1018 ligneus
1108 922 1375 1020 duplici
1414 923 1669 997 ordine
1708 925 2013 999 cratium
2053 946 2143 998 ex
2181 921 2605 1019 ingentibus
2641 923 3040 1000 roboribus

793 1047 1156 1125 factarum
1215 1057 1417 1125 terra
1470 1050 1783 1147 fimoque
1838 1051 2321 1149 oppletarum,
2376 1049 2849 1148 praecipuum
2904 1051 3033 1126 ad·

801 1197 1065 1253 versus
1113 1174 1610 1263 machinarum
1652 1178 1973 1252 tonitrua
2021 1175 2590 1268 firmamentum,
2632 1177 3041 1253 circumdu-

804 1311 968 1378 ctus
1005 1310 1186 1378 erat.
1253 1302 1613 1395 Quartum
1669 1304 1863 1379 hanc
1899 1304 2272 1403 palatinus
2314 1304 2504 1378 diem
2561 1326 3040 1402 oppugnave-

804 1438 943 1520 rat,
1003 1428 1436 1528 dejectaque
1492 1432 1746 1529 aliqua
1800 1453 2162 1505 murorum
2220 1437 2432 1527 parte
2487 1428 3049 1528 impressionem

806 1554 1165 1655 postridie
1223 1579 1306 1632 se
1361 1558 1435 1631 in
1493 1581 1658 1632 eam
1713 1559 2070 1632 facturum
2128 1556 2563 1646 simulabat,
2614 1579 2774 1632 cum
2812 1559 3049 1639 bassa

803 1685 1332 1782 promissorum
1425 1708 1734 1776 memor,
1847 1684 2109 1761 relicta
2199 1685 2586 1782 sigetiensi
2659 1686 3048 1763 obsidione

807 1810 1064 1888 XXII.
1123 1810 1242 1884 die
1296 1811 1349 1887 J
1353 1811 1504 1903 ulii,
1562 1835 1776 1908 quem
1823 1813 2011 1887 diem
2066 1813 2295 1910 prisci
2353 1812 2597 1886 Divae
2655 1810 3044 1909 Magdale-

806 1959 946 2011 nae
1006 1936 1324 2012 cultibus
1382 1940 1752 2014 celebrem
1807 1962 1975 2014 esse
2031 1939 2438 2029 voluerunt,
2495 1961 2657 2013 cum
2695 1939 3042 2016 omnibus

806 2062 1039 2161 copiis
1078 2062 1351 2137 auxilio
1392 2065 1546 2138 suis
1605 2065 1827 2139 venit.
1888 2062 2110 2160 Certo
2172 2072 2619 2162 compertum
2659 2072 2793 2150 est,
2834 2088 3048 2141 exer·

804 2187 1021 2264 citum
1062 2189 1403 2266 hostilem
1441 2192 1617 2267 lixis
1659 2200 1736 2268 et
1773 2192 2176 2284 calonibus,
2213 2200 2605 2286 ceteraque
2643 2193 3048 2284 agrestium

801 2310 1392 2393 Christianorum
1476 2318 1948 2395 conficiendis
2030 2320 2266 2395 vineis
2344 2318 2894 2415 aggeribusque
2978 2330 3051 2395 et

806 2443 975 2519 aliis
1010 2442 1087 2517 id
1122 2465 1361 2537 genus
1399 2447 1908 2522 castrensibus
1947 2446 2197 2544 operis
2255 2467 2343 2520 eo
2381 2446 2455 2518 vi
2494 2444 3044 2543 compulsorum

804 2568 1279 2658 multitudine,
1293 2594 1481 2669 quae
1503 2574 1726 2671 paulo
1747 2575 1984 2649 minus
2005 2572 2309 2670 triginta
2336 2571 2663 2648 millibus
2700 2573 3048 2672 perhibe·

804 2703 945 2787 tur,
982 2717 1130 2771 non
1194 2698 1550 2774 minorem
1611 2700 2042 2796 quindecem
2098 2698 2420 2774 millibus
2460 2699 3053 2797 expeditissimo-

812 2842 969 2897 rum
1012 2819 1317 2894 militum
1356 2822 1612 2909 fuisse,
1670 2823 1784 2898 cui
1843 2824 1907 2897 si
1946 2825 2144 2899 vires
2183 2831 2480 2900 nostras
2519 2824 2881 2913 conferas,
2925 2828 3049 2904 vix

810 2945 1184 3027 dimidium
1220 2948 1539 3023 hostium
1579 2973 1956 3025 numerum
1996 2953 2460 3048 adaequasse
2501 2953 2933 3052 comperies,
2972 2961 3053 3028 ut

809 3073 930 3174 qui
988 3072 1113 3148 vix
1169 3073 1243 3148 in
1317 3075 1738 3151 universum
1815 3077 2066 3153 decem
2138 3078 2443 3153 millium
2500 3081 3049 3176 compleverint,

805 3219 1039 3297 eoque
1094 3220 1249 3272 rem
1310 3198 1791 3276 difficiliorem
1850 3204 2261 3291 habuerint,
2321 3205 2514 3301 quod
2572 3204 3046 3302 praecipuum

807 3327 1179 3402 exercitus
1237 3328 1479 3417 robur,
1537 3330 1908 3427 peditatus
1987 3331 2378 3406 adversum
2451 3331 2922 3407 velitationes
2979 3340 3054 3407 et

796 3453 1414 3537 ⁴concursationes
1438 3456 1762 3532 turcicas
1783 3460 1996 3556 parvi
2020 3460 2401 3533 admodum
2425 3460 2771 3532 momenti
2806 3458 3052 3534 fuerit.

803 3579 1148 3676 Equitem
1223 3581 1757 3679 expeditiorem
1814 3586 1937 3660 vix
2011 3585 2230 3659 trium
2289 3580 2588 3660 millium
2648 3586 3047 3670 habebant,

803 3702 1072 3804 hicque
1096 3704 1303 3782 solus
1322 3711 1727 3807 praecipua
1746 3719 1959 3808 parte
1979 3713 2326 3810 impetum
2344 3711 2689 3788 hostilem
2721 3711 3044 3787 sustinu-

802 3840 985 3924 erat,
1043 3833 1325 3931 reliquo
1384 3837 1640 3930 gravis
1673 3845 2121 3913 ‚armaturae
2178 3838 2422 3934 equite
2460 3839 2534 3912 in
2573 3838 2858 3912 modum
2901 3846 3042 3912 sta-

800 3957 974 4034 tarii
1052 3961 1423 4037 exercitus
1482 3963 1954 4060 persistente,
2035 3988 2292 4061 parum
2371 3987 2645 4063 operae
2717 3965 2802 4038 in
2868 3962 3048 4039 illud

801 4108 1095 4183 pugnae
1134 4109 1368 4181 genus
1409 4090 1851 4168 adtulerunt.
1913 4091 2298 4168 Palatinus
2358 4092 2448 4167 de
2505 4092 2825 4166 adventu
2879 4091 3043 4164 bas-

992 4280 1049 4350 ⁶³4)
1078 4282 1311 4338 Istvanfi
1349 4289 1602 4356 jegyzet»
1636 4312 1649 4342 ε
1679 4288 1802 4343 Non
1832 4307 1868 4344 a
1891 4289 2158 4357 Batoreis,
2206 4289 2302 4343 sed
2331 4309 2360 4339 a
2408 4287 2736 4350 Man-azanis,
2783 4290 2876 4356 qui
2924 4299 3041 4339 eam

798 4372 1286 4439 ⁸¹¹mPt¹¹0⁸issime
1313 4382 1736 4445 exstruxerant3
1788 4379 1957 4433 iidem
2006 4382 2182 4435 etiam
2208 4397 2336 4434 mon
2359 4379 2616 4433 ⁸sterium
2648 4377 3042 4430 Franci-cano·

796 4478 921 4516 rum
948 4460 1006 4515 in
1035 4462 1260 4534 Segusd
1287 4464 1664 4523 aedificarunt
1690 4486 1817 4524 cum
1846 4470 2058 4541 insigni
2093 4474 2316 4541 templo,
2363 4477 2537 4540 atque
2566 4469 2634 4524 iis
2664 4467 2924 4538 stirpitus
2953 4465 3043 4517 de·

796 4548 1145 4618 ficientibus,
1172 4570 1273 4608 arx
1298 4554 1572 4613 Babocha
1593 4577 1692 4628 per
1709 4557 1980 4614 Mathiam
2022 4576 2220 4630 regem
2269 4559 2560 4635 Stephano
2592 4557 2805 4631 Batory
2834 4550 3043 4609 caelibi

801 4639 1013 4695 donata
1036 4637 1166 4700 fuit.
