3293 5219
830 364 979 440 144

821 578 1198 679 provincia
1234 577 1802 676 praegrediendi
1842 577 2016 653 data
2052 577 2207 671 fuit,
2247 578 2700 676 speculatum
2739 599 2899 654 cum
2936 598 3065 650 sex

820 707 1019 781 mille
1094 704 1461 802 equitibus
1536 704 1959 779 lectissimis
2013 707 2458 803 praemittit3
2516 706 2639 803 qui
2695 704 2793 779 ad
2830 704 3062 778 locum

824 843 1236 909 castrorum
1331 831 1686 931 principis
1793 832 2271 928 perveniens,
2368 833 2495 908 ubi
2588 854 2821 907 vacua
2899 852 3065 906 esse

819 960 1039 1053 videt,
1078 959 1459 1035 castellum
1520 954 1822 1048 Chorgo
1878 959 2346 1034 tumultuarie
2387 980 2820 1055 aggressus,
2860 964 3063 1055 post-

820 1111 1035 1187 quam
1077 1110 1210 1186 spe
1252 1088 1411 1183 eJus
1449 1085 1786 1184 potiundi
1809 1084 2244 1176 destituitur,
2287 1086 2595 1185 direptis
2633 1086 2915 1183 aliquot
2953 1083 3062 1155 vi-

820 1215 1004 1290 cinis
1016 1214 1235 1312 pagis
1266 1213 1361 1288 ad
1384 1214 1918 1309 beglerbegum
1935 1214 2346 1288 revertitur.
2372 1212 2759 1289 Palatinus
2797 1211 3060 1286 itinere

817 1340 1137 1437 quotidie
1161 1339 1601 1430 continuato,
1657 1339 1783 1414 ubi
1822 1339 2076 1436 copias
2135 1340 2604 1434 germanicas
2665 1336 3056 1415 Jauriuum

824 1466 1316 1562 perduxisset,
1348 1464 1576 1540 milite
1617 1465 2074 1565 expeditiore
2115 1464 2397 1564 Papam
2454 1463 2810 1564 praesidii
2830 1487 3062 1538 causa

820 1594 1085 1668 misso:
1126 1593 1288 1692 ipse
1326 1593 1728 1692 principem
1772 1591 2211 1691 Sopronium
2256 1615 2515 1669 versus
2565 1592 3060 1689 subsequitur,

824 1719 944 1815 qui
976 1721 1130 1815 jam
1173 1727 1391 1792 antea
1446 1718 1965 1816 impedimenta
2023 1726 2095 1792 et
2169 1716 2713 1816 praetorianum
2753 1717 3059 1791 militem

823 1843 1175 1921 Graeium
1260 1843 1557 1943 Styriae
1650 1845 2156 1943 praemiserat.
2253 1843 2581 1936 Quocum
2655 1843 2730 1917 in
2786 1843 3060 1942 oppido

823 1970 1299 2063 Quismarton
1337 1972 1547 2048 brevi
1602 1968 2138 2048 consultatione
2175 1971 2448 2062 habita,
2502 1970 2845 2068 princeps
2902 1970 3062 2066 qui-

815 2098 978 2172 dem
1055 2099 1439 2190 Viennam,
1501 2095 1873 2196 palatinus
1916 2095 2343 2173 Sarvarium
2382 2121 2625 2173 arcem
2665 2120 2895 2188 suam,
2933 2098 3061 2170 ba-

811 2245 949 2298 nus
990 2247 1152 2298 eum
1194 2223 1651 2298 Lenkovieio
1709 2225 1783 2297 in
1834 2246 2009 2298 suas
2052 2222 2361 2321 quisque
2400 2223 2763 2300 stationes
2803 2246 3058 2298 conce-

810 2351 1025 2434 dunt3
1067 2348 1412 2449 belloque
1488 2353 1648 2447 ejus
1671 2350 1841 2426 anni
1880 2349 2071 2426 hunc
2104 2351 2320 2425 finem
2359 2350 2758 2449 imponunt.
2802 2352 3058 2426 Turca

803 2477 1057 2554 audita
1094 2485 1510 2553 nostrarum
1550 2476 1810 2551 virium
1833 2478 2216 2569 solutione,
2240 2487 2313 2553 et
2348 2478 2509 2577 ipse
2531 2478 2742 2578 equis
2783 2476 3050 2553 milite-

805 2628 944 2702 que
999 2604 1251 2702 pabuli
1309 2613 1383 2678 et
1440 2628 1774 2679 annonae
1837 2602 2090 2703 inopia
2148 2605 2522 2700 confectis,
2579 2604 2834 2703 copias
2874 2628 3055 2681 suas

795 2729 1261 2805 hibernatum
1300 2731 1686 2806 contrahit.

1005 2848 1102 2931 *In
1178 2857 1748 2932 Transsilvania
1768 2880 1966 2949 vero,
2011 2857 2497 2957 Inferiorique
2555 2865 2629 2933 et
2670 2854 3055 2953 Superiori

804 2980 1144 3079 Ungaria
1219 2984 1325 3057 sie
1401 3006 1483 3059 se
1530 3007 1654 3059 res
1691 2984 2105 3061 habebant:
2161 2985 2378 3061 simul
2415 2985 2603 3060 enim
2641 2993 2862 3082 atque
2900 3008 3051 3061 mu-

798 3109 982 3184 tatio
1023 3108 1284 3208 coepit,
1323 3111 1401 3184 in
1443 3108 1824 3208 Superiori
1881 3109 2222 3205 Ungaria
2281 3135 2375 3187 ex
2470 3112 2764 3186 arcibus
2804 3108 3047 3186 Geor-

800 3233 905 3329 gii
945 3236 1309 3335 Tarczay,
1370 3237 1756 3312 Francisci
1814 3236 2104 3334 Perenj,
2163 3263 2252 3314 ac
2300 3239 2677 3314 amborum
2715 3237 3046 3314 Bebeco-

804 3383 984 3456 rum,
1022 3361 1096 3435 in
1138 3364 1454 3461 quinque
1495 3364 1839 3439 civitates
1880 3390 2274 3463 earumque
2332 3365 2520 3441 fines
2564 3366 3047 3442 excursiones

794 3488 954 3564 fieri
992 3496 1299 3589 coeptae
1360 3499 1548 3579 sunt.
1589 3490 1828 3587 Igitur
1903 3490 2275 3568 Cibinium
2346 3491 2622 3570 Simoni
2688 3491 3037 3590 Forgaeh

802 3614 1325 3692 demandatur:
1369 3614 1783 3693 Cassoviae
1838 3629 2078 3695 autem
2156 3622 2630 3719 praefectura
2685 3620 2914 3697 Petro
2953 3621 3042 3695 de

798 3740 1240 3816 Macedonia
1266 3741 1596 3838 Ungaro.
1619 3742 1862 3838 Hujus
1883 3737 1950 3840 ⁴⁸)
1975 3747 2294 3841 majores
2315 3747 2767 3823 Macedones
2808 3757 3038 3831 erant,

791 3961 1045 3971 —----h
1072 3962 1093 3966 ,r

970 4012 1030 4079 ¹*)
1060 4011 1296 4069 lstvfinfi
1317 4017 1627 4085 jegyzete:
1655 4015 1712 4070 Is
1739 4033 1963 4088 quoque
2024 4023 2150 4073 erat
2176 4037 2245 4073 ex
2271 4034 2463 4075 sorore
2504 4019 2687 4090 patris
2716 4020 2826 4075 mei
2862 4019 3035 4074 Anna

790 4102 1030 4160 Ietvanfi
1055 4105 1302 4175 conjuge
1328 4104 1547 4160 Nicolai
1571 4104 1959 4178 Macedoniay
1979 4111 2168 4178 natus,
2210 4110 2297 4165 vir
2339 4111 2525 4165 bonus
2569 4115 2628 4165 et
2669 4107 3038 4165 Fordinando

791 4195 1122 4266 imperatori
1152 4194 1376 4259 charus,
1421 4197 1586 4268 eique
1630 4214 1668 4251 a.
1713 4196 1995 4263 cubiculo,
2049 4201 2273 4255 demum
2318 4200 2372 4255 iu
2419 4198 2786 4270 praefectura.
2829 4198 3036 4256 cao-o·

787 4285 976 4341 vienei
1004 4284 1315 4356 apoplexia
1342 4294 1645 4357 correptus
1675 4287 1830 4355 obiit,
1859 4288 2077 4343 re¹ictis
2098 4306 2165 4343 ex
2197 4287 2501 4346 Felicitate
2539 4288 2720 4358 Velsy
2748 4291 3032 4345 Leonardi

783 4374 922 4444 filia,
950 4377 1112 4431 unico
1140 4372 1255 4430 filio
1283 4375 1538 4442 Nicolao,
1567 4383 1624 4430 et
1656 4375 1824 4432 Anna
1875 4377 2008 4442 filia,
2056 4396 2202 4449 quae
2231 4381 2285 4433 in
2315 4397 2608 4452 gynaeceo
2634 4378 2824 4436 caroli
2852 4380 3030 4437 arohi-

783 4467 948 4523 ducis
976 4466 1136 4539 virgo
1187 4468 1435 4522 nondum
1464 4473 1639 4539 nupta
1687 4485 1717 4522 e
1749 4468 1896 4525 vivi·
1945 4471 2228 4540 excessit;
2259 4469 2408 4526 filius
2455 4488 2592 4529 vero
2642 4471 2875 4529 Patavii
2905 4488 3029 4526 cum

785 4558 990 4614 litteris
1011 4575 1237 4629 operam
1284 4558 1485 4624 daret,
1528 4560 1829 4615 immatura
1874 4568 2053 4615 morte
2082 4568 2312 4632 ereptus
2360 4567 2463 4617 est.
2513 4571 2573 4617 et
2618 4580 2689 4618 ea
2718 4563 3026 4636 progenies

790 4645 1017 4703 defecit.
