3293 5219
2410 298 2503 376 11

264 512 604 587 fenestra
637 513 902 609 ingens
941 521 1202 612 aperta
1238 522 1372 591 est.
1412 515 1606 590 Nam
1643 516 1978 605 omnium,
2020 539 2211 614 quae
2248 525 2512 616 postea

264 647 585 735 sequuta
624 649 812 729 sunt,
872 643 1225 717 malorum
1281 642 1466 717 haec
1503 643 1643 717 fuit
1680 665 1908 718 causa
1946 651 2019 717 et
2056 643 2306 739 origo,
2365 644 2508 718 imo

265 774 344 840 et
383 765 724 841 continuo
746 766 844 842 ad
878 768 1322 863 pereundum
1342 768 1939 867 perdendumque
1976 769 2148 858 fato,
2189 770 2355 845 dum
2374 794 2509 869 pro

259 894 632 968 charitate
654 893 896 969 odium
915 894 1359 986 immortale,
1414 894 1636 970 nullis
1675 894 1998 986 damnis,
2061 897 2258 971 nullo
2297 905 2511 989 metu,

263 1019 491 1094 nullis
530 1020 879 1118 precibus
900 1020 1292 1118 expiabile,
1330 1044 1465 1120 pro
1485 1022 1825 1096 hostibus
1866 1022 2068 1097 cives
2107 1031 2182 1098 et
2218 1024 2510 1120 sangui-

262 1169 436 1221 nem
476 1154 826 1238 nostrum,
887 1147 1087 1222 caeci
1125 1170 1359 1245 usque
1398 1147 1492 1222 ad
1533 1148 1832 1222 exitium
1872 1155 2258 1226 sectamur.
2317 1149 2514 1224 Anni

264 1295 453 1368 ergo
494 1270 950 1368 insequentis
1007 1273 1243 1363 initio,
1316 1273 1507 1348 inter
1565 1274 2112 1350 Ferdinandum
2150 1282 2224 1350 et
2278 1273 2513 1351 Geor-

265 1400 468 1496 gium
527 1406 890 1475 tractatus
926 1400 1257 1499 repetiti,
1332 1424 1469 1476 nec
1522 1400 1748 1475 multo
1784 1411 1957 1499 post
2010 1401 2216 1477 missi
2253 1403 2512 1478 iterum

265 1528 632 1602 Nicolaus
697 1548 942 1602 comes
981 1552 1029 1602 a
1068 1524 1318 1602 Salma
1409 1535 1484 1602 et
1544 1525 1889 1602 Andreas
1926 1528 2241 1619 Bathor,
2299 1529 2518 1606 collo-

265 1654 522 1753 quium
599 1678 760 1730 cum
817 1650 1149 1751 Georgio
1206 1654 1281 1728 in
1335 1654 1663 1751 Diozeg,
1739 1654 2008 1753 oppido
2066 1653 2519 1751 Sigismundi

268 1781 656 1877 Forgach,
714 1781 1061 1855 habuere.
1116 1780 1331 1855 Licet
1365 1780 1817 1855 induciarum
1875 1789 2164 1879 tempus
2200 1782 2516 1857 nondum

271 1908 675 1999 exivisset,
744 1930 928 2005 quas
968 1906 1485 1983 Ferdinandus
1525 1907 1932 2005 superioris
1972 1908 2143 1983 anni
2201 1907 2515 1983 comitiis

265 2033 842 2133 posoniensibus
903 2057 1067 2109 cum
1121 2033 1524 2131 Solymano
1561 2041 1860 2132 pactas,
1935 2042 2010 2109 et
2044 2058 2303 2132 pacem
2359 2056 2519 2130 spe-

269 2186 441 2238 rare
480 2163 776 2262 publice
813 2162 887 2237 in
926 2169 1380 2253 conventum,
1420 2185 1578 2237 cum
1618 2160 1940 2236 adsensu
1980 2162 2231 2259 populi
2269 2162 2522 2257 vulga-

272 2298 424 2379 rat,
507 2295 583 2364 et
620 2288 813 2385 quod
852 2288 926 2363 in
981 2287 1099 2362 his
1135 2287 1188 2366 J
1193 2309 1470 2362 oannes
1526 2284 1908 2362 Secundus
1947 2286 2519 2385 comprehensus

277 2423 505 2491 esset.
546 2413 731 2490 Post
766 2415 952 2490 haec
987 2414 1385 2513 publicatis
1416 2414 1709 2489 arcanis
1765 2414 2028 2510 regina
2064 2414 2139 2488 in
2176 2413 2521 2513 oppidum

273 2543 514 2619 Enied
571 2542 954 2618 concilium
1026 2542 1315 2638 indicit,
1393 2551 1467 2620 et
1514 2541 1722 2619 multi
1779 2565 1871 2618 ex
1946 2540 2434 2618 familiaribus
2453 2534 2520 2639 ³¹⁸)

273 2671 622 2747 alienatis
697 2669 961 2745 animis
1017 2670 1111 2744 ob
1171 2671 1451 2762 scelus,
1527 2693 1573 2743 a
1631 2665 1966 2764 Georgio
2041 2669 2136 2745 ad
2191 2669 2522 2766 reginam

273 2795 700 2874 descivere.
776 2820 1230 2895 regnumque
1286 2796 1360 2871 in
1435 2796 1778 2895 partibus
1868 2796 2174 2892 reginae
2250 2797 2519 2872 stabat.

280 2923 554 2999 Petrus
603 2922 1053 3000 Petrovitius
1110 2922 1184 2997 in
1244 2923 1658 2999 Temesvar
1735 2944 1942 2996 arma
1996 2930 2071 2997 et
2124 2921 2523 2999 exercitum

273 3052 630 3150 parabat,
709 3048 1044 3147 Georgio
1082 3050 1551 3126 renunciatur
1589 3048 2129 3125 administratio
2169 3072 2412 3124 rerum
2450 3056 2526 3124 et

275 3177 640 3253 Varadini
678 3200 978 3253 manere
1005 3177 1331 3275 jubetur.
1389 3174 1493 3250 At
1529 3175 1656 3250 ille
1696 3173 1983 3266 anxius,
2060 3182 2134 3248 et
2170 3174 2236 3248 si
2272 3181 2524 3271 poten-

275 3304 453 3379 tiam
491 3305 894 3383 amitteret,
970 3307 1255 3401 majora
1292 3303 1577 3392 timens,
1636 3300 2205 3390 Ferdinandum,
2265 3323 2408 3398 quo
2448 3301 2524 3375 in

277 3440 477 3508 statu
518 3454 640 3506 res
678 3439 967 3522 essent,
1045 3431 1295 3523 docet,
1375 3437 1447 3504 et
1485 3427 1835 3504 auxilium
1872 3433 2243 3501 maturare
2272 3428 2522 3523 jubet3

278 3559 444 3656 ipse
478 3581 616 3656 per
657 3557 1065 3655 Ungariam
1102 3557 1434 3634 collectis
1473 3555 1709 3654 copiis
1748 3554 2388 3630 Transsilvaniam
2455 3563 2530 3628 et

275 3684 640 3759 comitium
677 3684 866 3760 ultro
905 3684 1334 3781 ingreditur.
1377 3683 1492 3759 Ibi
1531 3703 1665 3780 per
1724 3703 2032 3777 regnum
2068 3702 2331 3778 pacem
2370 3689 2524 3757 ten-

282 3818 438 3887 tare
464 3869 481 3902 ,
543 3812 970 3909 obsequium
1010 3812 1395 3902 simulare,
1478 3809 1737 3906 regina
1775 3832 1909 3906 per
1947 3807 2383 3882 modestiam
2419 3831 2529 3882 re-

282 3936 725 4034 spondente:
801 3937 926 4013 ubi
980 3938 1215 4036 primo
1255 3936 1346 4011 de
1405 3957 1659 4032 regno
1698 3940 1771 4009 et
1810 3934 2165 4010 communi
2218 3933 2532 4009 utilitate

283 4065 686 4140 consultum
723 4065 979 4156 fuerit,
1057 4063 1423 4140 dominum
1461 4071 1536 4138 et
1591 4060 1928 4136 subditos
1984 4060 2175 4136 inter
2232 4083 2315 4136 se
2356 4082 2440 4135 co
2452 4084 2527 4133 n-

286 4199 652 4266 venturos.
691 4188 1025 4267 Comitiis
1059 4191 1325 4267 tractis
1346 4198 1421 4264 et
1455 4189 1798 4264 inanibus
1838 4187 2089 4262 verbis
2127 4187 2356 4262 elusis
2396 4211 2523 4263 re-

288 4316 460 4411 gina
500 4317 771 4391 Albam
809 4318 860 4394 J
867 4318 1091 4392 uliam
1129 4295 1522 4393 abscessit.
1567 4313 1944 4409 Georgius
1983 4314 2382 4413 plerosque
2422 4311 2532 4389 Si-

473 4602 535 4670 *je
563 4600 805 4657 Intranfi
827 4600 1135 4684 jegyzete:
1164 4599 1452 4657 Antonius
1479 4596 1675 4658 Kendi
1702 4605 1760 4654 ct
1789 4596 1999 4653 Paulus
2026 4595 2209 4650 Bank.
