3293 5219
787 270 939 349 106

771 488 849 562 in
886 509 1104 586 quam
1140 490 1263 587 qui
1300 488 1583 580 sedent,
1622 511 1883 564 manus
1942 489 2406 587 complicare,
2449 487 2684 586 pedes
2724 511 3026 590 compo·

772 638 952 690 nere
1004 614 1080 689 in
1120 637 1472 689 summam
1530 615 1968 689 modestiam
2024 614 2332 706 debeut3
2373 621 2453 687 at
2488 615 2668 689 muti
2706 615 2818 689 illi
2857 637 3024 690 ner-

773 739 891 813 vis
944 738 1240 814 bubulis
1296 739 1943 829 circumsistentes,
1995 740 2336 815 celeriter
2399 739 2768 816 hominem
2806 737 3034 815 confl-

775 865 991 957 ciunt,
1030 865 1299 961 laqueo
1321 865 1572 961 gulam
1627 866 2087 963 frangentes.
2147 863 2513 939 Amhatus
2571 889 2734 940 cum
2795 865 3032 941 sedis-

773 998 908 1083 set,
948 1012 1117 1089 sese
1174 990 1483 1088 aptavit,
1523 996 1598 1064 et
1653 988 1730 1063 id
1767 989 1982 1064 modo
2047 1011 2131 1064 se
2169 989 2441 1063 mereri
2480 990 2575 1064 ob
2635 1011 2800 1064 eam
2869 1010 3037 1064 cau-

772 1140 931 1192 sam
969 1139 1130 1193 cum
1169 1115 1501 1208 dixisset,
1543 1116 1740 1213 quod
1777 1138 2031 1191 omnes
2087 1115 2368 1205 hostes,
2407 1114 2506 1189 ad
2545 1135 2732 1213 quos
2773 1137 3028 1191 acces·

777 1243 1027 1334 sisset,
1088 1242 1565 1335 debellasset,
1622 1263 1862 1339 neque
1898 1241 1975 1315 in
2013 1240 2211 1315 bello
2252 1261 2335 1313 se
2389 1239 2625 1316 fuisse
2683 1262 2828 1339 quo
2885 1264 3033 1317 non

773 1367 1123 1458 vicisset,
1196 1367 1441 1442 statim
1497 1389 1727 1441 nervo
1785 1366 2058 1462 injecto
2117 1362 2454 1461 spiritum
2511 1371 2734 1461 atque
2788 1366 3033 1463 ipsam

771 1493 1090 1568 animam
1151 1501 1705 1591 expresserunt.
1761 1490 2192 1566 Rustemum
2269 1495 2511 1562 autem
2572 1490 2651 1565 in
2703 1490 3031 1588 priorem

767 1618 1199 1715 ‹lig-nitatem
1234 1618 1580 1694 restituit.
2613 1597 2630 1616 “

985 1740 1434 1840 Solymauus
1530 1766 1692 1819 cum
1750 1745 1826 1818 in
1872 1742 2409 1841 expeditionem
2448 1742 2816 1840 persicam
2865 1768 3035 1842 pro-

770 1868 1250 1960 ficisceretur,
1345 1868 1642 1964 Toigon
1704 1871 2006 1944 bassam
2066 1869 2322 1944 Budae
2378 1875 2600 1965 atque
2656 1868 2804 1966 ipsi
2864 1869 3022 1947 Un-

764 1994 1021 2090 gariae
1079 1994 1460 2093 praefecit,
1523 2018 1738 2092 quem
1796 1995 1941 2069 sibi
1979 2020 2026 2069 a
2083 1993 2474 2093 prudentia
2531 2000 2605 2068 et
2662 1995 3030 2073 modestia

771 2120 1354 2197 commendatum
1389 2122 1761 2215 habebat3
1820 2121 2239 2196 mandatum
2280 2121 2348 2195 ei
2388 2120 2718 2212 dederat,
2755 2130 2839 2197 ut
2877 2123 3030 2198 bel·

775 2246 852 2322 lo
944 2248 1141 2321 omni
1232 2247 1680 2338 abstineret,
1792 2246 1937 2320 nisi
2028 2246 2106 2319 in
2181 2252 2530 2344 quantum
2602 2247 3025 2325 necessitas

767 2372 1218 2471 postularet;
1298 2373 1497 2470 quod
1569 2372 1790 2447 etiam
1867 2372 2263 2469 praestitit.
2341 2371 2445 2445 At
2500 2394 2663 2448 cum
2729 2374 2891 2468 jam
2953 2384 3030 2452 et

771 2496 1222 2597 Solymauus
1279 2496 1738 2586 revertisset,
1834 2503 1909 2572 et
1960 2519 2052 2571 ex
2091 2496 2546 2573 Ferdinandi
2586 2495 2865 2574 ditione
2899 2523 3026 2576 ex-

766 2623 1147 2700 cursiones
1185 2622 1681 2699 creberrimae
1738 2623 2018 2717 fierent‚
2058 2647 2218 2700 cum
2259 2647 2351 2699 ex
2389 2624 2559 2700 aliis
2599 2625 3024 2722 praesidiis,

762 2756 914 2824 tum
952 2751 1396 2847 praesertim
1437 2774 1484 2823 a
1526 2745 2098 2843 Sigetiensibus,
2120 2748 2371 2823 itidem
2411 2769 2712 2845 quoque
2750 2772 2843 2823 ex
2881 2749 3028 2825 Ba-

766 2873 1035 2949 bolcha
1056 2881 1132 2950 et
1150 2871 1778 2972 Kapos-Ujvaro,
1802 2872 2058 2949 harum
2081 2874 2343 2949 ambas
2371 2873 2837 2972 occupandas
2880 2885 3029 2952 sta-

767 2998 927 3092 tuit,
941 2999 1254 3097 primum
1273 3005 1353 3074 ut
1372 2996 1853 3073 excursiones
1881 3005 2277 3091 averteret,
2302 2998 2567 3074 deinde
2592 2999 2814 3075 etiam
2828 3000 3028 3076 viam

765 3124 840 3200 in
884 3122 1216 3222 Sigetum
1253 3121 1825 3217 intercluderet3
1867 3123 2063 3220 quod
2101 3121 2651 3218 Sigetiensibus
2690 3147 2836 3200 non
2874 3148 3025 3201 mo·

768 3252 860 3327 do
902 3250 999 3327 ad
1037 3249 1515 3325 excursiones
1570 3248 1908 3339 hostiles,
1952 3249 2087 3324 sed
2125 3249 2348 3324 etiam
2385 3250 2483 3324 ad
2520 3251 3023 3348 profectiones

768 3374 1264 3475 periculosum
1324 3381 1400 3448 et
1454 3373 1978 3468 gravissimum
2035 3380 2198 3449 erat
2231 3374 2575 3450 futurum.
2651 3375 3028 3474 Imprimis

775 3500 1441 3600 Kapos-Ujvarum
1455 3498 1913 3597 aggreditur,
1930 3499 2125 3599 quod
2145 3507 2309 3575 erat
2327 3499 2704 3593 infirmius,
2725 3509 2801 3576 et
2813 3508 3024 3579 tanto

765 3625 989 3701 etiam
1070 3626 1165 3701 ad
1220 3624 1652 3723 potiundum
1729 3624 2195 3699 commodius.
2309 3623 2525 3716 Quod
2599 3624 3023 3725 Stephanus

767 3752 1075 3850 Dersffy
1129 3752 1333 3828 illius
1407 3752 1604 3826 arcis
1659 3774 2080 3849 possessor,
2146 3750 2512 3828 Viennam
2586 3754 2684 3829 ad
2753 3754 3017 3830 Ferdi-

759 3875 1099 3966 nandum,
1137 3876 1518 3952 intellecto
1558 3883 1759 3951 motu
1777 3877 2074 3965 bassae,
2095 3901 2231 3975 pro
2290 3878 2590 3954 auxiliis
2645 3886 2796 3954 tam
2833 3880 3020 3956 mili·

762 4007 939 4093 tum,
978 4024 1199 4099 quam
1237 4001 1740 4077 machinarum
1805 4026 2204 4079 aenearum
2260 4003 2638 4089 abiuerat3
2693 4004 2768 4079 in
2804 4028 3021 4104 prae-

761 4126 951 4203 sidio
988 4126 1281 4226 pedites
1319 4126 1628 4203 militiae
1667 4127 2156 4222 voluntariae,
2194 4150 2433 4225 genus
2466 4129 2838 4206 hominum
2861 4153 3019 4208 cru-

767 4250 1072 4328 delitate
1113 4252 1406 4347 infame,
1445 4253 1872 4351 reliquerat,
1937 4254 2269 4352 exceptis
2306 4255 2567 4353 paucis
2606 4254 3017 4354 equitibus;

760 4398 928 4456 nam
967 4374 1075 4450 ita
1112 4398 1290 4453 usus
1333 4382 1518 4466 erat,
1555 4376 1630 4452 in
1689 4376 2027 4453 omnibus
2085 4378 2412 4453 finitimis
2468 4378 2677 4470 locis,
2716 4388 3020 4478 praeter

772 4501 1325 4602 stipendiarios,
1386 4503 1847 4583 voluntarios
1921 4504 2215 4605 pedites
2270 4507 2514 4599 alere3
2568 4505 2645 4598 ii,
2704 4508 2826 4582 ex‘
2853 4506 3019 4583 solo
