3293 5219
818 340 968 422 128

816 571 1133 669 Cognito
1176 593 1356 665 ergo
1398 571 1588 667 quod
1628 571 1854 644 bassa
1916 572 2007 641 ad
2047 572 2498 647 obsidionem
2539 583 3050 657 reverteretur,

812 696 1602 798 totumpropemodum
1640 697 2037 795 peditatum
2078 700 2152 772 in
2193 701 2629 776 munitiones
2687 709 2762 775 et
2797 704 3046 776 fossas

815 827 1128 901 hostium
1169 825 1622 922 disposuere,
1675 835 1751 899 ut
1788 824 2106 899 hostium
2145 825 2236 899 iis
2279 835 2639 921 arcerent,
2679 853 2813 903 nec
2851 831 3047 904 bom-

813 951 1089 1026 bardas
1127 950 1200 1024 in
1239 950 1554 1047 pristina
1589 950 1755 1024 loca
1815 950 2180 1023 collocare
2243 951 2586 1027 sinerent.
2626 953 2870 1028 Bassa
2911 954 3037 1028 ad-

815 1085 1123 1153 ventans
1178 1079 1304 1153 ubi
1342 1086 1585 1153 castro
1645 1077 1949 1174 propior
2005 1100 2173 1151 esse
2233 1079 2496 1176 coepit,
2555 1079 2766 1154 simul
2824 1080 3046 1156 auda-

816 1206 1003 1279 ciam
1040 1210 1480 1294 nostrorum,
1540 1204 1754 1278 simul
1792 1210 1942 1277 tam
2000 1204 2320 1279 subitam
2367 1206 2679 1305 collapsi
2720 1207 2906 1281 muri
2945 1231 3054 1281 re-

819 1333 1345 1408 staurationem
1382 1332 1697 1421 intuens,
1737 1338 1947 1406 tanta
1985 1330 2466 1406 admiratione
2523 1341 2673 1407 tam
2707 1333 3054 1431 pertinax

814 1479 1064 1533 eorum
1134 1457 1568 1546 resistendi,
1683 1458 2013 1554 adeoque
2104 1458 2168 1532 si
2244 1481 2409 1533 sors
2484 1459 2699 1550 ferat,
2776 1459 3050 1534 conati·

818 1585 956 1660 bus
1011 1582 1466 1658 immoriendi
1522 1584 1995 1681 propositum.
2093 1591 2242 1657 tarn
2301 1584 2660 1660 fervidum
2720 1583 3057 1660 laborem

816 1720 933 1787 est
987 1719 1442 1809 prosecutus,
1501 1719 1580 1785 ut
1624 1713 1781 1807 jam
1837 1716 1987 1783 tum
2030 1709 2475 1808 desperasse
2516 1712 2604 1786 de
2680 1735 3058 1810 expugna·

812 1838 1011 1914 tione
1051 1839 1462 1938 coepisset3
1498 1837 1967 1913 nihilominus
1989 1862 2080 1913 ne
2100 1838 2395 1935 prodita
2434 1840 2847 1935 abjectione
2888 1840 3055 1937 spei

815 1966 1280 2041 abscessisse
1358 1965 1748 2056 videretur,
1809 1965 2048 2038 animo
2107 1974 2453 2041 aestuans
2530 1966 2902 2058 subsistit,
2934 1989 3056 2040 ca-

818 2099 1296 2190 strensesque
1372 2115 1533 2166 cum
1591 2089 2087 2165 machinarum
2164 2091 2435 2167 ictibus
2509 2099 2659 2166 tum
2733 2092 3059 2190 capitum

818 2243 1087 2313 eorum,
1113 2219 1237 2319 qui
1275 2220 1470 2316 apud
1510 2218 1936 2308 Babociam‚
1973 2225 2194 2316 prout
2233 2229 2872 2295 commemoratum
2913 2232 3054 2312 est,

816 2346 1255 2437 ceciderant,
1293 2343 1787 2419 ostentatione
1822 2349 2106 2417 terrere
2147 2345 2408 2442 coepit.

1030 2471 1333 2549 Interim
1388 2469 1905 2545 accedentibus
1963 2492 2124 2543 eum
2184 2470 2274 2544 de
2332 2494 2530 2546 more
2571 2472 2839 2547 ceteris
2895 2477 3018 2572 pri

819 2601 1139 2678 moribus
1198 2594 1461 2697 (begos
1500 2597 1609 2671 illi
1670 2589 1965 2692 vocant)
2022 2595 2369 2672 mandata
2407 2623 2499 2674 ex
2559 2622 2646 2675 eo
2697 2602 3053 2699 capturis,

809 2730 1054 2804 subita
1074 2725 1439 2802 contentio
1459 2731 1634 2798 nata
1658 2733 1793 2797 est.
1814 2724 2064 2798 Bassa
2081 2747 2369 2822 quoque
2389 2726 2606 2812 nimis
2628 2728 3054 2825 castigavit,

810 2856 1002 2953 quod
1041 2853 1659 2954 oppugnationem
1718 2858 1941 2926 antea
1980 2871 2232 2926 eorum
2268 2853 2644 2948 ignaviam
2664 2854 3050 2951 negligen-

806 2993 919 3058 ter
957 2980 1455 3069 curavissent,
1514 2978 1661 3076 ipsi
1699 2987 1949 3053 essent
1990 2977 2262 3051 domini
2302 2980 2911 3056 acmoderatores
2933 3007 3050 3057 re-

807 3134 984 3199 rum,
1009 3116 1081 3183 et
1116 3109 1455 3204 neglecto
1478 3100 1959 3203 snoimperio,
1980 3116 2116 3204 pro
2156 3105 2460 3181 libidine
2501 3130 2689 3205 quae
2727 3112 3049 3205 vellent;

805 3236 999 3336 quod
1038 3242 1362 3333 agerent.
1404 3230 1483 3308 Si
1525 3233 1904 3309 consilium
1942 3232 2450 3331 imperataque
2488 3258 2622 3311 sua
2662 3238 2873 3336 sequi
2915 3260 3045 3311 vo-

803 3364 1134 3453 luissent,
1166 3361 1520 3461 praelium
1563 3360 1655 3433 ad
1679 3358 2101 3452 Babociam,
2137 3358 2344 3434 nulla
2364 3369 2493 3436 aut
2515 3360 2738 3458 longe
2759 3364 3046 3439 minore

802 3513 1098 3567 suorum
1136 3489 1344 3564 clade
1382 3486 1799 3586 perpetrari
1817 3485 2221 3583 potuisset3
2262 3509 2451 3562 nunc
2488 3511 2580 3563 ex
2602 3512 2852 3565 eorum
2893 3499 3046 3566 tor-

804 3640 982 3717 pore
1018 3617 1094 3691 id
1133 3616 1579 3692 accessisset
1636 3613 2109 3705 incommodi,
2152 3615 2346 3711 quod
2385 3625 2810 3692 castrenses
2848 3640 3045 3693 sum-

804 3754 929 3840 pto
1005 3767 1093 3817 ex
1150 3742 1403 3817 hostili
1441 3740 1806 3837 sanguine
1865 3740 2146 3825 animo,
2188 3764 2534 3837 aggeres,
2577 3743 3042 3835 munitiones,

801 3873 1052 3959 fossas
1090 3871 1185 3944 ab
1224 3892 1306 3944 se
1345 3875 1632 3944 erectas
1674 3867 2124 3964 occuparint,
2164 3875 2386 3965 atque
2425 3890 2508 3946 se
2544 3871 2621 3944 in
2658 3870 2750 3944 iis
2779 3870 3042 3948 conflr-

801 3998 1089 4089 marint,
1126 4004 1208 4073 ut
1247 3998 1361 4071 vel
1399 4017 1649 4071 eorum
1688 3995 2153 4093 recuperatio
2178 3998 2551 4092 majorem,
2575 4019 2793 4095 quam
2830 4001 3040 4098 oppi-

802 4124 873 4198 di
909 4124 1362 4224 expugnatio
1415 4123 1750 4198 laborem
1815 4123 1913 4198 sit
1971 4123 2458 4220 exhaustura;
2497 4148 2775 4201 murum
2813 4147 3038 4224 porro

801 4252 1047 4345 castri,
1088 4258 1519 4349 ceterasque
1558 4251 1811 4326 ruinas
1849 4251 1954 4324 ita
1973 4249 2525 4347 redintegratas
2548 4275 2736 4345 esse,
2760 4258 2839 4326 ut
2876 4251 3037 4324 nul—

800 4380 876 4452 la
894 4378 1019 4453 via
1056 4379 1216 4473 ejus
1252 4377 1609 4475 potiundi,
1666 4376 1871 4453 nulla
1907 4379 2429 4476 propemodum
2484 4379 2675 4455 ratio
2714 4378 3033 4454 hostium

801 4503 1396 4579 debellandorum
1490 4504 1836 4603 supersit.
1931 4503 2143 4578 Haec
2233 4524 2319 4579 eo
2407 4505 2719 4581 furentis
2791 4505 3030 4580 instar

802 4628 957 4728 (aut
992 4632 1345 4724 begorum
1386 4630 1479 4702 ad
1519 4652 1785 4704 novam
1822 4632 2445 4728 oppugnationem
2481 4631 3036 4711 inflammando·
