3293 5219
402 1593 802 1689 LIBER
887 1592 1593 1689 VIGESIMUS
1655 1593 2354 1690 SECUNDUS·

466 2164 556 2239 In
609 2163 1008 2260 partitione
1082 2163 1514 2238 nobiliorem
1588 2172 1875 2262 partem
1942 2165 2362 2263 spoliorum,
2424 2176 2496 2241 et

251 2290 626 2385 majorem,
665 2288 1063 2364 triremium
1119 2288 1562 2387 praesertim
1635 2289 1687 2363 J
1693 2289 2020 2364 ohannes
2043 2289 2485 2367 Austriacus

251 2409 702 2489 Venetorum
756 2414 959 2488 facili
1016 2413 1492 2509 indulgentia,
1550 2438 1693 2488 non
1749 2422 1999 2489 tamen
2041 2416 2199 2490 sine
2238 2440 2489 2491 eorum

248 2537 648 2616 offensione
685 2540 1016 2615 obtinuit:
1072 2563 1232 2615 cum
1279 2539 1375 2614 ad
1413 2541 1969 2637 exaequandam
2007 2541 2322 2615 classem
2363 2565 2486 2616 ve-

251 2674 514 2760 netam,
554 2667 1015 2742 manifestam
1056 2668 1622 2743 aemulationem
1660 2691 1842 2766 prae
1881 2690 1963 2743 se
2013 2668 2328 2744 tulisset.
2388 2666 2491 2742 At

249 2792 539 2883 Veneti,
565 2801 647 2867 ut
699 2801 773 2868 et
826 2814 1124 2868 numero
1181 2801 1255 2871 et
1299 2795 1565 2870 robore
1606 2817 1689 2868 se
1728 2800 2119 2890 praestare
2161 2794 2495 2869 ostende-

247 2924 450 3010 rent,
525 2918 903 2993 subductis
978 2918 1213 3015 captis
1269 2920 1607 3010 navibus,
1685 2919 1824 2991 LX
1882 2941 2115 2993 novas
2190 2927 2490 3017 praeter

248 3049 542 3116 veteres
597 3049 1065 3119 exornarunt.
1141 3039 1434 3116 Accidit
1491 3042 1711 3116 etiam
1750 3041 1947 3116 haud
1983 3068 2220 3140 parva
2258 3046 2489 3117 offen-

247 3165 360 3241 sio
396 3166 591 3241 inter
613 3166 1084 3241 Austriacum
1105 3172 1179 3238 et
1201 3164 2246 3263 Venerium,propterea,quod
2283 3168 2348 3241 is
2387 3168 2491 3241 in-

233 3291 454 3385 jussu
491 3289 868 3365 Austriaci
902 3289 1240 3365 nuncium
1276 3288 1632 3363 victoriae
1671 3289 2030 3364 Venetias
2068 3290 2490 3388 praemisis-

246 3423 382 3508 set;
443 3415 703 3490 deinde
744 3416 937 3512 quod
995 3416 1178 3491 duos
1216 3414 1639 3512 hispanicos
1697 3414 1968 3488 milites
2006 3437 2177 3489 reos
2218 3415 2483 3512 capitis

246 3537 630 3615 damnatos
669 3539 908 3615 securi
947 3539 1461 3637 percussisset.
1522 3541 1784 3633 Itaque
1844 3560 2003 3613 cum
2050 3539 2125 3613 in
2165 3539 2482 3634 collegio

243 3663 770 3761 imperatorum
827 3686 997 3739 esse
1053 3665 1367 3760 amplius
1423 3686 1569 3738 non
1625 3663 2121 3758 sustinuisset,
2212 3664 2483 3740 Veneti

241 3811 516 3863 novum
551 3789 1070 3886 imperatorem
1094 3790 1363 3864 classis
1384 3789 1436 3863 J
1441 3788 1748 3863 acobum
1787 3787 2291 3862 Fuscarenum
2330 3810 2484 3862 cre-

243 3920 478 4004 arunt,
534 3911 857 3987 Venerio
899 3920 1142 3987 autem
1180 3911 1841 3987 extraordinariam
1899 3912 2241 4006 classem,
2319 3934 2478 3986 cum

237 4037 713 4133 imperatoria
764 4045 1135 4135 potestate
1190 4037 1700 4112 attribuerunt.
1794 4035 2131 4112 Victoria
2186 4035 2478 4112 navalis

238 4171 457 4259 prout
510 4163 886 4259 insperato
944 4162 1229 4254 accidit,
1278 4162 1386 4236 ita
1424 4161 1645 4236 etiam
1688 4161 2047 4251 omnibus,
2089 4160 2223 4235 sed
2259 4183 2478 4259 prae-

246 4287 503 4361 sertim
542 4287 877 4378 Venetis,
920 4288 1205 4382 gratior
1242 4287 1381 4361 fuit
1418 4315 1433 4360 :
1496 4308 1656 4360 cum
1695 4286 1768 4358 in
1809 4308 1937 4360 eas
2014 4286 2485 4362 consiliorum

242 4410 629 4504 angustias
658 4410 938 4486 redacti
975 4411 1310 4504 fuissent,
1333 4417 1413 4483 ut
1447 4409 1722 4484 nullum
1762 4432 2068 4507 prorsus
2092 4408 2478 4484 consilium

246 4535 599 4632 expedire
637 4543 944 4631 possent
981 4565 998 4609 ε
1037 4542 1297 4611 contra
1332 4557 1550 4613 unum
1586 4533 1787 4616 illud,
1828 4533 2043 4609 modo
2082 4557 2225 4609 non
2264 4532 2480 4606 vicis-
