3293 5219
2453 333 2563 411 4⁷·

316 568 406 644 ob
481 565 868 665 egregium
923 560 1212 637 facinus
1267 559 1720 658 sempiterna
1774 568 2127 644 memoria
2200 593 2558 648 commen-

315 695 559 781 davit3
599 716 681 767 se
740 692 931 767 enim
970 696 1097 764 aut
1132 710 1266 787 pro
1329 685 1660 780 victoria,
1700 695 1829 763 aut
1903 689 2167 765 saltem
2242 692 2558 771 honesta

313 829 544 897 morte
584 842 818 916 usque
858 816 1393 914 adsupremum
1413 813 1749 911 spiritum
1782 815 2348 896 decertaturum.
2390 819 2556 898 Sta·

309 952 436 1025 tim
476 973 660 1044 ergo
698 943 1086 1046 productis
1131 943 1205 1018 in
1241 942 1616 1042 publicum
1659 944 1994 1022 omnibus
2032 949 2280 1043 rebus,
2316 951 2554 1026 facem

310 1098 445 1151 sua
507 1095 731 1148 manu
769 1068 1139 1163 subdidit,
1216 1068 1763 1166 ambussitque3
1819 1073 2196 1169 profectus
2250 1077 2426 1152 item
2480 1079 2556 1152 in

312 1201 707 1293 stabulum,
727 1198 1090 1273 militares
1114 1219 1346 1293 equos
1366 1219 1456 1269 ac
1476 1193 1981 1273 nobilissimos
2021 1201 2115 1275 ad
2151 1225 2369 1278 unum
2408 1227 2554 1280 om-

309 1354 443 1406 nes
462 1330 792 1430 pugione
813 1325 1148 1417 confecit,
1169 1324 1362 1399 inter
1385 1347 1568 1421 quos
1588 1348 1808 1400 unum
1829 1328 2285 1425 nobiliorem,
2314 1355 2456 1429 quo
2476 1332 2552 1407 in

305 1456 528 1535 bellis
540 1454 932 1555 plurimum
952 1474 1130 1528 usus
1146 1458 1283 1544 est,
1300 1452 1698 1527 tenerrime
1720 1453 2156 1553 deploravit,
2170 1464 2244 1534 et
2263 1459 2551 1558 culpam

304 1593 422 1660 est
444 1585 890 1682 deprecatus
913 1579 1359 1655 necessitate
1381 1603 1850 1679 expressam3
1872 1592 2249 1681 postremo
2269 1610 2403 1685 pro
2424 1587 2552 1662 mi-

298 1710 502 1788 litari
560 1709 912 1785 concione
953 1706 1287 1783 omnibus
1327 1708 1423 1782 ad
1498 1714 1871 1784 certamen
1910 1712 2265 1807 accensis,
2306 1714 2552 1813 expia-

299 1841 395 1915 tis
451 1839 663 1939 prius
699 1834 1051 1936 peccatis,
1109 1834 1426 1909 animam
1500 1835 1668 1909 Deo
1728 1840 2099 1912 constanti
2171 1841 2549 1940 alacrique

301 1969 546 2043 animo
605 1990 751 2041 una
810 1964 1283 2038 devoverunt.
1368 1962 1528 2035 Nec
1575 1963 1801 2038 multo
1864 1974 2038 2062 post
2095 1970 2547 2066 oppugnatio

299 2094 566 2194 eoepit,
606 2090 1046 2187 duravitque
1084 2091 1354 2164 multas
1395 2088 1619 2163 horas
1657 2097 1865 2164 tanta
1903 2093 2371 2172 defensorum
2410 2098 2551 2172 vir-

297 2229 452 2298 tute
494 2245 586 2296 ac
602 2218 1041 2319 pertinacia,
1076 2223 1158 2290 ut
1178 2217 1586 2292 nisi-caesis
1603 2241 1797 2316 pene
1837 2220 2172 2296 omnibus
2211 2223 2551 2300 adversis

302 2348 740 2425 vulneribus
777 2345 1033 2422 hostes
1074 2368 1319 2420 arcem
1359 2364 1506 2419 non
1542 2357 2125 2445 perrumperent.
2156 2348 2331 2448 Ipse
2368 2374 2545 2425 vero

300 2474 686 2574 Georgius
697 2478 855 2572 jam
876 2472 1125 2547 multis
1149 2473 1575 2569 vulneribus
1615 2474 1947 2571 acceptis
1985 2475 2546 2573 circumventus,

299 2604 716 2680 mirabilem
751 2622 1075 2710 pugnam
1117 2598 1402 2692 ciebat,
1461 2600 1711 2675 multis
1759 2601 2244 2680 barbarorum
2300 2604 2547 2680 caesis

292 2730 798 2833 propinquare
873 2725 1096 2820 ausis,
1152 2748 1387 2824 usque
1445 2726 1613 2802 dum
1640 2731 1643 2736 ’
1667 2727 1918 2803 fessus
1975 2727 2232 2807 labore
2308 2740 2382 2808 et
2421 2756 2545 2808 ex-

295 2859 610 2956 sanguis
685 2856 782 2933 ad
829 2852 1190 2954 poplites
1229 2854 1690 2950 concideret3
1731 2879 1870 2931 nec
1902 2865 2150 2933 tamen
2187 2861 2548 2958 praelium

291 2986 698 3076 remittere,
773 2982 910 3057 sed
948 2981 1206 3057 eadem
1281 2981 1560 3057 ferocia
1617 2982 1809 3058 ictus
1846 2983 2168 3061 lethales
2244 2987 2542 3080 inferre,

293 3115 528 3189 donec
546 3111 821 3212 glande
842 3109 1157 3206 sclopeti
1181 3117 1299 3185 est
1317 3112 1698 3206 trajectus,
1740 3120 1814 3186 et
1849 3121 2115 3210 postea
2153 3115 2539 3190 obtrunca-

295 3250 452 3335 tus3
495 3239 709 3336 cujus
748 3258 1018 3335 corpus
1061 3235 1549 3333 conquisitum
1590 3245 1814 3334 atque
1855 3246 2082 3338 caput
2120 3238 2273 3338 Aly
2311 3240 2543 3316 bassa

293 3364 364 3440 in
404 3371 879 3465 conspectum
908 3355 1174 3439 adduci
1193 3366 1504 3460 Jussum‚
1528 3364 1950 3440 collaudata
1990 3366 2256 3441 virtute
2278 3366 2541 3460 hostis,

297 3494 606 3570 militari
644 3515 878 3590 eoque
914 3490 1230 3566 honesto
1260 3491 1516 3565 funere
1537 3491 1977 3567 humandum
2004 3494 2312 3586 curavit,
2339 3493 2545 3568 addi·

295 3622 550 3719 {litque
589 3615 864 3695 tumulo
902 3619 1236 3693 lanceam
1255 3625 1695 3716 equestrem,
1719 3619 2009 3713 signnm
2033 3620 2349 3715 virtutis,
2372 3642 2539 3695 cum

292 3745 592 3823 vexillo.
616 3747 813 3821 Exin
833 3744 1089 3843 Saagh
1113 3752 1187 3820 et
1218 3743 1638 3845 Gyarmath
1679 3746 2013 3822 castellis
2052 3748 2212 3823 sinc
2250 3752 2535 3847 praelio

287 3877 362 3951 in
418 3881 873 3973 potestatem
949 3872 1292 3965 redactis,
1359 3871 1780 3950 Zechenum
1851 3881 2103 3950 castra
2172 3881 2543 3974 promovit

293 4008 564 4103 quarta
617 4000 798 4076 Idus
835 3999 1017 4077 Juli.
1117 4000 1561 4078 Laurentius
1635 3999 2008 4077 Arokhati
2064 4003 2408 4101 oppidum
2446 4030 2537 4083 ea

293 4136 531 4221 nocte,
571 4136 651 4204 ut
685 4151 930 4204 arcem
994 4127 1212 4203 modo
1286 4133 1635 4224 tueretur,
1713 4129 2131 4217 succendit3
2210 4132 2344 4208 sed
2396 4157 2535 4233 per

287 4257 723 4332 seditionem
766 4247 1114 4355 'dilapsis
1190 4254 1640 4349 custodibus,
1699 4279 1865 4331 cum
1921 4263 2087 4332 octo
2127 4256 2334 4354 solis,
2411 4258 2535 4360 qui

285 4388 817 4475 remanserant,
867 4389 942 4456 et
977 4380 1142 4480 ipse
1181 4380 1607 4477 digressus3
1637 4381 1721 4456 ‘in
1779 4405 2038 4459 manus
2096 4365 2416 4462 hostium
2456 4396 2530 4462 et

285 4510 468 4609 ipse,
505 4518 581 4586 et
619 4535 756 4585 arx
810 4533 958 4585 una
995 4517 1511 4608 pervenerant,
1536 4533 1631 4585 ex
1672 4533 1818 4607 qua
1851 4535 2130 4610 magna
2167 4513 2345 4588 ditio
2379 4513 2529 4589 No-

287 4656 449 4713 vum
479 4635 760 4713 Solium
799 4660 1033 4735 nsque
1072 4637 1418 4736 oppidum
1455 4637 1780 4715 metallis
1808 4639 2258 4716 celebratum
2295 4640 2369 4713 in
2404 4663 2535 4739 po-
