3293 5219
771 347 922 421 532

759 559 983 659 perio,
1027 555 1312 648 Italiae,
1353 556 1673 650 Galliae,
1699 582 1787 633 ac
1809 559 2031 633 totius
2072 553 2478 632 Christiani
2519 556 2829 630 nominis
2873 555 2996 629 im-

758 686 1064 761 mineret
1105 713 1122 758 :
1163 707 1349 761 unus
1391 684 1905 761 Ferdinandus
1976 684 2250 759 invicto
2289 682 2552 772 enimc,
2625 691 2699 757 et
2735 683 3000 757 adver-

758 838 886 890 sus
922 814 1291 909 ingentem
1333 812 1684 886 malorum
1742 811 2004 887 molem
2043 811 2451 901 obfirmato,
2527 809 2600 882 in
2641 815 2843 883 tauto
2885 831 2996 881 re-

758 963 915 1016 rum
954 936 1390 1029 discrimine,
1443 937 1984 1036 trepidantibus
2023 938 2400 1029 omnibus,
2480 959 2622 1011 nou
2678 934 2809 1009 ille
2851 933 3002 1031 qui·

760 1068 919 1143 dem
959 1064 1386 1155 cunctando,
1428 1064 1559 1141 sed
1631 1066 2084 1141 celeritatem
2123 1086 2477 1141 summam
2555 1061 2995 1150 adhibendO,

757 1182 831 1267 id
870 1192 1063 1291 quod
1100 1192 1450 1287 temporis
1488 1190 1677 1266 ratio
1717 1189 2167 1291 postulabat,
2212 1213 2365 1265 rem
2405 1189 2620 1264 nobis
2660 1187 2999 1278 restituit,

758 1343 848 1395 ac
882 1342 1222 1417 magnam
1279 1315 1562 1392 cladem
1619 1343 1665 1392 a
1713 1314 2141 1393 Christiana
2217 1314 2668 1413 Republica,
2723 1315 2997 1409 ingens

760 1446 1098 1535 dedecus,
1147 1444 1646 1519 foedissimam
1703 1444 1944 1520 labem
2021 1466 2302 1520 summa
2378 1467 2516 1519 sua
2556 1467 2714 1520 cum
2755 1441 2999 1537 gloria

759 1572 1042 1648 avertit.
1087 1574 1203 1648 Ita
1242 1594 1400 1646 cum
1439 1570 1996 1668 potentissimus
2036 1570 2296 1660 hostis,
2335 1578 2555 1667 atque
2630 1568 2998 1644 immanis·

760 1699 991 1775 simus
1023 1697 1333 1775 ducenta
1372 1696 1737 1771 hominum
1779 1696 2010 1772 millia
2047 1721 2183 1795 per
2239 1695 2696 1772 Pannoniam
2735 1695 2812 1769 in
2854 1696 2999 1769 Au·

759 1824 1012 1902 striam
1050 1823 1441 1913 efudisset,
1494 1832 1715 1920 atque
1794 1823 2206 1899 arctissime
2279 1825 2666 1900 obsessam
2719 1823 2995 1910 urbem,

759 1962 886 2028 aut
925 1952 996 2025 vi
1036 1961 1163 2028 aut
1200 1957 1396 2025 metu
1467 1949 1887 2048 propediem
1934 1951 2009 2026 in
2047 1955 2489 2049 potestatem
2562 1948 2998 2025 redacturus

757 2078 1149 2167 videretur,
1188 2083 1384 2151 retro
1422 2074 1685 2167 redire,
1709 2075 1952 2153 soluta
1987 2076 2393 2167 obsidione,
2433 2100 2526 2151 ac
2562 2076 2744 2171 fuga
2783 2097 2995 2173 prae-

756 2205 956 2303 cipiti
995 2203 1266 2279 elatum
1338 2202 1612 2277 maiore
1687 2213 1900 2296 metu,
1976 2212 2193 2300 atque
2230 2201 2667 2301 ignominia,
2707 2200 2988 2276 omissa

758 2356 859 2424 re,
899 2354 1113 2429 quam
1152 2329 1224 2402 vi
1259 2327 1334 2402 in
1391 2327 1793 2426 principio,
1871 2337 1944 2404 et
1981 2329 2288 2406 audacia
2362 2337 2663 2417 tentata,
2739 2352 2824 2403 se
2863 2352 2995 2426 per

756 2457 1088 2555 Illyrium
1161 2457 1233 2528 in
1309 2452 1706 2528 Thraciam
1779 2455 2107 2553 recipere
2183 2454 2650 2532 foedisssime
2726 2454 2993 2550 coegit.

757 2583 1130 2658 Revocate
1168 2601 1468 2679 quaesO,
1508 2578 1927 2673 Auditores,
1983 2581 2057 2656 in
2098 2581 2517 2659 memoriam
2555 2603 2748 2679 quae
2797 2580 2994 2655 dein-

758 2731 932 2805 ceps
972 2705 1479 2783 Ferdinandus
1554 2708 1755 2784 bella
1801 2709 2125 2806 gesserit
2196 2712 2376 2800 (non
2416 2709 2603 2784 enim
2660 2715 2993 2783 nostrum

756 2834 1135 2910 consilium
1173 2842 1288 2909 est
1325 2833 1757 2928 singillatim
1796 2836 2039 2910 omnia
2078 2858 2546 2927 enumerare,
2604 2857 2752 2931 qua
2788 2834 2865 2908 in
2903 2857 2985 2907 re

651 3039 652 3042 ,
760 2961 915 3036 dies
954 2969 1175 3035 antea
1215 2983 1356 3048 me,
1397 2982 1541 3035 vox
1583 2961 1823 3036 latera
1861 2960 2242 3053 deficiant,
2324 2983 2630 3038 necesse
2668 2961 2803 3050 sit)
2844 2983 2993 3057 qua

758 3088 1254 3186 magnitudine
1292 3087 1548 3172 animi,
1625 3111 1771 3184 qua
1809 3089 2115 3180 virtute,
2195 3111 2336 3185 quo
2412 3087 2722 3163 consilio
2746 3146 2762 3179 ,
2801 3111 2991 3163 unus

758 3215 1226 3292 Christianae
1261 3214 1742 3312 Reipublicae
1762 3222 2265 3314 propugnator
2283 3213 2727 3291 fortissimus
2765 3214 2991 3292 totius

760 3343 1091 3419 Orientis
1126 3340 1631 3440 potentissimo
1682 3341 2056 3438 Tyranno,
2132 3363 2215 3416 se
2252 3362 2571 3438 suosque
2610 3340 2781 3414 hinc
2818 3341 2990 3416 effu-

758 3471 1073 3546 sissimis
1112 3470 1523 3568 sumptibus
1548 3526 1565 3557 ‚
1609 3469 1778 3543 hinc
1830 3469 2175 3567 periculis
2214 3469 2549 3544 maximis
2607 3469 2992 3545 defunctus

756 3596 1124 3673 obiecerit.
1204 3596 1460 3694 Neque
1498 3596 1688 3672 enim
1726 3620 1817 3671 ea
1856 3618 2033 3671 vera
2088 3598 2251 3672 laus
2289 3605 2443 3684 est,
2491 3619 2709 3672 unum
2783 3597 2987 3672 bella

758 3725 983 3798 multa
1023 3722 1464 3814 confecisse,
1524 3723 1881 3798 maximas
1951 3724 2175 3798 urbes
2249 3722 2576 3821 cepisse,
2653 3723 2984 3799 devictas

755 3850 1195 3948 provincias,
1237 3872 1487 3945 regna,
1527 3858 1748 3947 atque
1787 3851 2096 3948 imperia
2134 3873 2314 3927 suae
2353 3850 2650 3925 ditionis
2686 3851 2984 3942 fecisse,

755 3976 889 4052 sed
924 3999 1058 4075 pro
1097 3978 1332 4052 salute
1388 3998 1718 4065 suorum,
1756 4000 1891 4076 pro
1928 3978 2215 4077 patriae
2250 3977 2628 4069 libertate,
2671 4001 2806 4075 pro
2845 3978 2989 4055 ius-

754 4105 1045 4179 tissima
1138 4126 1364 4179 causa
1458 4102 1730 4180 bellum
1806 4106 2087 4181 illatum
2163 4104 2555 4182 defendere
2633 4114 2986 4197 coactum,

753 4232 940 4309 tueri
979 4253 1152 4306 suos
1190 4229 1575 4329 praeclare
1634 4237 1707 4304 et
1747 4254 1904 4306 cum
1944 4231 2163 4307 laude
2211 4231 2565 4329 potuisse.
2633 4233 2751 4307 Ita
2788 4232 2985 4329 apud

753 4359 1247 4434 Athenienses
1286 4384 1430 4434 non
1468 4359 1725 4454 minus,
1766 4382 1980 4456 quam
2019 4357 2397 4452 Miltiadis,
2432 4359 2985 4451 Themistoclis,

751 4482 1058 4560 Periclis
1096 4487 1385 4561 celebre
1437 4483 1663 4560 Codri
1701 4485 1932 4581 Regis
2010 4510 2313 4582 nomen3
2364 4486 2555 4584 apud
2616 4485 2984 4562 Lacedae-

752 4612 1028 4686 monios
1071 4613 1478 4706 Leonidae,
1555 4636 1767 4709 quam
1826 4613 2217 4709 Lysandri,
2296 4611 2670 4707 Agesilai,
2749 4613 2870 4709 qui
2909 4613 2980 4685 in
