3293 5219
814 283 975 359 410

811 503 1328 592 concessisset,
1394 504 1870 580 maximarum
1924 511 2393 605 pecuniarum
2434 513 2603 607 vim,
2661 516 3054 592 divenditis

811 629 1348 726 quinquaginta
1367 630 1671 706 millium
1693 657 1992 711 aureum
2014 661 2299 714 numum
2325 641 2685 718 reditibus
2697 643 3051 722 conflave-

808 763 993 830 runt.
1034 754 1265 831 Simul
1334 758 1555 832 etiam
1614 763 2181 857 protestantium
2239 766 2436 842 bona
2489 771 2788 866 passim
2809 772 3050 848 venie-

807 880 1009 955 bant.
1054 878 1152 952 At
1190 881 1299 955 illi
1337 882 1697 958 diuturnis
1739 885 2079 964 exhausti
2118 889 2358 982 bellis,
2398 900 2698 989 praeter
2745 894 3048 995 spiritus

805 1004 1163 1082 infractos
1202 1006 1386 1083 nihil
1407 1012 1934 1106 propemodum
1969 1013 2380 1115 habebant3
2420 1026 2495 1095 et
2513 1022 3049 1118 praevidebant

802 1130 876 1203 in
913 1130 1078 1206 unis
1117 1134 1442 1209 externis
1481 1137 1778 1212 auxiliis
1819 1139 2135 1216 salutem
2173 1165 2345 1220 esse
2380 1148 2720 1244 positam.
2763 1147 3046 1238 Quibus

805 1256 901 1329 ab
973 1256 1429 1355 principibus
1505 1259 1956 1339 Germaniae
2025 1266 2456 1366 efflagitatis
2532 1274 3044 1362 ostendebant,

802 1401 945 1452 non
1002 1402 1086 1454 se
1141 1383 1315 1479 peti,
1390 1385 1524 1458 sed
1567 1411 1883 1465 causam
1940 1416 2129 1491 quae
2166 1419 2328 1473 cum
2400 1399 2587 1496 ipsis
2646 1399 3044 1479 communis

797 1510 1018 1598 esset3
1061 1530 1279 1605 quum
1313 1512 1635 1609 abjectis
1694 1517 2240 1615 superstitiosis
2300 1531 2373 1598 et
2429 1524 2767 1602 humanis
2801 1529 3039 1626 ponti·

791 1626 1010 1739 „fissum
1067 1631 1409 1744 decretis,
1467 1639 1733 1748 quibus
1781 1645 2094 1721 miseras
2149 1647 2519 1726 hominum
2576 1650 2861 1727 animas
2917 1652 3041 1728 im·

793 1774 1110 1872 plicatas
1148 1775 1579 1868 tenuissent,
1632 1798 1886 1851 veram
1925 1783 1999 1851 et
2035 1777 2519 1853 orthodoxam
2559 1778 3040 1875 evangelicae

792 1902 1132 1979 veritatis
1187 1900 1422 1976 lucem
1471 1901 1753 1998 pariter
1810 1900 2321 1999 reduxissent;
2363 1923 2579 1978 orare
2629 1924 2715 1977 se
2746 1904 3036 1988 obnixe,

789 2055 882 2105 ne
920 2028 994 2103 in
1033 2028 1392 2104 communi
1449 2051 1678 2103 causa
1736 2027 2264 2105 crudelissimis
2320 2028 2662 2104 hostibus
2722 2030 3034 2105 necandi

789 2164 863 2232 et
901 2149 1380 2230 discrutiandi
1434 2153 2046 2252 relinquerentur,
2086 2155 2211 2251 qui
2267 2154 2793 2231 miserabiliter
2846 2156 2924 2232 iu
2962 2182 3032 2233 o-

789 2281 1057 2356 mnium
1096 2302 1426 2379 corpora,
1476 2280 1837 2373 fortunas,
1880 2288 1955 2354 et
2008 2280 2236 2354 vitam
2276 2279 2768 2373 desaevirent,
2813 2281 2923 2356 ita
2957 2290 3034 2357 ut

784 2411 1170 2486 universos
1227 2407 1583 2483 delendos
1621 2428 1794 2482 esse
1851 2407 2394 2505 praedicarent.
2452 2407 2615 2482 Neo
2662 2416 2909 2484 tamen
2948 2432 3029 2485 se

779 2537 922 2635 ipsi
963 2536 1426 2612 deserebant.
1468 2533 1765 2607 Etenim
1822 2529 1967 2607 hon
2031 2533 2268 2609 solum
2308 2554 2574 2607 census
2616 2535 2781 2632 Jam
2810 2543 3029 2633 atque

779 2659 1174 2759 vectigalia
1192 2660 1731 2759 impendebant,
1753 2660 1886 2735 sed
1908 2659 2129 2734 etiam
2149 2658 2688 2757 supellectilem
2725 2684 3025 2737 auream

779 2793 856 2860 et
910 2795 1361 2883 argenteam,
1384 2810 1736 2883 gemmas,
1756 2786 2065 2861 uniones
2125 2793 2199 2861 et
2256 2795 2515 2861 vetera
2569 2797 3022 2863 ornamenta:

776 2914 1082 3011 insuper
1119 2935 1353 2988 novas
1393 2916 1834 3008 veteresque
1892 2910 2277 3002 amicitias,
2316 2916 2391 2987 et
2427 2911 2734 2987 foedera
2761 2916 3023 3011 junge·

777 3039 977 3130 baut,
1017 3038 1470 3134 nunciosque
1544 3044 1673 3113 aut
1744 3035 2106 3135 epistolas
2162 3037 2279 3111 vel
2351 3036 2427 3109 in
2484 3038 3023 3114 remotissimas

773 3162 1196 3262 provincias
1213 3186 1349 3262 pro
1385 3162 1717 3260 pecuniis
1756 3162 1852 3236 ab
1892 3162 2295 3237 communis
2351 3161 2745 3259 religionis
2804 3163 3023 3239 homi·

771 3288 988 3364 nibus
1029 3287 1470 3385 colligendis
1527 3286 2016 3380 dimittebant,
2065 3287 2173 3362 ita
2246 3295 2327 3362 ut
2401 3268 2623 3363 etiam
2697 3287 3021 3365 Polouos

770 3422 845 3489 et
880 3414 1300 3491 Johannem
1339 3416 1438 3489 II.
1477 3414 1553 3488 in
1593 3411 2169 3489 Transsilvania
2203 3413 2751 3511 requisiverint.

981 3538 1132 3615 Sed
1172 3533 1448 3639 :regina
1490 3539 1888 3615 Navarrae
1938 3538 2179 3615 virilis
2222 3539 2445 3615 animi
2487 3539 2769 3631 mulier,
2832 3563 3017 3637 quae

767 3672 1024 3764 partes
1065 3666 1161 3739 ab
1237 3664 1448 3739 initio
1522 3686 1793 3760 magno
1834 3665 2001 3741 nisu
2029 3665 2247 3763 Juvit,
2304 3670 2455 3740 tum
2492 3689 2838 3762 maguum
2880 3688 3022 3740 mo·

764 3799 1082 3868 mentum
1139 3792 1440 3867 addidit.
1501 3794 1794 3869 Etenim
1836 3795 1932 3868 ad
1992 3791 2419 3870 Condacum
2471 3802 2547 3869 et
2584 3793 3020 3870 Amiralium

761 3915 836 3989 iu
875 3925 1128 3993 castra
1164 3920 1388 4011 venit,
1431 3926 1504 3994 et
1542 3919 1991 3994 consultavit
2011 3918 2101 3992 de
2137 3921 2430 3996 ratione
2468 3919 2647 3994 belli
2687 3920 3018 4018 gerendi.

764 4042 863 4114 Et
899 4042 1274 4120 decretum
1329 4044 1683 4129 fecerunt,
1723 4053 1804 4121 ut
1838 4046 2004 4144 pari
2042 4046 2334 4122 ratione
2391 4046 2466 4119 in
2533 4046 2689 4120 suis
2729 4043 3018 4120 ditioni-

759 4166 899 4242 bus
955 4169 1151 4244 bona
1189 4171 1862 4247 ecclesiasticorum
1903 4168 2289 4263 hominum,
2349 4195 2443 4246 ex
2503 4192 2811 4268 quorum
2870 4172 3016 4247 dis-

758 4294 1117 4369 tractione
1222 4319 1567 4393 magnam
1643 4319 1998 4374 summam
2071 4295 2430 4395 pecuniae
2515 4306 3013 4375 col-raserunt,

757 4419 1116 4494 venirent.
1181 4421 1655 4499 Versabatur
1714 4424 1787 4498 in
1848 4424 2162 4497 omnium
2221 4447 2371 4515 ore,
2431 4421 2712 4499 nullam
2788 4446 3016 4521 posse

755 4552 1031 4618 certam
1069 4568 1329 4642 pacem
1367 4549 1559 4641 iniri,
1599 4572 1789 4647 quae
1829 4549 2249 4626 verborum.
2304 4556 2430 4626 aut
2466 4549 2879 4625 litterarum
2928 4550 3013 4627 si·
