3293 5219
2390 310 2536 388 177

284 530 458 607 silia
502 554 597 605 ex
636 551 834 617 autc,
878 535 1209 623 argentm
1232 527 1559 622 gemmis,
1602 550 1761 601 cum
1804 528 2056 602 aeneis
2097 528 2543 605 commutari.

284 655 486 732 Sane
568 655 724 728 sive
802 677 1066 745 amore,
1142 652 1299 726 sive
1392 653 1487 727 ad
1541 655 1905 751 quandam
1965 654 2186 730 animi
2225 655 2545 732 altitudi-

284 807 456 859 nem
560 780 1053 881 compositus‚
1152 781 1312 853 sive
1388 805 1479 855 ex
1572 789 1903 878 utroque,
1962 805 2114 856 rem
2208 806 2547 881 magnam

279 910 707 1010 praestitit;
763 908 858 982 ad
913 909 1098 982 haec
1136 906 1207 981 in
1265 908 1549 1005 reliqua
1608 907 1763 981 vita
1817 907 1916 982 ad
1971 931 2326 984 summam
2383 912 2545 1009 ejus

281 1035 751 1128 modestiam,
789 1036 1157 1133 pietatem,
1211 1034 1793 1126 sanctimoniam,
1854 1034 2266 1111 divinarum
2304 1060 2546 1114 rerum

279 1163 873 1263 speculationem
911 1161 1089 1236 nihil
1146 1161 1316 1237 addi
1370 1170 1618 1259 potest
1635 1157 1726 1260 ²⁸³).
1801 1164 2063 1262 Itaque
2098 1173 2546 1264 postremam

277 1290 834 1388 expeditionem
855 1289 951 1364 ad
991 1288 1345 1383 Sigetum,
1370 1312 1811 1387 quamquam
1850 1292 2297 1367 necessitate
2333 1317 2546 1392 prae-

275 1442 462 1494 sens
504 1416 851 1515 suscepit,
891 1424 969 1489 ut
1005 1417 1243 1513 ipsam
1298 1415 1511 1489 modo
1561 1415 1896 1511 animam,
1936 1420 2131 1517 quod
2167 1420 2362 1519 apud
2418 1444 2546 1498 eos

272 1543 933 1642 religiosissimum
972 1552 1106 1634 est,
1147 1543 1220 1616 in
1258 1541 1508 1618 hostili
1540 1546 1700 1620 solo
1739 1546 2132 1622 lacessitus
2208 1550 2546 1649 exspira-

273 1681 418 1748 ret.
464 1671 750 1746 Eadem
791 1676 1078 1745 aestate
1107 1664 1216 1767 **)
1292 1668 1606 1745 Carolus
1659 1672 1748 1744 V.
1792 1672 2188 1770 imperator
2225 1676 2547 1754 moritur.

280 1801 486 1874 Nam
551 1820 707 1871 cum
745 1795 1056 1893 primum
1098 1796 1170 1868 in
1214 1796 1654 1895 Hispaniam
1714 1799 2069 1895 pervenit,
2125 1802 2551 1877 monasteri-

276 1951 402 2002 um
427 1922 688 1998 Sancti
723 1923 775 1999 J
779 1922 1019 1996 ustiin
1060 1920 1442 2019 Hispania
1466 1922 1774 1998 Baetica
1813 1925 1909 1998 ad
1927 1925 2283 2023 reliquam
2324 1927 2550 2006 vitam

278 2049 689 2149 tranquille
725 2048 1256 2123 terminandam
1298 2049 1614 2145 delegit3
1654 2057 1728 2125 et
1767 2074 1859 2124 ne
1897 2074 2212 2150 unquam
2268 2057 2342 2129 in
2378 2057 2546 2132 reli·

282 2205 437 2279 qua
495 2176 652 2251 vita
692 2177 787 2251 ad
827 2200 989 2251 eum
1028 2177 1416 2273 quicquam
1474 2177 1900 2271 referretur,
1951 2179 2371 2278 interdixit;
2428 2209 2549 2261 ne-

284 2330 432 2409 que
475 2313 861 2381 curatores
901 2302 1234 2401 corporis
1281 2303 1558 2401 plures,
1599 2327 1817 2400 quam
1858 2306 1980 2403 qui
2016 2308 2308 2406 privato
2349 2311 2549 2388 suffi-

286 2440 566 2522 cerent,
643 2429 958 2528 reliquit.
1066 2429 1363 2505 Victum
1432 2428 1736 2529 insuper
1811 2434 2246 2532 cultumque,
2323 2437 2549 2515 vitam

287 2559 607 2658 denique
631 2580 941 2650 omnem,
962 2556 1273 2653 abjectis
1294 2554 1630 2632 omnibus
1652 2559 2100 2635 ornamentis
2119 2561 2217 2637 ad
2233 2566 2553 2642 necessi-

285 2695 522 2771 tatem
545 2694 765 2782 atque
786 2684 1135 2781 pietatem
1158 2682 1542 2757 contraxit.
1585 2683 1944 2757 Metensis
1986 2690 2552 2785 oppugnationis

287 2813 510 2891 labor
546 2812 938 2903 infaustus,
960 2818 1226 2908 postea
1261 2811 1441 2905 fuga
1459 2808 1805 2906 Augusta
1825 2807 2333 2910 Oenipontem.
2353 2815 2556 2893 illinc

292 2941 690 3029 Villacum,
749 2937 928 3012 duce
966 2934 1314 3012 Mauritio
1355 2936 1809 3032 insequente,
1856 2946 2132 3014 tantum
2190 2941 2422 3017 virum
2460 2943 2555 3019 ad

293 3092 657 3145 summum
723 3089 1127 3142 moerorem
1188 3065 1618 3161 adegerunt.
1678 3061 1897 3140 Certe
1949 3068 2206 3143 summi
2243 3069 2554 3170 impera-

289 3196 482 3271 toris
521 3194 812 3269 laudem
836 3192 1121 3290 reliqua
1144 3191 1317 3284 vita,
1340 3200 1559 3289 atque
1581 3192 1807 3267 animi
1849 3196 2204 3289 quaedam
2245 3197 2552 3274 altitudo

299 3318 711 3420 singularis
750 3344 897 3394 non
933 3319 1255 3394 firmavit
1295 3319 1530 3411 modo,
1588 3319 1721 3394 sed
1759 3319 1979 3396 etiam
2021 3323 2269 3398 multis
2307 3324 2555 3422 gradi·

298 3452 441 3526 bus
502 3447 1000 3546 amplificavit.
1071 3445 1172 3520 At
1229 3469 1374 3521 non
1434 3447 1555 3522 diu
1614 3454 1996 3546 superstes
2050 3449 2207 3525 fuit.
2233 3524 2236 3527 Α
2262 3450 2556 3548 Regina

301 3598 597 3675 quoque
655 3574 901 3650 Maria
937 3574 1161 3671 paulo
1219 3583 1392 3674 post
1453 3581 1762 3651 mortem
1820 3574 2021 3650 obiit.
2077 3576 2197 3652 Ex
2233 3577 2405 3654 hinc
2442 3603 2553 3654 re-

307 3703 536 3799 ginae
576 3699 830 3774 Bonae
873 3700 1327 3775 conditiones
1366 3708 1723 3796 paternae
1759 3725 1893 3801 per
1933 3701 2353 3803 Philippum
2392 3728 2553 3781 cum

301 3851 446 3903 non
488 3827 1087 3919 observarentur,
1108 3846 1279 3900 sese
1338 3825 1784 3903 ludificatam
1843 3824 2316 3904 vehementer
2356 3828 2553 3912 dole-

301 3954 466 4045 bat,
523 3961 745 4052 atque
819 3953 1268 4051 poenitebat,
1343 3961 1423 4027 ut
1512 3954 1870 4030 ultionem
1929 3955 2352 4032 sumendam
2408 3958 2553 4033 sibi

304 4084 772 4178 proponeret.
796 4074 982 4153 Cum
1019 4100 1199 4174 rege
1240 4099 1420 4174 ergo
1443 4075 1858 4155 Galliarum
1898 4087 1973 4155 et
2009 4081 2343 4157 Isabella
2381 4107 2554 4183 age-

308 4228 386 4280 re
441 4228 712 4303 magno
789 4203 1032 4280 studio
1074 4203 1357 4302 coepit;
1416 4212 1490 4278 et
1565 4205 1949 4282 consilium
2031 4208 2180 4282 tale
2236 4209 2411 4303 fuit,
2477 4222 2556 4293 ut

484 4477 545 4541 ίὓ)
576 4470 821 4530 Ιεῐνάοᾱ
838 4472 1115 4543 jegyzete
1140 4493 1154 4526 t
1184 4472 1331 4529 Sunt
1355 4491 1546 4545 nugae
1575 4476 1828 4532 tur-cicae
1858 4482 1915 4530 et
1944 4473 2435 4531 transsilvanicae.

490 4603 587 4673 st)
618 4598 855 4658 Istvainfi
875 4601 1184 4672 jegyzete:
1218 4603 1372 4659 1558.

453 4744 484 4777 0
525 4742 593 4776 UH
646 4740 809 4776 nmio.
845 4738 986 4777 mTo
1017 4737 1216 4776 flom-
1254 4742 1360 4777 XVI·
2134 4696 2232 4772 12
