3293 5219
2352 329 2507 406 417

263 532 497 610 sciret
571 532 962 611 Nicolaum
1016 536 1389 630 Batorum,
1464 536 1515 612 J
1522 536 1883 614 ohannem
1960 541 2377 637 Balassam,
2439 554 2513 618 et

263 658 724 759 Stephanum
761 660 1003 753 Dob0‚
1052 661 1525 737 vehementer
1548 665 1893 755 offensos,
1915 669 2184 762 partim
2204 672 2510 763 nunciiS,

263 786 538 884 partim
561 786 899 884 epistolis
940 786 1225 862 crebris
1248 787 1346 860 ad
1382 811 1747 884 praesens
1787 789 2052 864 sedare
2092 796 2365 870 statuit.
2389 794 2516 871 Jo-

264 913 585 988 hannem
660 935 840 988 vero
916 913 1312 988 Balassam
1375 922 1447 986 et
1503 915 1893 989 Dobonem
1949 926 2254 1015 propter
2311 943 2514 1018 opes),

268 1039 700 1137 potentiam,
742 1047 815 1114 et
854 1037 1193 1113 militaris
1235 1040 1592 1115 scientiae
1650 1064 1861 1116 usum
1902 1050 2122 1139 atque
2181 1047 2521 1142 peritiam

267 1167 663 1241 metuebat.
721 1163 872 1241 Sed
910 1165 1298 1240 Dobonem
1332 1167 1552 1241 etiam
1592 1165 1785 1241 hanc
1827 1170 1921 1243 ob
1964 1194 2284 1264 causam,
2327 1175 2522 1269 quod

267 1292 493 1389 paulo
533 1298 705 1367 ante
745 1290 1118 1388 coepisset
1145 1292 1317 1386 jure
1382 1315 1630 1387 agere.
1675 1291 1892 1383 Quod
1929 1295 2037 1369 ita
2075 1306 2315 1372 actum
2357 1308 2508 1374 est:

268 1417 492 1491 Dobo
569 1414 1150 1513 Sarospatacum
1226 1415 1570 1515 oppidum
1627 1419 1945 1515 lapideis
2004 1424 2385 1497 moenibus
2427 1451 2516 1499 ac

266 1542 852 1640 propugnaculis
892 1543 1240 1617 munitum
1280 1544 1786 1641 amplissimae
1861 1546 2178 1640 ditionis,
2220 1550 2517 1646 amplis-

272 1670 768 1766 simorumque
825 1670 1227 1762 redituum,
1278 1673 1374 1745 ab
1417 1650 1774 1746 Gabriele
1814 1672 2133 1763 Perenio
2189 1676 2353 1771 Jure
2392 1667 2517 1749 im-

271 1796 619 1893 petebat3
662 1802 920 1870 contra
958 1794 1272 1871 Gabriel
1310 1796 1690 1888 Perenius,
1771 1798 1964 1894 quod
2023 1799 2113 1873 de
2170 1798 2321 1873 litis
2363 1802 2510 1874 exi·

271 1930 350 1997 tu
387 1921 780 2015 dubitaret,
819 1924 913 1997 ab
954 1924 1271 2020 quadam
1329 1923 1551 1998 vidua
1589 1922 1822 1998 nobili
1865 1922 2065 1997 litem
2108 1935 2517 2001 emereatur

271 2045 740 2121 istiusmodiz·
783 2047 978 2143 quod
1017 2045 1442 2144 Stephanus
1486 2069 1574 2121 ac
1607 2047 2064 2122 -Franciscus
2117 2049 2336 2124 Dobo
2375 2052 2521 2124 fra-

269 2178 425 2246 tres
464 2172 801 2248 maritum
841 2172 1041 2247 illius
1092 2181 1474 2249 matronae
1534 2168 1886 2271 (capitale
1935 2173 2127 2249 enim
2167 2157 2282 2249 est
2318 2164 2547 2249 nobi·⁸

272 2298 415 2372 lem
456 2298 780 2389 violare)
822 2299 1195 2394 captivum
1235 2299 1631 2396 aliquando
1673 2299 2105 2393 tenuissent3
2145 2308 2223 2373 ut
2271 2301 2521 2375 Dobo-

275 2446 367 2496 ne
409 2423 757 2519 capitalis
794 2446 1080 2522 poenae
1112 2447 1239 2499 reo
1278 2423 1477 2499 facto
1538 2431 1612 2497 et
1649 2423 2026 2519 implicito,
2088 2446 2295 2519 spem
2336 2428 2519 2501 obti-

281 2548 503 2625 nendi
581 2548 1067 2649 Sarospataci
1123 2551 1193 2625 ei
1312 2550 1693 2626 adimeret.
1811 2549 2147 2624 Tandem
2206 2549 2527 2628 Perenio

274 2676 434 2750 vita
509 2676 757 2753 functo
851 2679 1100 2753 deleta
1192 2677 1415 2752 etiam
1473 2700 1632 2751 cum
1713 2700 1799 2750 eo
1860 2684 2081 2772 gente
2154 2679 2524 2772 universa,

278 2799 853 2900 Sarospatacum
925 2804 1103 2877 fisco
1182 2803 1429 2878 cessit.
1523 2803 1743 2876 Dobo
1800 2802 2269 2878 nihilominus
2324 2806 2527 2879 litem

274 2913 886 3024 prosequebatur.
972 2929 1091 3003 Ex
1166 2929 1482 3012 adverso
1558 2928 2113 3003 Maximilianus
2191 2952 2351 3003 cum
2426 2934 2521 3006 ab

273 3074 506 3127 uxore
544 3053 840 3130 Perenii
916 3053 1228 3128 alteram
1266 3052 1466 3128 litem
1515 3054 1737 3129 facile
1775 3054 2267 3150 impetrasset,
2310 3078 2530 3151 quae-

276 3187 523 3256 stores
561 3205 725 3257 eam
779 3182 1077 3268 Doboni
1117 3181 1488 3277 objiciunt.
1542 3182 1841 3255 Doboni
1883 3205 2062 3277 ergo
2146 3182 2521 3274 indignum

275 3307 533 3400 videri,
591 3310 783 3405 quod
859 3334 906 3383 a
951 3307 1279 3404 principe
1338 3308 1415 3381 in
1470 3307 1623 3381 suis
1671 3307 1965 3400 Juribus
2006 3308 2523 3400 impediretur;

277 3429 382 3506 ita
418 3431 865 3531 supplicare,
906 3433 1285 3525 obtestari,
1343 3431 1660 3528 denique
1697 3431 2121 3528 protestari.
2164 3429 2315 3505 Sed
2353 3432 2567 3528 quia·

278 3566 353 3632 et
389 3558 740 3654 oppidum
795 3566 960 3633 erat
996 3557 1225 3649 dives,
1286 3566 1359 3631 et
1398 3557 1576 3631 ditio
1635 3556 1979 3648 maxima,
2040 3556 2527 3632 certissimum

277 3693 441 3759 erat
479 3706 878 3778 caesarem,
919 3685 1045 3781 qui
1080 3706 1216 3758 nec
1279 3683 1576 3756 minima
1621 3683 1801 3756 dare
1842 3690 2044 3756 esset
2081 3683 2368 3774 solitus,
2406 3706 2531 3756 ne-

276 3811 454 3886 mini
529 3809 1084 3904 permissurum3
1145 3830 1449 3904 cumque
1495 3810 1868 3903 jacturam
1923 3815 2174 3882 tantae
2234 3808 2533 3883 ditionis

280 3939 758 4012 vehementer
834 3957 1063 4033 aegre
1115 3935 1368 4024 ferret,
1398 3935 1627 4029 Jussit
1704 3936 2113 4008 sententiae
2191 3934 2534 4030 capitalis

273 4067 431 4161 jam
491 4062 664 4137 olim
700 4061 776 4136 in
827 4061 1027 4136 dicta
1065 4062 1196 4136 lite
1236 4059 1437 4134 illius
1475 4059 1745 4134 viduae
1783 4060 2316 4155 pronunciatae
2368 4041 2533 4134 exe-

284 4189 706 4289 quutionem
761 4188 943 4263 fieri.
1011 4184 1114 4262 At
1169 4186 1464 4284 Judices
1522 4185 1734 4281 regni
1790 4186 2278 4279 pronunciant
2334 4187 2531 4259 inter

287 4317 584 4392 viduam
639 4321 715 4390 et
769 4313 1158 4389 Dobonem
1194 4314 1608 4412 pactionem
1663 4311 2159 4407 pecuniariam
2213 4313 2526 4385 interve-

284 4443 510 4534 nisse,
553 4448 627 4516 et
701 4440 974 4515 idcirco
1033 4438 1475 4515 sententiam
1546 4461 1715 4512 esse
1773 4439 2090 4538 partium
2146 4444 2527 4512 contractu

284 4568 766 4665 antiquatam.
811 4564 1268 4656 Quaestores
1302 4566 1795 4664 opponebant,
1838 4566 2085 4662 pactis
2139 4561 2532 4637 Dobonem

391 4736 596 4771 MONUM.
638 4734 798 4770 nuno.
836 4735 972 4770 mer.
1007 4735 1203 4769 scnlv‘r.
1242 4735 1350 4768 XVI·
2026 4793 2031 4806 a
2112 4689 2209 4761 27
