3293 5219
2350 352 2453 430 67

179 569 398 643 irrisu
435 565 1066 667 propugnantium
1109 565 1451 640 amittere
1490 567 1972 661 cogebantur.
2014 565 2166 644 Sed
2203 570 2454 647 Mech-

184 719 405 772 caeus
444 693 795 770 militaris
821 694 1100 791 ingenii
1156 693 1272 767 vir
1311 693 1591 791 aliquid
1609 694 1915 792 majoris
1956 695 2107 773 doli
2142 702 2453 778 subesse

178 831 407 917 ratus,
454 821 655 920 quod
707 822 960 899 fossas
995 819 1505 917 foraminaque
1560 820 1638 895 in
1677 820 2001 920 speciem
2039 823 2281 923 adque
2315 826 2459 902 fal.

181 950 481 1029 lendum
534 948 739 1024 facta
777 946 1305 1046 suspicaretur,
1362 946 1807 1022 intrinsecus
1826 948 2108 1026 fossam
2147 974 2240 1027 ex
2278 976 2454 1030 arce

186 1078 278 1154 ad
310 1077 472 1152 ima
530 1074 1015 1149 fundamenta
1050 1071 1410 1171 perducit,
1449 1096 1770 1171 moxque
1819 1073 2062 1151 dolum
2099 1079 2454 1177 patefecit

186 1203 523 1301 Namque
531 1200 832 1275 Turcae
853 1198 1263 1274 cuniculum
1276 1199 1539 1275 subtus
1556 1208 2034 1294 excavarant,
2045 1211 2126 1278 ut
2137 1204 2447 1303 pulvere

184 1330 588 1429 sulphureo
606 1325 975 1425 imposito,
998 1348 1087 1400 ac
1100 1324 1481 1419 suffocato,
1503 1324 1708 1401 velut
1729 1327 2173 1406 saevissimo
2193 1337 2442 1408 terrae

182 1464 393 1548 motu,
409 1476 666 1531 arcem
681 1460 1424 1551 propugnatoresque
1437 1453 1831 1551 repentina
1851 1462 2076 1554 atque
2099 1456 2447 1556 improvi-

187 1606 272 1660 sa
292 1589 514 1682 peste
536 1578 754 1655 simul
773 1579 850 1654 in
877 1601 1129 1657 omnes
1165 1586 1423 1678 partes
1463 1579 1819 1677 disjectos
1841 1581 2336 1660 miserandum
2372 1586 2449 1662 in

184 1710 474 1786 modum
488 1704 968 1783 conficerent.
1008 1704 1229 1781 Hanc
1268 1706 1668 1805 perniciem
1707 1715 2179 1806 praesentem
2199 1709 2448 1787 Mech-

183 1857 399 1913 caeus
415 1832 793 1928 singulari
806 1831 1124 1929 quadam
1133 1830 1603 1931 providentia
1615 1832 1908 1927 avertit,
1927 1858 2088 1911 cum
2111 1836 2302 1913 enim
2324 1858 2446 1914 cu-

187 1961 506 2036 niculum
528 1957 741 2058 prius
782 1956 1210 2050 detexisset,
1234 1965 1309 2032 et
1344 1980 1514 2032 mox
1537 1956 1627 2032 de
1645 1967 1952 2056 repente
1973 1961 2252 2059 aperiri
2281 1965 2442 2058 jus-

184 2087 428 2178 sisset,
509 2080 936 2180 Gregorius
969 2082 1455 2158 Bornemisza
1494 2089 1937 2159 tormentum
1978 2085 2054 2160 in
2093 2097 2428 2162 ventrem

184 2211 518 2312 primarii
538 2209 867 2304 barbari,
884 2209 1132 2309 operis
1143 2208 1529 2308 praefecti,
1542 2208 1665 2306 qui
1682 2234 1777 2285 ex
1796 2210 2079 2306 insigni
2098 2211 2445 2289 turbanto

191 2338 636 2439 conspicuus
656 2343 821 2412 erat
843 2392 859 2428 ‚
899 2334 1265 2434 displosit.
1289 2331 1542 2411 Ceteri
1562 2334 1815 2410 statim
1833 2335 2287 2436 praecipites
2311 2336 2448 2413 dif-

193 2463 479 2562 fugere.
560 2460 715 2539 Sed
748 2462 994 2561 magis
1032 2484 1120 2538 ac
1139 2462 1382 2558 magis
1420 2469 1531 2539 tot
1569 2452 1860 2537 damnis
1897 2462 2171 2539 adfecti
2206 2462 2450 2539 incen-

193 2589 561 2667 debantur
639 2591 755 2665 ira
827 2596 1048 2688 atque
1111 2586 1637 2666 irritabantur.
1714 2588 1896 2665 Ideo
1956 2588 2147 2665 diem
2225 2596 2449 2687 atque

191 2725 481 2793 noctem
519 2715 806 2815 pariter
879 2715 1224 2791 infestam
1278 2714 1657 2791 reddendo
1731 2716 2126 2806 assultare,
2167 2737 2449 2814 oppug-

193 2861 395 2933 nare,
455 2840 731 2939 globos
772 2847 849 2915 et
922 2839 1239 2916 circulos
1278 2841 1578 2937 ignitos,
1620 2847 1830 2916 secta
1865 2840 2074 2937 ligna
2111 2840 2453 2940 desuper,

186 2976 255 3042 et
293 2968 545 3045 omnia
619 2966 1006 3044 missilium
1044 2990 1326 3065 genera
1403 2965 1829 3044 cumulatim
1886 2967 1962 3041 in
2001 2991 2246 3043 arcem
2285 2966 2454 3064 inji-

191 3115 380 3169 cere.
439 3090 658 3185 Quae
699 3099 961 3168 cuncta
996 3091 1538 3168 nostri'iisdem
1593 3092 1907 3186 artibus,
1945 3101 2020 3168 et
2058 3094 2283 3190 longe
2322 3115 2446 3166 va-

182 3217 403 3294 lidius
498 3217 608 3292 ita
680 3215 1171 3316 repellebant,
1210 3225 1291 3294 ut
1327 3225 1549 3316 terga
1624 3226 1920 3294 vertere
1981 3219 2292 3295 barbari
2332 3241 2446 3295 oo·

187 3351 576 3439 gerentur,
653 3365 970 3441 moxque
1043 3367 1179 3442 per
1243 3341 1380 3420 illa
1434 3345 1801 3421 foramina
1856 3344 2151 3421 emissis
2209 3343 2448 3421 Paulo

191 3459 491 3568 Zirmay
546 3476 624 3544 et
698 3467 1003 3546 Andrea
1059 3470 1359 3567 Balogh
1383 3523 1402 3559 ,
1458 3470 1863 3569 plerosque
1924 3470 2245 3544 hostium
2300 3494 2446 3546 uno

191 3598 458 3673 saltem
477 3618 778 3672 suorum
799 3596 1078 3672 amisso
1101 3596 1571 3672 caeciderint.
1611 3595 1800 3671 Post
1841 3619 2030 3693 quae
2069 3597 2336 3672 nuncio
2377 3606 2451 3671 et

193 3721 461 3799 litteris
539 3724 639 3799 ab
703 3723 1044 3800 hostibus
1081 3709 1334 3799 missis
1406 3731 1488 3799 ut
1544 3730 1769 3798 antea
1808 3745 2056 3819 egere,
2141 3744 2446 3820 cumque

195 3849 549 3944 plurimas
590 3851 916 3948 sagittas
956 3850 1449 3943 immitterent,
1509 3872 1766 3927 omnes
1805 3849 2275 3924 conbussere.
2333 3847 2450 3923 Ne

197 3983 434 4052 autem
492 3998 720 4052 voces
793 3975 1405 4074 intelligerentur,
1446 3977 1644 4074 quod
1681 3998 1908 4074 supra
1946 3974 2447 4069 hungaricam,

202 4123 573 4196 graecam,
649 4103 1169 4200 germanicam,
1229 4103 1565 4178 omnibus
1640 4103 1799 4178 fere
1834 4099 2110 4196 lingvis
2147 4099 2453 4197 promis·

197 4247 278 4300 sa
349 4234 485 4304 aut
520 4226 758 4302 minas
798 4226 1321 4320 acclamarent,
1399 4225 1978 4324 displosionibus
2054 4229 2449 4299 tormento·

197 4370 365 4445 rum,
386 4352 752 4443 tubarum,
767 4375 855 4428 ac
886 4360 1406 4452 tympanorum
1419 4373 1603 4428 sono
1624 4350 2054 4443 eludebant;
2075 4355 2449 4448 postremo

198 4495 347 4551 cum
386 4477 671 4552 nullam
704 4499 959 4553 vocem
997 4476 1355 4568 audirent,
1409 4499 1650 4574 neque
1687 4485 1839 4552 tam
1877 4474 2167 4568 surdos,
2206 4492 2446 4570 neque

198 4610 432 4682 mutos
471 4625 643 4681 esse
685 4602 1142 4705 oppugnatio
1163 4603 1351 4683 satis
1374 4601 1641 4698 docuit,
1663 4599 1912 4680 multis
1952 4622 2114 4678 cum
2148 4596 2446 4698 probris

2031 4722 2123 4799 5*
