3293 5219
2406 319 2556 397 189

310 545 511 635 ptum
571 546 688 612 est
744 539 1089 625 oblatum,
1132 538 1584 612 conditiones
1609 539 2105 614 offerebantur
2145 541 2239 614 ab
2282 539 2557 636 leg-atis

310 662 362 739 J
366 662 724 737 ohannis:
820 686 951 737 eae
978 662 1436 737 fueruntnon
1505 665 1728 759 longa
1786 665 2174 739 verborum
2233 664 2562 740 oratione

308 788 795 885 conscriptae,
837 788 968 863 sed
1008 788 1335 862 breviter
1376 797 1597 886 atque
1635 788 2358 887 compendiosissime
2395 812 2563 866 con·

300 920 630 988 tractae:
705 913 1260 1003 matrimonium,
1285 914 1478 1009 quod
1535 913 1657 989 diu
1695 922 1915 989 antea
1952 915 2364 990 inchoatum
2421 915 2557 989 fuit

300 1039 397 1114 ad
477 1040 696 1114 finem
751 1046 832 1113 ut
910 1040 1427 1115 deduceretur:
1502 1049 1581 1115 ut
1654 1042 2039 1118 exstinctis
2110 1041 2554 1118 haeredibus

301 1164 753 1240 Ferdinandi
812 1189 1114 1262 regnum
1154 1166 1250 1239 ad
1306 1165 1619 1242 heredes
1676 1167 1729 1243 J
1733 1168 2046 1243 ohannis
2102 1168 2424 1244 veniret:
2479 1175 2559 1241 ut

298 1291 692 1366 Danubius
746 1291 1126 1390 imperium
1199 1294 1576 1391 utriusque
1630 1293 2194 1370 disterminaret.
2269 1291 2556 1371 Caesar

301 1441 450 1493 non
489 1440 658 1492 esse
698 1418 1079 1517 respondit
1117 1442 1246 1494 eas
1285 1417 1761 1511 conditiones,
1788 1420 1878 1494 de
1918 1419 2183 1517 quibus
2224 1421 2348 1517 agi
2386 1442 2556 1519 pos-

293 1553 433 1635 set,
472 1567 725 1619 verum
764 1545 953 1620 alias
1009 1554 1526 1644 proponerent,
1578 1568 1765 1643 quae
1823 1545 2215 1643 aequiores
2257 1554 2545 1621 essent:

291 1670 404 1745 illi
447 1677 817 1766 neg-arunt
854 1692 934 1743 se
993 1670 1269 1745 habere
1327 1671 1524 1746 aliud
1565 1672 2023 1747 mandatum:
2081 1679 2232 1746 tum
2283 1696 2545 1747 caesar

291 1794 562 1869 iterum
638 1795 889 1870 eadem
982 1797 1372 1896 replicavit
1411 1827 1427 1870 :
1505 1799 1614 1872 illi
1689 1799 1983 1874 tandem
2039 1808 2120 1874 ut
2211 1800 2544 1875 nuncium

290 1943 454 1995 cum
477 1920 766 1996 ²litteris
790 1921 884 1995 ad
904 1923 952 1998 .J
961 1924 1319 1999 ohannem
1350 1924 1574 2000 liceat
1593 1926 1901 2016 mittere,
1925 1935 2201 2026 petunt,
2242 1926 2435 2024 quod
2473 1934 2547 2000 et

289 2048 666 2123 concessit
704 2072 984 2141 caesar,
1025 2059 1099 2125 et
1120 2050 1344 2125 nihilo
1383 2053 1479 2127 ab
1517 2053 1776 2151 primis
1835 2060 2153 2129 mutatas
2193 2052 2546 2128 conditio·

293 2197 432 2249 nes
471 2177 902 2275 reportavit.
961 2177 1279 2274 Legatio
1339 2202 1524 2276 ergo
1564 2179 1914 2255 universa
1970 2179 2086 2255 his
2127 2178 2542 2255 altercatio·

287 2301 510 2376 nibus
533 2311 985 2398 consumpta,
1028 2301 1303 2377 nullum
1369 2304 1582 2378 finem
1646 2305 1977 2393 obtinuit,
2036 2313 2257 2401 atque
2314 2303 2544 2400 legati

284 2427 431 2525 ipsi
463 2427 754 2502 domum
793 2434 1272 2503 reverterunt.
1333 2426 1656 2504 Polonus
1697 2452 1865 2504 sese
1905 2428 2310 2518 excusavit,
2351 2428 2544 2525 quod

283 2575 524 2649 neque
582 2553 764 2651 ipse,
804 2576 1039 2652 neque
1089 2552 1437 2629 Poloniae
1475 2578 1606 2630 rex
1645 2554 2044 2651 legationis
2086 2554 2541 2632 conditiones

282 2686 410 2753 aut
487 2687 801 2754 mentem
840 2680 892 2755 J
897 2678 1206 2754 ohannis
1267 2680 1412 2754 sibi
1453 2688 1621 2755 ante
1660 2689 2133 2781 perspectam
2244 2680 2542 2756 habuis·

282 2814 469 2896 sent,
563 2806 703 2880 nisi
782 2814 1126 2903 quantum
1169 2809 1264 2881 ab
1306 2807 1579 2903 legatis
1663 2807 2095 2905 accepisset.
2135 2807 2239 2882 At
2276 2830 2541 2884 caesar

277 2956 420 3006 non
462 2935 750 3009 occulte
792 2933 1568 3033 indignationemprae
1591 2957 1675 3009 se
1695 2935 2022 3010 ferebat:
2068 2935 2332 3011 etenim
2374 2958 2525 3009 cre-

280 3057 579 3134 diderat
618 3081 750 3135 eas
776 3060 1232 3136 conditiones
1292 3061 1486 3159 apud
1540 3059 1768 3136 filium
1826 3083 2115 3159 quoque
2156 3061 2535 3154 valituras,

286 3207 475 3281 quas
519 3194 754 3261 mater
792 3186 1049 3262 vivens
1106 3187 1517 3285 pepigerat.
1574 3186 1915 3263 Ceterum
1972 3189 2115 3262 hoc
2151 3210 2342 3263 anno
2381 3189 2531 3262 bel·

279 3310 428 3386 lum
470 3312 544 3384 in
629 3310 964 3408 Ungaria
1038 3321 1334 3410 gestum¹
1368 3323 1482 3389 est
1553 3313 1849 3399 nullum,
1888 3322 2190 3414 praeter
2229 3313 2536 3414 popula-

285 3434 632 3524 l'ationeS,
726 3439 1048 3537 praedas
1089 3447 1162 3513 et
1238 3440 1693 3515 incursiones
1752 3449 2078 3515 mutuas:
2176 3462 2364 3536 quae
2442 3463 2532 3514 ex

279 3587 415 3639 usu
455 3563 675 3661 quasi
694 3564 769 3638 in
789 3565 1254 3664 disciplinam
1277 3590 1658 3658 conversa,
1680 3568 1752 3640 in
1774 3566 1959 3665 ipsis
2010 3588 2297 3665 quoque
2335 3565 2537 3642 indu·

281 3689 415 3767 ciis
455 3692 832 3789 utrinque,
874 3694 1133 3789 majori
1171 3702 1416 3770 tamen
1456 3701 1722 3768 nostro
1745 3693 2007 3769 damno
2027 3694 2539 3791 patrabantur.

281 3816 425 3894 Sed
463 3819 541 3893 in
623 3818 882 3895 Africa
939 3820 1159 3917 quale
1233 3822 1472 3909 fuerit,
1525 3827 1599 3894 et
1661 3843 1871 3917 quem
1943 3819 2158 3894 finem
2207 3842 2537 3918 quasque

280 3967 548 4022 causas
608 3945 969 4038 habuerit,
1064 3971 1224 4023 cum
1266 3948 1361 4022 sit
1420 3947 1918 4024 memorabile
1979 3953 2052 4020 et
2105 3946 2540 4044 magnitudi-

275 4096 364 4147 ne
403 4081 478 4147 et
501 4071 1028 4149 mutationibus
1050 4076 1527 4162 fortunarum,
1585 4096 1894 4149 necesse
1933 4080 2047 4148 est
2089 4096 2519 4150 memorare.

493 4199 899 4297 Postquam
978 4203 1167 4277 enim
1224 4227 1270 4277 a
1344 4203 1543 4277 bello
1602 4201 2074 4298 sanquintino
2128 4225 2277 4299 pax
2340 4201 2532 4277 inter

270 4350 495 4424 reges
514 4326 796 4424 gallum
835 4336 1056 4427 atque
1078 4328 1468 4429 hispanum
1490 4328 1891 4406 constituta
1912 4335 2066 4402 est:
2125 4325 2328 4403 bella
2373 4326 2526 4425 qui-

278 4457 438 4530 dem
517 4467 1004 4533 cessaverant
1045 4516 1059 4547 ,
1157 4459 1291 4534 sed
1384 4482 1582 4534 mare
1641 4458 1988 4533 infestum
2046 4466 2208 4534 erat
2249 4516 2263 4540 ,
2374 4478 2517 4532 non

270 4581 483 4658 modo
558 4581 1032 4681 hispaniense
1074 4641 1089 4678 ,
1185 4607 1437 4660 verum
1542 4585 1764 4659 etiam
1859 4605 2336 4682 quaecuuque
2430 4600 2526 4674 ab
