3293 5219
860 287 1020 369 448

858 512 940 584 r'e
959 532 1105 585 una
1122 508 1370 606 vitam,
1394 511 1726 603 salutem,
1738 509 2113 603 honorem,
2124 507 2446 607 patriam
2458 510 2929 608 reponebant.
2948 509 3073 584 Be-

861 637 1123 730 cesius,
1138 636 1257 733 qui
1276 659 1465 713 unus
1485 636 1794 711 idoneus
1816 642 1891 711 et
1903 634 2145 710 divino
2164 636 2484 732 ingenio,
2498 660 2590 712 ac
2605 637 2811 713 solus
2829 637 2920 712 ad
2938 661 3067 710 ma·

862 786 1052 859 guas
1108 785 1232 837 res
1289 761 1656 860 gerendas
1713 761 2119 853 videbatur,
2161 761 2255 836 ab
2332 784 2510 857 rege
2567 763 2867 838 summis
2936 763 3068 836 lau·

861 888 1075 964 dibus
1088 889 1523 965 celebratur.
1539 888 1827 984 Equum
1837 886 2370 961 nobilissimum
2380 887 2868 984 pulcherrime
2881 910 3065 962 exor-

859 1023 1111 1090 natum
1133 1013 1321 1089 dono
1343 1013 1558 1089 misit.
1600 1012 1771 1114 Uno
1811 1020 2090 1087 tantum
2122 1012 2554 1108 angebatur,
2568 1015 2766 1111 qnod
2785 1014 3065 1090 talisvir

861 1141 1113 1216 morbo
1134 1137 1367 1214 colico
1387 1137 1886 1235 impediretur,
1902 1139 2130 1235 inquo
2144 1137 2345 1213 salus
2359 1139 2591 1213 omnis
2603 1161 2738 1214 sua
2764 1148 3066 1215 vertere-

856 1276 992 1342 tur.
1007 1266 1245 1361 Igitur
1255 1267 1497 1342 omnia
1507 1289 1811 1341 versare
1834 1264 2097 1359 animo,
2132 1263 2468 1360 singulos
2487 1274 2931 1362 pertentare,
2951 1263 3065 1339 sed

858 1393 1248 1491 displicere
1269 1414 1542 1467 omnes.
1561 1392 1662 1466 Et
1678 1398 2092 1466 tamencum
2114 1412 2424 1465 necesse
2445 1391 2881 1484 esset,modo
2900 1393 3065 1467 hunc

861 1542 1151 1615 cogere,
1188 1518 1401 1593 modo
1418 1518 1659 1611 alium,
1680 1523 1908 1613 etquo
1925 1516 2091 1613 quis
2131 1516 2372 1613 magis
2384 1518 2805 1612 resistebat,
2848 1518 3062 1613 magis

860 1667 1149 1742 cogere,
1173 1652 1248 1719 et
1285 1666 1444 1718 cum
1465 1642 2033 1740 exprincipibus
2053 1642 2196 1716 iret
2235 1665 2469 1737 nemo,
2493 1644 2934 1719 descendere
2981 1642 3063 1717 ad

857 1770 1269 1845 inferiores.
1312 1755 1561 1843 Tanta
1580 1776 1743 1843 erat
1778 1767 1853 1841 in
1872 1768 2201 1870 principe
2241 1769 2528 1861 levitas,
2570 1771 2665 1846 ob
2704 1778 3062 1845 consuetu·

859 1896 1099 1970 dinem
1143 1895 1507 1971 hominum
1564 1894 2107 1971 levissimorum
2162 1903 2582 1993 propterea,
2657 1897 2850 1994 quod
2899 1918 3058 1970 nun·

859 2047 1075 2121 quam
1112 2023 1346 2098 bonos
1383 2022 1585 2097 viros
1625 2030 1700 2097 et
1733 2020 2112 2119 principes
2149 2020 2362 2117 regni
2399 2022 2475 2097 in
2511 2020 3064 2097 familiaritatem

854 2148 1206 2249 principis
1246 2147 1632 2223 admittere
1686 2149 2096 2242 voluerunt,
2164 2147 2382 2223 immo
2422 2149 2617 2246 quod
2652 2172 2745 2223 ne
2813 2148 3065 2223 intrare

800 2329 804 2333 -
858 2276 1150 2374 quidem
1168 2282 1612 2374 paterentur,
1653 2275 1788 2349 sed
1823 2275 2025 2350 fores
2046 2274 2617 2350 occluderentur.
2636 2275 2737 2349 Et
2769 2281 2965 2349 tanta
3000 2272 3065 2346 in

855 2402 1138 2478 duobus
1176 2401 1357 2476 viris
1393 2402 1780 2477 affectatae
1800 2400 2213 2499 tyrannidis
2235 2400 2649 2492 ambitio,ut
2702 2423 2944 2475 omnes
2978 2400 3064 2473 ab

852 2528 1222 2627 legatione
1260 2537 1482 2627 atque
1519 2530 1617 2604 ab
1653 2535 1865 2627 peste
1922 2528 2426 2603 abhorrerent.
2485 2527 2837 2603 Sciebant
2872 2526 3062 2615 enim,

852 2657 1141 2732 etiamsi
1193 2656 1505 2754 principi
1560 2655 2117 2747 satisfecissent,
2190 2656 2499 2739 Becesio
2572 2656 2928 2730 neminem
2964 2673 3061 2727 sa-

849 2783 1325 2875 tisfacturum,
1347 2790 1421 2857 et
1474 2782 1670 2879 quod
1723 2782 2032 2857 Becesio
2071 2779 3057 2878 displicuisset,etiamsiopti·

852 2932 1043 2984 mum
1059 2908 1342 3002 fuisset,
1360 2907 1676 3006 principi
1695 2930 1981 3005 quoqne
2002 2906 2529 3007 displiciturum
2547 2906 2727 2984 fore.
2752 2908 2909 3008 Ipsi
2943 2905 3062 2981 soli

854 3034 997 3109 sibi
1034 3033 1445 3131 placebant,
1482 3057 1720 3131 neque
1757 3032 1885 3109 alii
1920 3032 2095 3128 illis,
2134 3057 2369 3132 neque
2406 3033 2575 3109 aliis
2612 3034 2742 3110 illi.
2774 3033 3060 3125 Quicun-

852 3184 994 3258 que
1022 3162 1342 3237 verouni
1377 3160 1489 3235 illi
1529 3161 2049 3260 displicuisset,
2070 3162 2261 3238 hunc
2281 3162 2513 3239 donec
2551 3163 2648 3238 ad
2666 3163 2888 3238 imum
2921 3182 3061 3261 pro·

853 3295 1145 3382 straret,
1235 3311 1604 3386 nunqnam
1675 3297 2151 3365 cessaturum.
2258 3288 2595 3365 Alterum
2646 3289 3061 3365 Michaelem

855 3411 1125 3515 Chaky
1162 3415 1423 3492 iisdem
1463 3414 1747 3491 artibus
1799 3423 2288 3515 perspectum,
2325 3415 2469 3490 nisi
2505 3416 2697 3513 quod
2732 3416 2927 3493 alter
2961 3438 3061 3489 va·

855 3542 1072 3617 lidior
1128 3551 1309 3633 erat,
1369 3564 1602 3639 aeque
1664 3541 2306 3640 pertimescebant.
2367 3541 2603 3617 Nemo
2661 3564 2849 3639 ergo
2903 3548 3059 3629 erat,

855 3669 980 3767 qui
1016 3692 1160 3744 non
1200 3667 1340 3743 sibi
1381 3668 1849 3744 vehementer
1904 3668 2364 3745 metuendum
2402 3676 2478 3743 et
2515 3668 2917 3745 cavendum
2951 3689 3059 3765 pu·

853 3801 1066 3870 taret.
1104 3796 1368 3891 Itaque
1404 3793 1751 3892 princeps
1764 3793 1861 3868 ad
1879 3793 2087 3868 illum
2128 3817 2344 3869 unum
2383 3793 2784 3890 confugere
2822 3794 3062 3890 coepit,

853 3932 1076 4021 atque
1113 3924 1530 4016 obsecrare,
1568 3945 1663 3998 ne
1695 3945 1778 3997 se
1813 3923 1889 3997 in
1926 3932 2132 3999 tanta
2170 3947 2252 3999 re
2291 3924 2637 4000 deserere
2674 3923 2889 4021 velit3
2923 3941 3061 3998 eum

708 4099 726 4129 .
853 4071 1073 4123 unum
1109 4071 1300 4141 esse,
1359 4048 1481 4147 qui
1516 4056 1770 4126 tantae
1806 4050 1916 4125 rei
1970 4049 2188 4125 finem
2243 4073 2378 4149 pro
2438 4073 2571 4127 suo
2622 4058 2798 4127 voto
2838 4052 3062 4126 facere

850 4175 1114 4274 possit‚·
1156 4198 1249 4250 ne
1305 4176 1540 4267 alteri,
1592 4200 1808 4273 quam
1864 4176 2030 4270 sibi,
2085 4177 2484 4274 proemium
2542 4177 2849 4253 honoris
2903 4170 3063 4249 tanti

858 4302 1004 4378 sibi
1043 4301 1367 4378 debitum
1387 4302 1843 4379 concederet.
1866 4303 2007 4379 Ille
2046 4314 2307 4380 contra
2344 4305 2489 4382 sibi
2527 4327 2809 4402 suoque
2847 4297 3068 4400 capiti,

859 4433 939 4502 ut
991 4426 1066 4500 in
1124 4426 1316 4502 omni
1373 4451 1505 4503 suo
1572 4451 1907 4505 sermone
1964 4431 2276 4523 solebat,
2372 4431 2765 4530 imprecari
2836 4443 3065 4504 omnes

857 4555 1220 4631 coelestes
1273 4556 1822 4655 infernalesque
1876 4581 2179 4658 poenas,
2230 4559 2297 4635 si
2336 4567 2462 4635 aut
2496 4559 2608 4635 ire
2644 4563 2922 4658 posset,
2958 4556 3065 4628 aut
