3293 5219
2334 400 2492 487 401

224 619 563 716 optabat,
603 624 824 714 atque
882 641 1017 716 per
1055 616 1351 715 legatos
1410 620 1591 695 mire
1658 621 2130 717 sollicitabat,
2189 649 2279 699 ne
2318 626 2491 700 ullis

216 743 762 818 conditionibus
829 752 1352 842 praeterquam
1412 746 1611 820 bello
1687 773 1842 846 pax
1906 759 2488 848 componeretur,

221 869 422 966 quod
497 870 687 943 alias
764 870 1239 945 autoritatem
1322 894 1528 946 suam
1585 872 1912 948 imminui
1974 884 2175 951 certo
2243 876 2489 951 sciret.

222 993 378 1068 Sed
415 995 628 1091 regii,
670 995 867 1091 quod
905 996 1197 1070 etiamsi
1259 996 1636 1089 vicissent,
1678 998 2117 1094 religionem
2157 1003 2490 1097 extingvi

223 1120 696 1220 impossibile
782 1123 1208 1218 judicarent
1246 1180 1262 1214 ,
1364 1123 1589 1198 altius
1668 1125 1857 1199 enim
1950 1127 2245 1203 radices
2327 1131 2487 1224 jam

223 1247 504 1343 egisse,
545 1271 761 1346 quam
805 1257 884 1323 ut
944 1251 1169 1324 armis
1235 1250 1632 1348 exstirpari
1692 1261 1971 1349 posset,
2031 1277 2191 1328 rem
2230 1255 2304 1328 in
2343 1255 2489 1329 dis·

222 1373 499 1447 crimen
538 1373 802 1448 adduci
843 1375 1274 1466 noluerunt3
1339 1376 1677 1474 plerique
1741 1377 1930 1451 enim
1992 1378 2211 1453 etiam
2257 1380 2330 1453 in
2370 1405 2487 1454 ca-

221 1498 405 1570 stris
444 1499 676 1594 regiis
716 1521 983 1574 novam
1043 1500 1480 1596 religionem
1541 1503 2202 1600 amplectebantur,
2260 1530 2488 1602 quan·

224 1645 448 1718 quam
508 1624 876 1720 regiorum
935 1634 1191 1722 partes
1254 1626 1466 1722 sequi
1524 1630 2004 1722 cogebantur.
2062 1630 2329 1727 Neque
2364 1631 2487 1705 de-

225 1748 545 1837 fuerunt,
586 1748 731 1848 {qui
807 1774 900 1824 ex
957 1750 1145 1848 ipsis
1207 1774 1493 1847 quoque
1553 1754 1825 1828 castris
1886 1754 1981 1828 ad
2021 1753 2486 1831 Condensem

221 1874 649 1949 transirent.
699 1874 946 1966 Quare
998 1878 1273 1952 bellum
1314 1886 1769 1975 protractum
1811 1888 1926 1955 est
1986 1883 2081 1956 ab
2141 1889 2485 1957 autumno

224 1998 319 2072 ad
355 1998 693 2091 hiemem,
743 2003 835 2075 ab
876 2002 1118 2077 hieme
1176 2003 1271 2077 ad
1310 2006 1894 2097 aestatem-fere.
1936 2005 2222 2097 Quibus
2260 2009 2486 2081 omni-

224 2124 363 2197 bus
424 2124 513 2197 de
572 2127 840 2218 causis,
899 2135 973 2202 et
1029 2151 1190 2202 cum
1230 2152 1521 2204 annona
1580 2153 1867 2228 quoque
1915 2132 2083 2230 ipsa
2130 2141 2484 2229 utrosque

216 2252 379 2345 jam
438 2249 824 2345 deficeret,
906 2255 1359 2351 consumptis
1439 2256 1775 2329 omnibus
1835 2256 2209 2332 alimentis
2265 2267 2485 2355 atque

230 2379 758 2453 commeatibus
781 2404 861 2454 re
874 2381 1049 2475 gina
1071 2381 1166 2454 ad
1189 2381 1590 2455 exercitum
1611 2382 1896 2476 regium
1915 2383 2315 2476 venit,cu1n
2332 2383 2488 2480 ple·-

109 2510 115 2517 '
230 2500 482 2598 risque
526 2504 975 2601 primoribus
1023 2532 1068 2581 a
1108 2506 1436 2580 consiliis
1461 2508 1685 2602 regiS,
1711 2507 2166 2605 delectisque
2186 2486 2488 2583 arbitris

233 2629 327 2701 ab
366 2629 700 2725 utrisque
740 2631 829 2705 de
886 2655 1072 2728 pace
1115 2632 1390 2728 agitari
1430 2640 1770 2731 coeptum
1789 2639 1924 2707 est.
1965 2632 2174 2724 Quae
2193 2633 2488 2742 tandem

231 2753 378 2830 icta
419 2762 536 2829 est
575 2763 648 2829 et
702 2757 1083 2854 publicata
1121 2766 1272 2832 tam
1312 2757 1651 2852 Parisiis,
1697 2782 1914 2856 quam
1954 2758 2028 2832 in
2068 2759 2236 2834 aliis
2277 2759 2486 2851 locis,

233 2879 476 2975 magis
528 2881 1000 2975 necessitate,
1058 2891 1137 2957 ut
1174 2883 1394 2981 paulo
1451 2890 1620 2981 post
1677 2885 2043 2982 apparuit,
2105 2909 2321 2983 quam
2360 2908 2486 2958 vo·

233 3005 519 3081 luntate
559 3014 632 3080 et
673 3009 1051 3083 commodo
1089 3010 1408 3107 publico.
1463 3009 1687 3083 Pacis
1730 3012 1978 3108 capita
2014 3010 2204 3086 haec
2239 3011 2484 3086 fuere:

234 3131 339 3205 uti
386 3121 843 3210 conditiones
864 3160 1055 3211 anno
1080 3135 1556 3229 sexagesimo
1578 3138 1802 3211 tertio
1823 3137 2050 3211 initae
2091 3144 2300 3213 ratae
2321 3160 2485 3234 per-

238 3263 1290 3360 maneant,observenturque;
1344 3261 1774 3338 Condensis
1816 3243 1889 3336 et
1917 3263 2044 3337 alii
2068 3285 2340 3352 omnes,
2363 3263 2486 3358 qui

235 3407 399 3460 eum
421 3387 714 3484 sequuti
733 3388 1069 3480 fuissent,
1083 3389 1158 3462 in
1178 3388 1569 3488 pristinam
1590 3388 1792 3482 regis
1815 3388 2134 3481 gratiam
2154 3386 2482 3478 redeant,

234 3511 599 3586 restitutis
661 3515 997 3611 utrinque
1058 3516 1373 3591 omnium
1452 3521 1673 3611 atque
1731 3514 2183 3610 singulorum
2241 3512 2479 3604 bonis,

234 3636 578 3726 fortunis,
622 3637 1103 3735 dignitatibus
1144 3648 1367 3738 atque
1405 3639 2028 3735 immunitatibus;
2068 3633 2483 3713 Condensis

233 3765 585 3864 princeps
625 3766 723 3839 sit
779 3767 1067 3840 consilii
1105 3768 1318 3863 regii,
1360 3777 1434 3842 et
1489 3768 1943 3862 gubernator
2001 3766 2317 3840 omnium
2370 3787 2486 3839 se-

235 3891 550 3965 cundum
588 3913 983 3989 personam
1021 3892 1264 3986 regis3
1305 3891 1691 3988 religionis
1731 3901 1975 3966 autem
2012 3891 2323 3965 libertas
2365 3890 2485 3981 sit,

239 4026 393 4092 tam
430 4017 770 4115 publicas
812 4018 1202 4093 conciones
1243 4041 1474 4114 agere
1529 4026 1602 4093 et
1660 4016 1939 4108 audire,
1982 4039 2199 4113 quam
2240 4015 2484 4090 docto·

243 4166 367 4219 res
408 4143 798 4240 religionis
848 4144 1142 4244 publice
1201 4145 1433 4236 alere,
1495 4153 1809 4243 excepta
1866 4144 2130 4218 saltem
2189 4141 2487 4216 civitate

243 4268 646 4367 parisiensi
670 4280 744 4344 et
763 4269 961 4345 illius
984 4269 1343 4364 districtu,
1370 4280 1587 4368 utque
1623 4270 1965 4344 catholici
1989 4270 2488 4364 cujuscunque

245 4393 528 4468 ordinis
587 4394 684 4468 ad
739 4418 915 4470 suas
955 4396 1318 4471 ecclesias
1374 4396 1639 4489 redire,
1702 4403 1775 4469 et
1824 4393 2074 4467 officia
2110 4415 2313 4468 more
2352 4414 2487 4466 suo

247 4542 479 4616 agere
536 4518 698 4593 sine
752 4520 1295 4617 impedimento,
1352 4531 1570 4620 prout
1649 4527 1721 4594 et
1774 4527 2299 4615 protestantes,
2358 4516 2483 4613 qui

242 4642 630 4742 religionis
707 4668 932 4720 causa
996 4649 1370 4740 abessent,
1428 4649 1523 4722 ad
1583 4647 1837 4721 domos
1880 4668 2054 4719 suas
2113 4643 2356 4718 redire
2414 4650 2489 4716 et

346 4793 552 4828 BONUU.
584 4793 746 4833 num.
783 4794 920 4831 818'1’.
950 4795 1150 4836 semrr.
1187 4798 1293 4832 XVI.
2062 4751 2162 4825 26
