3293 5219
2379 287 2485 385 59

210 549 538 622 usquam
598 534 811 600 extra
870 522 1395 612 aedificiorum,
1469 522 1711 596 molas
1787 523 2091 621 insuper
2164 525 2479 599 frumen-

214 653 475 743 tariaS,
514 653 790 751 injecto
827 652 1004 746 igne
1044 646 1627 745 conflagravere,
1651 656 1732 723 ut
1768 648 1952 724 nihil
1989 651 2476 749 undequaque

214 786 701 876 prospectum
775 785 850 852 et
940 782 1471 851 tormentorum
1561 776 1786 849 ictum
1862 777 2127 852 fallere
2196 787 2474 877 posset.

220 904 321 980 Ut
364 927 555 979 vero
615 903 768 1001 Aly
813 904 1045 977 bassa
1099 909 1349 975 castra
1404 904 1541 975 sub
1580 901 1896 997 Regiam
1972 900 2241 979 Sedem
2280 906 2459 996 fixit,

214 1032 511 1130 triaque
547 1030 888 1129 ingentia
921 1028 1383 1105 tormentain
1423 1025 1707 1119 collem,
1750 1051 2001 1104 eorum
2022 1030 2171 1103 vim
2210 1054 2471 1128 exper-

215 1168 449 1249 turus,
471 1156 846 1249 subduxit,
886 1162 960 1230 et
988 1155 1286 1251 singula
1322 1161 1437 1230 ter
1475 1155 1549 1229 in
1587 1179 1834 1231 arcem
1874 1156 2287 1231 evibravit:
2325 1165 2478 1233 tum

219 1285 461 1359 nostri
500 1308 595 1358 ex
632 1283 942 1380 fastigio
983 1282 1408 1374 sanctuarii,
1464 1289 1544 1357 ut
1580 1306 1813 1382 supra
1853 1284 2250 1377 docuimus,
2292 1284 2480 1358 dire-

222 1434 399 1485 xere
442 1417 835 1501 tormenta,
856 1414 1285 1505 tantamque
1323 1409 1730 1506 procellam
1770 1411 2188 1485 immanium
2226 1411 2483 1506 globo-

218 1562 375 1612 rum
437 1543 700 1611 contra
774 1536 1125 1629 emisere,
1200 1544 1281 1611 ut
1331 1536 1554 1612 etiam
1610 1538 2090 1635 sequentibus
2157 1538 2478 1637 quinque

221 1663 485 1738 diebus
508 1722 525 1756 ,
603 1662 873 1759 quibus
945 1663 1338 1737 tormentis
1414 1670 1775 1738 certatum
1854 1670 2005 1757 est,
2103 1664 2476 1760 aliquibus

220 1789 547 1864 hostium
584 1787 970 1863 tormentis
1024 1796 1230 1863 rotas
1287 1795 1513 1886 atque
1555 1789 1957 1865 statumina
1996 1789 2479 1882 decusserint,

220 1925 290 1992 et
327 1914 628 1990 inutilia
666 1913 1156 2005 reddiderint,
1197 1914 1491 2012 aliquos
1525 1939 1705 1992 vero
1746 1917 2213 1993 confecerint.
2253 1918 2478 1992 Nam-

223 2066 359 2139 que
440 2038 727 2116 Arslan
805 2041 1045 2137 begus
1122 2041 1379 2115 ecdem
1453 2048 1818 2141 tempore,
1895 2068 1942 2117 a
2024 2045 2474 2120 monasterio

226 2169 893 2244 Franciscanorum
951 2177 1266 2265 quatuor
1325 2169 1750 2261 colubrinis,
1828 2194 1974 2267 qua
2033 2172 2270 2247 nostri
2325 2178 2471 2245 tor-

218 2304 544 2371 mentum
600 2296 1041 2387 emitterent,
1099 2295 1196 2369 ad
1235 2317 1488 2372 omnes
1552 2302 1811 2394 partes
1867 2296 2191 2371 intentus
2233 2320 2480 2371 arcem

212 2422 645 2519 impetebat,
724 2418 1271 2518 Antoniumque
1328 2392 1558 2518 Nagy
1614 2421 1872 2496 lethali
1940 2421 2244 2503 vulnere
2305 2423 2479 2496 affe-

220 2556 449 2625 cerat.
547 2546 654 2624 At
690 2555 924 2642 nocte,
985 2548 1110 2625 ubi
1163 2549 1375 2646 quies
1431 2555 1964 2625 tormentorum
2023 2557 2204 2639 erat,
2243 2551 2480 2628 nostri

218 2678 473 2750 ruinas
512 2673 967 2767 reficiebant,
1041 2698 1348 2773 cumque
1405 2676 1814 2772 maioribus
1851 2676 2238 2751 tormentis
2278 2702 2480 2774 mag-

219 2828 313 2878 na
350 2803 472 2876 vis
512 2803 843 2900 pulveris
891 2809 1466 2894 consumeretur,
1506 2801 1913 2878 minoribus
1953 2810 2234 2879 tantum
2273 2804 2476 2879 dein·

220 2952 398 3027 ceps
473 2925 899 3003 submoveri
970 2928 1260 3004 hostem
1332 2928 1651 3026 placuit;
1729 2928 1826 3004 ad
1885 2931 2478 3030 oppugnationes

218 3054 701 3154 praesertim,
758 3062 834 3131 et
887 3055 1185 3151 longius
1245 3055 1610 3132 obsidium
1670 3055 2160 3132 decernentes
2237 3081 2475 3134 reser-

223 3183 544 3258 vandum
605 3204 795 3258 esse.
871 3184 1175 3258 Interim
1232 3182 1560 3281 quotidie
1620 3183 1999 3281 aquationi
2060 3207 2290 3282 equos
2348 3185 2466 3261 de-

227 3309 517 3406 ducere,
539 3308 1039 3406 animaliaque
1062 3308 1463 3407 depellere,
1487 3317 1562 3383 et
1591 3309 1983 3405 vegetibus
2004 3332 2273 3407 aquam
2312 3315 2480 3389 sub-

229 3438 523 3531 vehere,
565 3459 1004 3535 quamquam
1041 3461 1179 3512 nec
1215 3436 1293 3510 in
1331 3460 1503 3511 arce
1545 3436 1882 3528 deesset,
1923 3437 2058 3510 sed
2115 3459 2258 3533 quo
2297 3439 2477 3513 fidu-

223 3565 405 3639 ciam
467 3569 958 3655 ostentarent,
1018 3572 1092 3638 et
1149 3563 1226 3637 in
1282 3563 1585 3661 longum
1641 3563 2196 3661 prospicerent,
2253 3565 2502 3641 simul'

225 3690 511 3788 praelia
534 3689 760 3764 etiam
784 3712 1058 3764 serere.
1081 3690 1431 3787 Inprimis
1473 3688 1778 3788 Gaspar
1794 3686 2104 3782 Petheii,
2146 3686 2462 3789 Stepha-

222 3841 353 3893 nus
372 3815 726 3914 Zolthay,
759 3817 813 3892 J
817 3815 1158 3892 ohannes
1208 3816 2001 3916 Figedy,Franciscus
2020 3817 2209 3917 Bay,
2251 3819 2477 3895 etJo-

229 3943 511 4019 hannes
556 3941 965 4042 Ormandy,
1009 3945 1174 4018 dum
1198 3944 1601 4020 *audentius
1642 3944 2125 4042 praeliantur,
2157 3941 2470 4044 Stepha-

231 4093 393 4144 num
434 4068 851 4166 Budahazy
899 4070 1289 4166 janiczari,
1311 4071 1435 4167 qui
1475 4093 1559 4144 se
1601 4070 1675 4143 in
1730 4069 2025 4145 insidiis
2066 4073 2477 4148 occultave-

228 4205 410 4286 rant,
432 4195 710 4292 glande
749 4196 1150 4296 traJiciunt.
1190 4196 1640 4273 Michaelem
1676 4197 1975 4274 Horvat
2010 4220 2199 4296 equo
2240 4198 2475 4277 detur-

229 4317 497 4419 banffl)
522 4322 820 4398 Tantus
839 4329 1087 4397 tamen
1111 4329 1574 4422 contemptus
1593 4322 1915 4400 hostium
1932 4324 2089 4418 fuit,
2129 4330 2208 4400 ut
2243 4351 2484 4425 neque

224 4458 487 4544 portas
505 4448 959 4541 clauderent,
977 4471 1216 4546 neque
1241 4474 1334 4526 ex
1348 4449 1573 4528 solito
1596 4451 1986 4548 quicquam
2005 4453 2485 4550 remitterent,

431 4622 497 4693 ικ’)
534 4620 792 4679 Istvanfi
811 4623 1085 4697 jegyzete
1112 4645 1127 4681 ε
1163 4624 1211 4680 Ii
1237 4642 1437 4682 omnes
1464 4627 1599 4683 dein
1625 4625 1992 4685 convaluere.
