3293 5219
1129 1361 1670 1459 LIBER
1771 1358 2734 1457 OCTAVUS.*)

1797 1663 2102 1670 .—-——--.-

1019 1849 1245 1926 Initio
1285 1847 1455 1922 anni
1487 1845 1867 1943 sequentis
1908 1845 2110 1919 'Pata
2164 1867 2300 1919 arx
2338 1844 2434 1918 ad
2471 1867 2758 1920 omnem
2797 1865 3035 1921 amoe-

803 1978 1104 2054 nitatem
1159 1983 1233 2049 et
1288 1972 1757 2072 splendorem
1807 1970 2233 2058 cultissima,
2276 1967 2589 2078 deliciae
2629 1973 3029 2069 priscorum

812 2127 1087 2199 regum,
1167 2102 1333 2178 dum
1370 2098 1583 2174 Buda
1622 2106 1875 2187 staret,
1933 2098 2005 2178 in
2054 2119 2311 2171 manus
2348 2097 2661 2172 hostiles
2699 2099 2860 2173 sine
2900 2096 3041 2174 ullo

797 2229 1092 2326 negotio
1132 2227 1446 2302 devenit.
1488 2222 1862 2320 Siquidem
1918 2223 1970 2299 J
1976 2246 2254 2299 oannes
2315 2223 2542 2321 Nagy
2560 2219 2670 2322 **)
2709 2225 3032 2322 praefec-

802 2369 920 2431 tus
958 2351 1497 2429 Oomaromium
1517 2350 1949 2436 ventitabat,
1970 2373 2214 2450 rerum
2250 2351 2841 2426 necessariarum
2881 2374 3039 2426 eau-

803 2504 911 2571 sa,
949 2480 1091 2553 iter
1128 2500 1305 2552 vero
1343 2475 1856 2574 periculosum,
1915 2483 1988 2548 et
2042 2474 2472 2550 insidiarum
2512 2478 2804 2575 plenum
2858 2484 3038 2552 erat.

804 2605 1087 2681 Idcirco
1128 2604 1414 2701 equites
1489 2624 1740 2676 omnes
1802 2624 2048 2676 seeum
2088 2602 2341 2677 venire
2373 2604 2603 2700 jubet,
2645 2614 2719 2680 et
2754 2604 3040 2701 pedites

802 2733 1006 2808 solos
1044 2753 1179 2829 pro
1218 2729 1588 2829 pracsidio
1627 2729 1992 2825 relinquit,
2032 2731 2155 2827 qui
2177 2754 2258 2804 se
2296 2732 2467 2808 vino
2508 2732 2630 2807 diu
2677 2740 3039 2831 noctuque

799 2857 1281 2954 ingurgitare,
1355 2879 1591 2953 neque
1649 2855 1946 2951 vigilias
2005 2856 2095 2930 de
2135 2880 2336 2934 more
2395 2880 2641 2954 agere.
2683 2858 2771 2933 ld
2807 2858 3033 2934 Ham-

802 2985 1162 3078 zabegum
1240 2983 1695 3079 praefectum
1792 2980 2147 3077 Strigonii
2238 2984 2334 3059 ob
2421 2983 3040 3082 propinquitatem

800 3110 1033 3183 latere
1070 3133 1217 3184 non
1272 3108 1527 3204 potuit,
1577 3107 1871 3182 silentio
1928 3107 2021 3182 ad
2057 3132 2305 3184 muros
2361 3109 2699 3201 accessit,
2793 3110 3041 3184 scalas

799 3233 1161 3329 admovit;
1246 3234 1542 3309 tandem
1616 3234 1692 3307 in
1758 3257 2002 3309 arcem
2077 3236 2363 3310 nemine
2455 3236 2812 3311 sentiente
2907 3259 3043 3311 nec

808 3367 1324 3459 propugnante
1362 3359 1681 3435 feliciter
1744 3360 2031 3453 evadit3
2110 3385 2269 3436 eum
2329 3362 2828 3439 somnolentos
2885 3384 3047 3437 eae·

806 3487 980 3561 dere
1002 3491 1484 3583 occeperunt3
1521 3494 1672 3559 tum
1712 3486 1941 3582 aliqui
1982 3509 2187 3562 arma
2226 3509 2515 3585 capere,
2556 3495 2630 3563 et
2667 3509 3042 3586 pugnare:

799 3612 933 3688 sed
948 3614 1203 3688 hostes
1235 3620 1627 3688 etnumero
1650 3614 2095 3709 superiores,
2118 3623 2190 3689 et
2218 3615 2524 3707 viribus,
2562 3615 2829 3713 partim
2869 3639 3032 3690 cae-

802 3740 932 3827 sis,
1023 3737 1293 3837 partim
1349 3737 1587 3834 captis
1643 3739 2201 3836 praesidiariis,
2282 3740 2479 3814 areis
2551 3740 2747 3816 haud
2818 3739 3036 3836 parvi

807 3863 1173 3956 momenti,
1228 3885 1316 3938 ao
1352 3861 1553 3937 latae
1593 3861 1889 3939 ditionis
1925 3865 2318 3964 potiuntur.
2377 3865 2899 3942 Ferdinandus
2939 3864 3036 3940 ad

799 3990 1274 4092 Solymanum
1330 4013 1609 4065 summa
1649 3993 2239 4088 expostulatione
2297 3992 2564 4084 delata,
2623 3994 2819 4090 quod
2875 4016 3036 4067 eum

974 4238 1011 4273 ὓ
1035 4234 1279 4291 Istvaufi
1313 4239 1631 4307 Jegyzete:
1659 4235 1912 4293 Jacobus
1940 4237 2272 4293 Cambraius
2300 4242 2494 4292 orator
2530 4236 2721 4310 gallus
2745 4235 3034 4308 Bymtio

797 4331 872 4384 ad
908 4327 1165 4401 reginam
1190 4326 1500 4383 habenam
1527 4328 1691 4384 venit
1733 4327 2048 4384 salutatum
2087 4327 2315 4384 nomine
2336 4330 2509 4400 regis,
2533 4328 2592 4381 in
2613 4327 2898 4398 principio
2937 4345 3032 4383 an·

798 4418 856 4471 ui
898 4417 1052 4474 1557.

974 4542 1071 4609 M)
1116 4540 1352 4596 lstvanfi
1382 4546 1695 4614 jegyzete:
1738 4542 1952 4599 Eszeki
1993 4548 2162 4617 Nagy
2199 4546 2384 4604 Janos
