3293 5219
853 307 1013 383 412

848 526 1130 620 maj0re
1185 533 1399 623 parte
1438 526 1827 617 exereitus,
1884 526 2143 623 paucis
2198 528 2328 602 illo
2365 527 2669 624 praelio,
2728 552 2870 606 uno
2926 529 3089 605 duce

842 660 1175 749 excepto,
1198 648 1662 743 desideratis,
1704 652 2079 749 singulari
2119 655 2389 730 virtute
2428 655 2686 729 ducum
2727 662 2802 728 et
2839 656 3089 730 eximia

836 778 1142 873 reginae
1235 778 1623 854 Navarrae
1676 778 1909 857 animi
1968 779 2484 876 magnitudine
2540 779 2815 856 bellum
2853 783 3087 856 eeleri-

745 950 750 953 -
841 910 956 977 ter
991 910 1323 978 renatum
1362 911 1510 997 est3
1561 927 1751 1002 quae
1791 911 2043 979 eastra
2113 905 2315 995 adiit,
2357 914 2431 980 et
2469 907 2869 982 exercitum
2909 908 3085 982 virili

837 1050 1145 1126 prorsus
1221 1028 1462 1104 animo
1522 1030 1879 1122 allocuta,
1938 1029 2169 1105 filium
2214 1030 2469 1106 duoem
2509 1032 2797 1123 obtulit,
2867 1034 2984 1129 qui
3020 1041 3083 1106 et

840 1155 1091 1229 statim
1128 1155 1443 1229 omnium
1482 1179 1849 1232 consensu
1890 1158 2035 1232 dux
2067 1157 2491 1232 declaratus
2512 1166 2643 1232 est.
2687 1160 2872 1233 Item
2909 1156 3081 1231 Con·

840 1279 1008 1355 daei
1108 1303 1394 1377 quoque
1470 1281 1665 1357 filius
1758 1283 1832 1358 in
1906 1291 2156 1358 oastra
2242 1283 2464 1375 venit,
2542 1290 2617 1358 et
2687 1284 2883 1382 patri
2952 1284 3080 1356 vir-

837 1411 1009 1495 tute,
1048 1405 1360 1497 nomine,
1424 1431 1513 1481 ao
1584 1407 1944 1503 dignitate
1984 1432 2155 1484 mox
2213 1410 2594 1484 suecessit.
2657 1408 2891 1484 Paulo
2923 1416 3077 1506 post

836 1530 1273 1629 Bipontinus
1335 1532 1569 1607 adsuit
1625 1556 1785 1607 oum
1843 1540 2139 1631 septem
2204 1532 2529 1608 millibus
2593 1535 2929 1632 equitum,
3016 1542 3078 1607 et

839 1657 1285 1755 quingentis,
1370 1659 1693 1756 peditum
1751 1682 1884 1734 sex
1964 1660 2308 1751 millibus,
2402 1660 2786 1734 tormentis
2879 1661 3073 1755 majo·

833 1785 1038 1861 ribus
1059 1793 1135 1860 et
1170 1784 1576 1862 minoribus
1600 1786 1819 1860 XIX.
1872 1786 1971 1859 Et
2011 1785 2279 1860 deinde
2319 1786 2568 1861 variae
2611 1787 3076 1886 expuguatio-

836 1931 970 1984 nes
1026 1910 1312 1985 urbium
1353 1919 1521 1987 sunt
1561 1920 1923 2008 sequutae
1956 1909 2059 1985 'ab
2084 1911 2469 2007 utrisque3
2527 1912 2718 1984 inter
2758 1936 2935 2009 quas
2968 1935 3075 1986 ne-

834 2057 958 2110 888
995 2034 1367 2111 hominum
1404 2056 1874 2127 summorum,
1940 2034 2411 2109 vastationes
2451 2056 2823 2131 agrorum,
2863 2035 3071 2109 defor-

833 2161 1197 2235 mationes
1271 2161 1558 2237 urbium
1629 2161 2059 2237 necessario
2112 2162 2361 2235 factae
2431 2167 2619 2234 sunt.
2678 2164 3072 2257 Iterumque
3190 2162 3193 2163 *

828 2286 1024 2361 facto
1097 2286 1423 2385 periculo
1466 2285 1734 2385 praelii
1791 2286 2169 2385 principes
2230 2293 2707 2384 superantur,
2767 2288 3067 2385 peditatu

824 2412 1014 2504 fuso,
1073 2413 1403 2510 equitatu
1441 2417 1683 2487 autem
1726 2408 2051 2509 egregie
2110 2434 2282 2486 sese
2324 2410 2790 2506 defendente3
2830 2412 3064 2489 collec-

759 2590 762 2593 »
825 2538 923 2613 tis
961 2546 1206 2616 tamen
1243 2538 1526 2614 viribus
1566 2537 1776 2613 varie
1823 2544 2022 2615 totus
2080 2560 2316 2613 annus
2376 2561 2517 2637 per
2554 2563 2863 2637 magnas
2898 2540 3063 2615 oala-

826 2665 1124 2742 mitates
1159 2667 1544 2741 traductus
1585 2671 1728 2739 est.

1042 2790 1360 2866 Selimus
1399 2791 1817 2866 Turoarum
1855 2788 2271 2898 imperator
2329 2798 2599 2866 contra
2636 2789 2925 2866 Arabes
2956 2814 3063 2864 no-

828 2937 964 2991 vas
1004 2916 1258 3016 oopias
1299 2916 1659 3004 submisit,
1728 2923 1804 2989 et
1854 2938 1945 2990 ex
1988 2914 2343 3014 Aegypto
2385 2924 2457 2991 et
2493 2916 2757 2991 vioinis
2793 2916 3053 3014 provin·

826 3041 959 3115 ciis
1001 3043 1500 3117 exereitumin
1538 3064 1667 3117 eos
1712 3042 1875 3116 duoi
1906 3042 2162 3137 jussit,
2203 3040 2563 3116 mandata
2599 3048 2841 3117 tamen
2873 3066 3057 3140 prae-

825 3167 1042 3244 fectis
1080 3168 1407 3260 dederat,
1448 3177 1527 3244 ut
1565 3169 1629 3243 si
1669 3168 1820 3243 ullo
1859 3167 2075 3242 modo
2116 3168 2277 3242 fieri
2315 3160 2599 3266 posse't,
2624 3169 2877 3267 aequis
2914 3190 3058 3241 oon-

826 3294 1220 3369 ditionibus
1259 3318 1383 3370 res
1423 3301 2010 3394 componeretur,
2049 3302 2198 3368 tum
2226 3295 2421 3390 quod
2470 3302 2726 3370 essent
2763 3295 3059 3390 ejusdem

823 3418 1230 3516 religionis,
1272 3428 1421 3494 tum
1464 3420 1658 3517 quod
1696 3421 1770 3494 in
1812 3420 2033 3494 aliam
2071 3428 2360 3517 partem
2399 3420 2647 3494 mundi
2691 3443 2863 3496 suas
2886 3421 3058 3494 vires

827 3569 1318 3623 conversurus
1413 3554 1635 3621 esset.
1742 3548 1981 3644 Igitur
2079 3546 2623 3623 conditionibus
2711 3555 3060 3622 transacta

822 3694 943 3747 res
984 3678 1120 3764 est,
1159 3682 1237 3748 ut
1273 3672 1651 3769 praesidia
1691 3672 1767 3746 in
1807 3673 2032 3747 oertis
2071 3672 2260 3747 loeis
2300 3680 2570 3763 essent,
2623 3671 2893 3748 tributa
2927 3695 3057 3746 oer-

824 3805 903 3874 ta
941 3821 1183 3874 annua
1218 3798 1671 3896 penderent,
1730 3805 2053 3874 ceterum
2111 3799 2268 3873 suis
2323 3798 2617 3893 legibus
2675 3823 2766 3874 ao
2795 3799 3059 3895 juribus

820 3931 1217 4000 uterentur.
1245 3926 1540 4000 Turoae
1563 3921 1870 4019 Gemen,
1894 3933 1968 4001 et
2006 3924 2547 4024 praesidiorum
2586 3922 2753 3999 loca
2791 3947 2878 3998 ao
2912 3945 3058 4019 reg·

823 4075 992 4127 num
1065 4052 1206 4129 hoo
1280 4053 1495 4128 modo
1552 4059 2011 4149 recuperant.
2089 4051 2283 4126 Nam
2357 4050 2431 4122 in
2489 4050 3060 4147 septemtrionem

820 4178 1020 4253 vires
1061 4183 1546 4251 converterat.
1605 4175 1843 4267 Quum
1884 4176 2074 4250 enim
2110 4174 2355 4274 patrio
2412 4197 2616 4249 more
2676 4175 2927 4250 aedem
2962 4196 3059 4248 sa·

821 4327 1022 4377 oram
1061 4299 1553 4399 Adrianopoli
1593 4300 2221 4377 exaedificandam
2259 4300 2723 4391 instituisset,
2747 4308 2822 4376 et
2859 4298 3060 4374 saeri-

815 4429 1000 4504 fioos
1022 4428 1090 4501 ei
1130 4428 1552 4518 attribuere,
1591 4427 2077 4524 petiissetque
2096 4426 2171 4500 id
2228 4425 2373 4500 sibi
2427 4422 2674 4517 lioere,
2735 4427 3061 4501 vetabant

818 4552 1186 4626 antistites
1278 4551 1417 4625 rite
1473 4549 1774 4643 institui,
1833 4549 1978 4625 nisi
2053 4574 2143 4625 ex
2201 4548 2561 4625 sumtibus
2640 4570 2879 4624 novae
2950 4547 3061 4623 ali·
