3293 5219
761 335 863 413 66

757 549 1098 626 bucilluc
1174 568 1498 638 cursare,
1538 567 1701 618 cum
1730 541 2222 640 eximproviso
2264 540 2614 639 displosis
2654 546 3016 644 selopetis

731 675 1047 759 ‚attoniti
1140 681 1364 768 atque
1420 678 1749 747 amentes
1860 669 1936 741 in
2007 668 2282 740 vallum
2338 662 2733 765 'fossasque
2794 669 3012 742 diffu-

757 826 958 902 gere.

969 927 1131 1003 Nec
1165 919 1393 997 multo
1434 929 1605 1018 post
1640 942 1897 993 rursus
1953 917 2145 990 idem
2182 922 2818 1016 propugnaculum
2858 945 3010 995 mu-

751 1076 1022 1151 rosque
1078 1046 1483 1140 tormentis,
1524 1045 1808 1120 duobus
1862 1044 1937 1117 in
1994 1042 2182 1117 locis
2238 1053 2517 1140 petunt,
2565 1069 2782 1122 unum
2825 1070 3007 1124 vero

754 1184 1196 1257 tormentum
1250 1170 1548 1248 immani
1587 1169 2092 1266 magnitudine
2110 1169 2339 1244 fossis
2377 1172 2584 1268 prius
2604 1173 3012 1277 perductis,

757 1308 854 1384 ad
892 1307 1181 1383 labrum
1209 1304 1462 1379 fossae
1503 1296 1831 1374 exterius
1890 1296 2180 1389 sistunt,
2235 1304 2316 1371 ut
2355 1300 3012 1396 'propugnaculum

753 1434 830 1509 vi
870 1435 1151 1531 majore
1204 1431 1619 1528 quaterent.
1678 1422 1914 1496 Muris
1971 1429 2220 1496 tamen
2273 1421 2742 1521 lapsantibus
2782 1447 3014 1521 agge·

752 1581 878 1636 res
897 1558 1131 1635 validi
1164 1554 1738 1655 permanebant:
1779 1556 1852 1625 et
1873 1573 1913 1624 e
1936 1557 2193 1625 contra
2215 1545 2630 1646 Gregorius
2648 1551 3015 1627 Bornem-

751 1686 913 1761 isza
1002 1705 1198 1758 nova
1255 1687 1476 1776 atque
1543 1675 1873 1752 inaudita
1912 1682 2084 1751 ante
2176 1675 2763 1753 machinamenta
2779 1678 3017 1753 fabri·

754 1810 999 1886 cabat.
1036 1806 1275 1882 Rotas
1313 1805 1673 1903 quasdam
1694 1802 2109 1878 currulibus
2149 1802 2431 1878 similes
2469 1802 2855 1879 asseribus
2896 1804 3009 1877 in-

749 1936 960 2031 texit,
999 1960 1088 2011 ac
1165 1932 1520 2033 selopetis
1595 1929 2069 2006 manualibus
2146 1929 2498 2027 opplevit,
2538 1936 2619 2004 ut
2654 1930 2786 2004 illa
2825 1938 3011 2004 tam-

766 2084 986 2161 quam
1059 2058 1251 2135 radii
1306 2056 1404 2132 ad
1440 2078 1696 2131 omnes
1769 2061 2024 2152 partes
2098 2052 2429 2146 ferirent,
2505 2061 2793 2151 tegetes
2830 2053 3015 2128 item

754 2186 1152 2281 omnigena
1187 2183 1498 2260 materia
1521 2181 1864 2278 complet,
1904 2177 2152 2253 mixtis
2174 2176 2637 2252 manualibus
2674 2179 3017 2275 maJoris-

754 2315 1042 2413 busque
1063 2311 1435 2408 aliquibus
1474 2305 1898 2384 tormentis:
1923 2327 2113 2402 quae
2135 2303 2378 2378 omnia
2413 2313 2685 2404 stuppa
2707 2306 3016 2381 circum-

752 2436 1071 2537 ligabat,
1094 2437 1547 2532 liniebatque
1566 2433 1753 2532 pice,
1777 2430 2154 2529 sulphure,
2176 2431 2381 2507 sebo.
2421 2432 2538 2505 Ita
2560 2431 2828 2508 adacta
2844 2457 3022 2532 pro-

752 2564 1171 2668 pugnaculo
1194 2560 1591 2658 murisque,
1615 2567 1691 2634 et
1710 2558 2012 2633 incensa
2030 2580 2201 2635 mox
2223 2556 2545 2650 detrusa,
2567 2565 2846 2634 tantum
2868 2564 3023 2637 ter'-

752 2714 998 2769 rorem
1029 2715 1118 2765 ac
1153 2687 1720 2787 trepidationem
1740 2685 2282 2760 fulminantium
2301 2692 2826 2763 tormentorum
2861 2688 3021 2764 fra-

758 2840 916 2916 gor,
960 2840 1051 2892 ac
1076 2813 1767 2915 praesentissimum
1788 2811 2090 2888 exitium
2111 2809 2449 2889 hostibus
2469 2813 2754 2907 indidit,
2771 2821 2853 2889 ut
2892 2815 3023 2892 de·

762 2943 988 3020 sertis
1027 2943 1438 3036 tormentis,
1478 2942 1826 3018 infossas
1866 2940 2293 3040 vallumque
2348 2941 2803 3036 refugientes
2843 2965 3020 3021 sese

758 3069 1136 3166 abderent,
1220 3077 1350 3145 aut
1405 3065 1608 3145 humi
1665 3076 2083 3144 sternerent
2123 3126 2137 3162 ,
2207 3077 2280 3144 et
2335 3091 2561 3165 supra
2614 3069 3017 3147 humanum

755 3195 1131 3292 ingenium
1183 3196 1493 3288 ferrent,
1535 3194 1858 3270 divinam
1905 3195 2114 3289 iram,
2154 3195 2476 3269 divinam
2516 3204 2749 3272 artem
2788 3204 3015 3295 atque

751 3320 1161 3422 potentiam
1222 3320 1575 3397 dicerent.
1614 3321 1815 3397 Exin
1872 3320 1968 3397 ad
2006 3322 2355 3419 antiquae
2392 3330 2652 3420 portae
2688 3346 3014 3422 propug-

752 3448 1094 3524 naculum
1136 3456 1691 3543 convertuntur‚
1732 3455 1887 3522 tres
1927 3449 2176 3523 fossas
2214 3448 2646 3547 perducunt,
2683 3448 2760 3523 in
2799 3449 3016 3546 queis

758 3574 858 3648 ad
949 3597 1199 3651 muros
1275 3575 1412 3650 tuti
1450 3576 1544 3650 ab
1623 3580 2150 3650 tormentorum
2207 3573 2475 3649 ictibus
2552 3573 2901 3667 subirent,
2934 3585 3018 3652 at

761 3722 805 3776 e
846 3709 1102 3777 contra
1160 3725 1254 3776 ex
1291 3701 1552 3776 iisdem
1628 3701 1773 3776 tria
1836 3701 2201 3777 foramina
2279 3698 2606 3776 dolabris
2648 3702 3015 3800 aperiunt.

752 3822 902 3902 Per
941 3850 1032 3903 ea
1072 3827 1195 3903 diu
1234 3834 1592 3902 certatum
1633 3828 1990 3925 selopetis
2050 3835 2272 3925 atque
2310 3826 2728 3915 hastilibus,
2770 3835 2843 3902 et
2882 3852 3010 3904 ne-

764 3953 1085 4030 cessitas
1127 3953 1437 4029 subinde
1511 3976 1707 4028 nova
1764 3953 2378 4045 machinamenta,
2419 3954 2628 4049 queis
2665 3952 3012 4030 hostibus

751 4088 1123 4174 nocerent,
1163 4103 1391 4179 seque
1429 4088 1828 4175 tuerentur,
1892 4079 2535 4155 commonstrabat.
2576 4082 2817 4176 Igitur
2854 4083 3007 4179 spi-

749 4202 936 4279 culis
974 4203 1318 4301 oblongis
1358 4231 1449 4281 ex
1486 4207 1686 4282 ferro
1728 4206 2031 4298 effectis,
2055 4205 2598 4301 hastilibusque
2620 4205 2866 4280 affixis
2908 4208 3008 4281 ad

747 4332 995 4426 ignem
1032 4334 1436 4424 torrebant,
1514 4355 1705 4428 quae
1746 4355 1906 4406 cum
1944 4356 2079 4429 per
2153 4330 2519 4406 foramina
2558 4331 3005 4425 emitterent,

750 4456 1193 4553 Turcaeque
1269 4465 1745 4550 retentarent,
1788 4457 2032 4532 subito
2109 4456 2330 4533 ardor
2368 4459 2816 4553 penetrabat
2856 4482 3010 4534 ma-

746 4600 907 4675 nus,
947 4590 1022 4657 et
1058 4587 1266 4656 cutes
1342 4606 1610 4679 magno
1653 4605 1816 4659 cum
1857 4582 2113 4659 dolore
2146 4585 2614 4682 clamoreque
2654 4608 2803 4660 non
2843 4585 3008 4662 sine
