3293 5219
2360 352 2515 433 193

252 580 559 667 stratae,
604 597 793 672 quae
848 572 1112 650 Melita
1168 588 1411 647 rerum
1460 573 2065 648 necessariarum
2104 596 2333 650 causa
2366 598 2514 651 una

241 700 539 777 solvere
599 725 742 777 non
801 707 1210 800 potuerant,
1268 698 1689 798 appellunt:
1768 708 1841 774 et
1910 698 2229 795 cognito,
2310 698 2503 798 quod

244 829 517 903 classis
594 829 989 925 aquatione
1045 828 1249 903 facta
1304 827 1688 919 solvisset,
1745 828 1889 925 ipsi
1974 852 2261 925 quoque
2319 851 2508 904 vasa

241 955 491 1029 omnia
509 955 818 1051 implere
842 960 1186 1029 statuunt.
1210 952 1424 1045 Quod
1463 952 1752 1051 quidem
1768 953 1989 1029 etiam
2028 955 2187 1031 sine
2244 955 2508 1029 damno

239 1091 730 1181 peregerunt,
757 1082 1208 1178 egregieque
1245 1080 1607 1180 praelium
1651 1105 1809 1157 cum
1866 1082 2151 1158 Mauris
2210 1103 2505 1160 concur-

242 1208 585 1283 santibus
624 1207 977 1301 inierunt3
1022 1207 1583 1304 potuissentque
1608 1232 1863 1283 omnes
1886 1208 1982 1284 ad
2020 1231 2235 1283 unum
2271 1232 2506 1308 usque

248 1333 559 1425 salvari,
582 1332 726 1408 nisi
747 1331 945 1407 lente
985 1356 1218 1406 naves
1240 1332 1864 1408 conscendissent.
1890 1334 2080 1409 Nam
2124 1335 2507 1410 christiani

244 1461 471 1535 etiam
509 1457 994 1533 humanitatis
1036 1455 1354 1534 officium
1393 1459 1706 1534 invicem
1749 1460 2167 1535 deferentes
2226 1485 2506 1536 moram

238 1585 686 1671 trahebant;
729 1584 920 1680 quod
958 1584 1199 1660 Mauri
1260 1584 1692 1681 conspicati,
1736 1593 1809 1660 et
1846 1587 2292 1683 paucitatem
2334 1610 2507 1685 quo-

245 1736 390 1811 que
433 1712 980 1810 despectantes,
1029 1710 1276 1786 statim
1335 1710 1721 1786 confertim
1781 1711 2066 1808 equites
2108 1720 2181 1787 et
2215 1713 2506 1813 pedites

247 1838 602 1937 impetum
638 1837 937 1931 faciunt,
985 1846 1059 1912 et
1099 1837 1222 1933 qui
1276 1836 1352 1910 in
1393 1845 1598 1911 terra
1658 1838 1940 1937 reperti
1982 1845 2172 1930 sunt,
2213 1838 2309 1913 ad
2347 1817 2510 1914 cen—

243 1973 398 2039 tum
441 1972 518 2039 et
573 1964 1129 2061 quinquaginta,
1173 1963 1440 2058 partim
1482 1964 1705 2057 caesi,
1765 1963 2037 2063 partim
2086 1971 2253 2040 sunt
2293 1963 2511 2063 capti.

245 2089 626 2166 Universa
720 2090 988 2165 classis
1081 2097 1368 2164 centum
1479 2088 1746 2186 viginti
1818 2090 2144 2167 millibus
2220 2089 2515 2189 Tripoli

244 2216 582 2290 distabat
640 2216 735 2289 ad
809 2216 1124 2290 insulam
1165 2237 1558 2291 arenosam
1618 2239 1707 2289 ac
1747 2216 2094 2310 sterilem,
2136 2216 2281 2291 nisi
2320 2216 2513 2312 quod

250 2365 497 2439 aquae
540 2339 779 2416 dulcis
822 2341 1136 2416 effossas
1197 2364 1430 2416 venas
1479 2341 1810 2439 reperire
1852 2350 2216 2440 poteraut,
2256 2364 2511 2417 verum

251 2465 496 2541 malas
554 2491 644 2541 ac
681 2466 1026 2542 nocivas:
1085 2468 1160 2541 in
1217 2468 1619 2543 continenti
1676 2490 1853 2542 vero
1917 2468 1992 2542 in
2055 2467 2317 2565 viginti
2357 2467 2511 2543 mil-

243 2593 423 2670 lium
503 2593 745 2691 spatio
786 2592 1048 2685 Mauri,
1127 2615 1313 2691 quos
1352 2592 1800 2682 ⁸Maauridos
1851 2601 2140 2688 vocant,
2181 2592 2512 2669 conside-

245 2722 452 2812 bant,
507 2719 631 2817 qui
694 2720 1085 2818 explorata
1144 2719 1389 2795 classe
1449 2721 1839 2797 confestim
1917 2722 1993 2795 in
2068 2721 2509 2819 colloquium

241 2856 644 2938 venerunt,
726 2843 1277 2943 retuleruntque
1365 2847 1783 2944 Dragutum
1845 2871 2005 2924 cum
2066 2846 2512 2945 octingentis

246 2973 526 3049 Turcis
605 2981 678 3048 et
733 2973 1111 3071 plerisque
1170 2997 1261 3047 ex
1361 2972 1744 3050 Arabibus
1822 2976 1897 3049 iu
1958 2974 2202 3050 insula
2258 2973 2509 3048 fuisse.

244 3098 436 3176 Post
477 3099 803 3196 quintum
844 3106 1086 3174 autem
1128 3100 1316 3174 diem
1356 3102 1567 3175 celox
1627 3100 2129 3176 Melitensium
2170 3122 2328 3173 cum
2367 3105 2508 3172 ter-

248 3249 412 3301 ram
470 3225 783 3323 legeret,
897 3225 1285 3325 conspexit
1358 3227 1766 3324 equitatum
1859 3227 2234 3320 turcicum,
2296 3247 2510 3323 quem

245 3353 387 3427 duo
428 3353 730 3452 profugi
758 3353 1217 3446 accedentes,
1259 3359 1480 3451 atque
1521 3354 2067 3447 mirantes,cur
2108 3354 2292 3429 duas
2329 3352 2506 3428 illas

242 3485 615 3555 rostratas
657 3478 753 3553 ad
809 3476 1212 3555 Cantaram
1269 3479 1803 3574 neglexissent,
1869 3480 2278 3554 retulerunt
2337 3499 2507 3552 essc

245 3603 672 3700 Dragutum
743 3612 817 3678 et
870 3603 1339 3681 Vluchalium
1395 3628 1540 3680 una
1616 3604 1913 3680 illarum
2013 3610 2506 3679 rostratarum

251 3725 972 3827 Constantinopolim
1013 3751 1147 3827 pro
1189 3730 1566 3813 evocanda
1624 3730 1874 3806 classe
1913 3730 2343 3828 profectum.
2402 3725 2506 3802 At

246 3880 383 3952 per
422 3855 842 3956 quindecim
881 3855 1041 3931 dies
1081 3857 1485 3949 continuos,
1514 3879 1700 3953 quos
1744 3855 2180 3950 ibifuerunt,
2221 3861 2494 3930 contra·

246 3982 400 4055 rios
441 3989 712 4056 ventos
752 3980 1042 4080 experti
1080 3992 1288 4069 sunt3
1334 4006 1560 4079 quare
1601 3991 1751 4057 tam
1794 3982 2037 4057 taedio
2077 3978 2508 4076 navigandi,

245 4131 465 4205 quam
490 4106 850 4206 aquarum
873 4117 945 4183 et
967 4130 1210 4184 rerum
1232 4109 1817 4184 necessariarum
1857 4100 2507 4207 defectu'plerique

248 4232 761 4310 moriebantur
819 4241 891 4309 et
943 4235 1529 4328 infirmabantur,
1587 4234 1803 4309 navis
1861 4233 2080 4309 etiam
2149 4231 2505 4323 oneraria,

262 4383 456 4456 quae
495 4360 906 4436 vocabatur
962 4361 1404 4459 Imperialis,
1440 4362 1515 4435 in
1572 4370 1848 4436 terram
1910 4360 2098 4436 elisa
2134 4357 2508 4453 naufragi-

260 4508 402 4580 um,
445 4486 683 4563 salvis
722 4494 966 4563 tamen
1004 4487 1357 4563 militibus
1398 4512 1487 4565 ac
1523 4489 1958 4584 hominibus,
2016 4483 2508 4573 armamentis,

245 4621 318 4687 et
354 4614 516 4687 fere
557 4613 780 4688 rebus
820 4613 1179 4707 omnibus,
1214 4614 1404 4690 fecit.

359 4780 564 4817 nortun.
603 4752 765 4816 nuno.
817 4779 955 4820 mer.
988 4780 1189 4822 semar.
1220 4781 1332 4817 xvx.
2087 4737 2185 4812 13
