3293 5219
2390 298 2547 375 317

260 514 658 588 ⁴Neminem
702 538 1013 612 unquam
1058 515 1319 612 majori
1379 517 1737 592 comitate
1795 518 2217 615 honoreque
2274 515 2564 612 excepit

272 638 736 738 Solymanus;
793 643 1043 739 itaque
1083 642 1277 718 inter
1313 643 1642 740 navigia,
1711 667 1898 740 quae
1953 643 2028 718 in
2084 652 2424 742 promptu
2461 640 2558 717 ad

267 768 665 842 adventum
702 769 1022 861 stabant,
1080 768 1434 844 biremem
1511 770 1905 868 propriam
1965 775 2296 844 auratam
2336 777 2555 866 atque

267 894 858 990 pulcherrimam,
900 919 1044 994 qua
1080 895 1705 989 transveheretur,
1765 896 1962 971 misit
1993 923 2009 993 3
2044 905 2193 971 tum
2234 893 2553 993 splendi-

269 1020 559 1095 dissimi
617 1022 908 1119 quique,
968 1029 1042 1098 et
1100 1022 1455 1121 quicquid
1510 1022 1815 1097 militum
1871 1022 2010 1097 fuit
2087 1020 2555 1097 ornatissime

274 1148 822 1243 instructorum,
887 1174 1033 1247 qna
1089 1150 1460 1226 transibat
1513 1148 1688 1224 hinc
1744 1158 1818 1225 et
1890 1149 2059 1225 inde
2116 1148 2553 1235 adstabant;

268 1283 576 1350 ornatus
617 1275 986 1373 equestris
1063 1277 1302 1351 omnis
1339 1285 1907 1376 purpuratorum
1967 1284 2187 1374 atque
2242 1275 2552 1372 impera-

266 1402 456 1478 toris
531 1402 990 1478 incredibilis
1067 1403 1372 1496 valoris,
1432 1411 1507 1479 et
1563 1403 1661 1479 ad
1715 1403 2036 1500 speciem
2092 1401 2550 1479 admirabilis

271 1528 684 1604 visebatur.
740 1531 947 1604 Inter
1024 1551 1209 1626 quos
1268 1528 1364 1603 ad
1399 1531 1952 1604 tabernaculum
2029 1535 2552 1628 praeparatum

275 1654 482 1730 haud
521 1653 777 1753 procul
817 1657 914 1730 ab
955 1655 1190 1752 ipsius
1230 1653 1613 1753 Solymani
1672 1662 1787 1730 est
1818 1655 2192 1733 deductus.
2231 1654 2283 1731 J
2288 1678 2406 1729 am
2445 1652 2548 1726 ibi

277 1759 514 1857 multa
590 1781 739 1857 alia
795 1782 1279 1857 tabernacula
1334 1806 1468 1880 pro
1523 1783 1874 1858 universa
1930 1782 2274 1857 comitiva
2330 1786 2541 1855 erant

271 1915 565 2004 parata,
605 1917 680 1982 et
717 1908 813 1983 ad
851 1903 1122 1983 victum
1164 1909 1406 1984 omnia
1424 1908 1876 1985 necessaria.
1917 1908 2208 1983 Deinde
2247 1907 2342 1982 ad
2379 1931 2545 1983 con·

274 2058 621 2131 gressum
659 2043 987 2129 venture,
1048 2036 1286 2112 serico
1346 2044 1419 2111 et
1473 2059 1652 2112 auro
1711 2039 2096 2113 contextas
2135 2043 2384 2111 vestes
2424 2034 2546 2109 do-

273 2184 368 2235 no
400 2161 619 2255 misit,
693 2172 768 2238 et
823 2171 1112 2239 centum
1158 2164 1504 2260 janiciari
1559 2171 1862 2262 praesto
1923 2165 2149 2253 fuere,
2245 2185 2548 2260 quorum

274 2290 778 2387 unusquisque
865 2299 1152 2389 partem
1228 2291 1551 2387 aliquam
1607 2289 1930 2365 muneris
1986 2290 2297 2377 ferebat,
2357 2287 2551 2386 quod

272 2423 440 2490 erat
457 2416 987 2515 amplissimum
1027 2441 1119 2493 ex
1138 2417 1443 2514 totidem
1465 2417 1771 2492 vasibus
1794 2419 2039 2492 aureis
2060 2424 2135 2491 et
2154 2414 2549 2511 argenteis,

274 2550 348 2618 et
401 2544 710 2620 rubinus
766 2567 947 2622 auro
984 2543 1311 2619 inclusus
1369 2543 1597 2618 mirae
1652 2541 2215 2641 pulchritudinis
2255 2541 2320 2616 L
2395 2540 2550 2615 mil-

272 2671 447 2745 lium
558 2694 921 2746 nummum
1035 2693 1335 2745 aureum
1447 2669 1920 2763 aestimatus,
2017 2669 2204 2745 istos
2283 2669 2549 2744 delecti

278 2794 660 2893 praecipui
737 2818 828 2869 ex
872 2795 1223 2870 comitatu
1283 2795 1804 2891 sequebantur,
1844 2795 2147 2870 sericeis
2186 2795 2549 2886 vestibus,

280 2945 468 3019 quas
509 2920 956 3021 Solymanus
997 2923 1093 2996 ad
1148 2922 1704 2997 tabernaculum
1757 2921 2269 3020 praemiserat,
2301 2943 2553 3017 super-

278 3048 535 3139 induti,
595 3056 815 3145 atque
874 3047 1174 3123 turcicis
1238 3047 1512 3122 calceis
1591 3056 1665 3122 et
1722 3049 2180 3141 calcaribus3
2238 3070 2423 3122 unus
2450 3057 2554 3122 ta-

279 3199 446 3250 men
484 3176 650 3273 ipse
691 3197 878 3271 equo
921 3184 1197 3251 vectus.
1244 3174 1435 3249 Tum
1490 3175 1614 3248 ubi
1655 3175 1958 3272 propius
2015 3173 2353 3265 accessit,
2394 3198 2552 3249 mu-

274 3324 457 3395 nera
496 3308 573 3376 et
611 3301 739 3376 alii
815 3327 952 3400 pro
1017 3303 1525 3393 tabernacuIO,
1583 3302 1780 3398 quod
1836 3322 2057 3377 aureo
2115 3322 2359 3398 panno
2399 3301 2552 3375 uni·

282 3450 581 3504 versum
656 3435 1113 3502 constratum
1191 3436 1373 3515 erat,
1416 3430 1490 3502 in
1530 3427 1927 3525 conspicuo
1987 3426 2149 3501 loeo
2207 3426 2548 3501 constite-

278 3564 465 3633 runt.
504 3554 557 3631 J
561 3553 833 3629 ohanni
872 3561 1124 3630 autem
1166 3555 1608 3652 ingredienti
1667 3554 1808 3630 duo
1868 3579 1960 3631 ex
1997 3552 2421 3651 purpuratis
2475 3553 2550 3625 in

280 3676 527 3757 limine
563 3690 867 3781 praesto
943 3683 1273 3779 fnerunt3
1314 3689 1388 3759 et
1443 3679 1891 3779 Solymanus
1944 3704 2078 3778 per
2134 3678 2401 3777 capitis
2439 3679 2543 3752 in-

282 3807 772 3902 clinationem,
831 3810 1047 3907 quasi
1122 3810 1496 3908 paululum
1555 3830 1726 3911 sese
1785 3807 2110 3899 elevans,
2169 3806 2548 3880 dexteram

281 3936 644 4034 praebuit,
682 3960 773 4011 ac
829 3936 982 4011 XX
1023 3935 1224 4011 viros
1270 3958 1362 4011 ex
1401 3942 1556 4011 toto
1600 3935 1947 4011 comitatu
1985 3933 2329 4024 selectos,
2350 3930 2540 4006 ordi-

282 4084 521 4160 neque
542 4062 946 4138 accersitos
966 4061 1061 4137 ad
1081 4063 1339 4138 oscula
1386 4061 1658 4159 pedum
1699 4061 2012 4154 admisit,
2052 4082 2209 4134 cum
2232 4056 2545 4133 familia-

291 4190 470 4264 riter
529 4211 778 4265 eorum
837 4189 1130 4265 nomina
1170 4196 1244 4263 et
1301 4189 1713 4285 dignitates
1809 4195 1882 4263 et
1921 4186 2210 4283 aliquas
2248 4183 2550 4260 honoris

295 4323 512 4391 notas
570 4315 900 4392 adderet.
960 4316 1300 4391 Tandem
1358 4316 1696 4390 omnibus
1751 4321 2051 4409 praeter
2105 4318 2550 4409 purpuratos

298 4450 370 4517 et
403 4443 885 4540 interpretem
943 4444 1271 4534 semotis,
1313 4444 1575 4517 sellam
1635 4440 1738 4515 ibi
1796 4449 1965 4516 ante
2025 4444 2548 4539 praeparatam

295 4569 671 4646 admoveri
721 4569 971 4668 jussit,
1034 4579 1107 4647 et
1145 4570 1564 4647 Johannem
1620 4590 1765 4642 non
1807 4569 2040 4642 semel
2096 4565 2357 4641 sedere
2386 4567 2549 4662 jus-
