3293 5219
2351 291 2501 383 153

258 553 381 605 ros
422 547 616 604 esse.
659 526 870 603 Adeo
912 528 1181 626 quippe
1221 551 1311 602 ex
1352 527 1618 617 inedia,
1678 527 1812 602 sed
1849 527 2312 622 potissimum
2353 526 2499 621 siti,

260 660 479 734 tabes
519 657 882 755 quaedam
939 655 1310 731 horrenda
1369 657 1672 730 militum
1734 677 2045 755 corpora
2107 656 2507 758 invaserat,

261 795 337 860 ut
376 787 573 859 malo
615 785 938 882 quotidie
976 785 1337 880 gliscente
1378 783 1919 881 frequentiores
1976 785 2050 859 in
2090 783 2247 860 dies
2276 805 2506 858 more-

262 919 553 1002 rentnr3
614 911 948 1008 plerique
1008 911 1267 985 dentes
1325 910 1993 1008 interloquendum
2054 934 2211 987 cum
2252 918 2507 1008 sputo,

264 1040 387 1113 alii
430 1039 751 1112 animam
789 1039 979 1113 inter
1001 1038 1357 1113 edendum
1399 1046 1525 1112 aut
1555 1040 2024 1137 operandum,
2068 1044 2506 1113 evomerent.

263 1167 587 1242 Hustum
625 1165 816 1240 enim
853 1166 927 1240 in
967 1165 1166 1241 edito
1206 1171 1468 1256 monte,
1493 1173 1567 1240 et
1604 1166 1923 1263 undique
1944 1166 2206 1240 vicinis
2244 1165 2500 1240 monti·

267 1296 401 1369 bus
443 1293 665 1368 situm
706 1300 855 1384 est;
880 1293 1063 1367 duas
1087 1294 1179 1366 ob
1217 1315 1362 1384 res,
1385 1291 1697 1366 alteram
1719 1294 1812 1367 ob
1832 1292 2276 1387 praesidium
2300 1291 2509 1387 regni

276 1428 532 1495 contra
572 1419 979 1512 Poloniam,
1020 1428 1134 1496 est
1171 1421 1357 1494 enim
1398 1421 1587 1493 inter
1626 1427 1909 1494 montes
1950 1418 2399 1519 Carpathios
2439 1426 2512 1493 et

282 1546 539 1621 brevis
579 1547 653 1618 in
675 1545 1057 1622 Poloniam
1097 1548 1301 1621 illinc
1321 1549 1714 1641 traJectus3
1748 1546 2059 1620 alteram
2080 1547 2174 1620 ob
2198 1547 2515 1620 mineras

271 1674 476 1765 saliet,
537 1696 630 1746 ex
665 1673 930 1770 quibus
953 1698 1294 1770 magnum
1324 1674 1645 1769 vectigal
1682 1675 2073 1771 provenire
2115 1672 2504 1771 quotannis

276 1803 485 1892 solet,
533 1823 725 1897 quae
761 1801 866 1875 ibi
905 1808 1074 1876 sunt
1105 1803 1212 1876 ita
1232 1802 1811 1899 copiosissimae,
1834 1809 1912 1877 ut
1931 1809 2214 1876 montes
2234 1803 2379 1901 ipsi
2406 1825 2514 1876 re-

274 1928 657 2025 periantur
692 1928 1057 2023 saluginei
1082 1954 1097 2014 ς
1127 1929 1221 2004 ob
1264 1952 1571 2025 eamque
1612 1951 1912 2003 causam
1951 1928 2023 2000 in
2043 1928 2241 2002 Hust
2278 1951 2515 2025 aquae

268 2055 771 2130 reddebantur
793 2057 1043 2130 salsae
1073 2055 1592 2154 insipidaeque
1614 2062 1834 2150 atque
1857 2056 2183 2130 nocivae.
2208 2053 2514 2129 Accedit

272 2180 471 2277 quod
510 2181 607 2254 ob
648 2181 1135 2255 densissimas
1175 2181 1406 2255 silvas
1458 2180 2009 2278 altissimosque
2046 2189 2329 2256 montes
2368 2206 2514 2257 non

271 2308 488 2383 modo
531 2315 770 2400 noctu,
831 2309 964 2383 sed
1003 2310 1098 2383 ad
1129 2309 1441 2383 medium
1490 2331 1725 2405 usque
1785 2309 1949 2400 diei,
2009 2308 2326 2404 caligine
2348 2316 2513 2382 atra

256 2444 482 2532 atque
542 2435 962 2532 perniciosa
1047 2435 1370 2532 qnotidie
1449 2436 1878 2511 obducitur:
1953 2436 2138 2510 adeo
2218 2443 2298 2510 ut
2370 2412 2517 2533 pri-

258 2585 580 2660 usquam
630 2562 819 2636 bene
880 2562 1044 2659 quis
1102 2570 1450 2639 assvetus
1506 2563 1735 2638 fuerit
1793 2562 1902 2636 illi
1978 2563 2153 2655 a'eri,
2231 2567 2303 2637 et
2375 2561 2518 2635 nisi

258 2689 697 2783 diligentem
757 2689 1165 2763 custodiam
1239 2690 1352 2764 sui
1412 2690 1797 2779 habuerit,
1856 2691 2174 2766 evadere
2229 2689 2516 2789 pericu-

262 2818 411 2890 lum
454 2815 582 2887 vix
641 2815 934 2913 poterit.
992 2815 1509 2893 Ferdinandus
1569 2818 1641 2891 in
1694 2814 2077 2891 consilium
2142 2816 2516 2912 legatione

260 2939 754 3015 Hustensium
810 2938 1145 3034 adducta,
1223 2944 1536 3017 omnium
1596 2941 1890 3017 decreto
1942 2942 2513 3017 subveniendum

270 3088 445 3141 esse
485 3065 557 3139 ei
599 3066 783 3157 arci,·
816 3089 1008 3162 quae
1046 3068 1346 3142 maximi
1385 3076 1590 3143 esset
1610 3067 1801 3142 etad
1836 3068 2286 3165 praesidium
2324 3068 2518 3143 Mar-

268 3192 549 3267 matiae
572 3195 731 3281 (est
749 3193 939 3267 enim
962 3200 1183 3291 caput
1222 3196 1383 3289 ejus
1406 3190 1860 3292 provinciae)
1885 3202 1957 3269 et
1979 3195 2075 3269 ad
2113 3196 2374 3271 salium
2395 3218 2509 3269 re-

268 3319 469 3394 ditus
532 3321 899 3413 momenti,
946 3321 1312 3415 decernit3
1370 3322 1889 3397 Brandaisium
1926 3323 2353 3420 primarium
2410 3322 2510 3395 vi-

264 3470 421 3522 rum
444 3469 612 3521 cum
654 3449 1096 3524 auctoritate
1116 3451 1209 3525 ad
1233 3451 1633 3549 dissipatos
1655 3451 1925 3525 milites
1948 3450 2512 3546 congregandos

267 3573 529 3663 mittit,
570 3579 648 3647 et
680 3582 763 3649 ut
802 3575 1044 3650 Husto
1085 3577 1468 3676 suppetias
1527 3584 1737 3670 eant,
1785 3577 2038 3672 jubet3
2080 3599 2166 3650 ac
2205 3577 2515 3651 alterum

269 3700 691 3797 legatorum
729 3697 916 3776 haec
965 3702 1061 3775 ad
1117 3703 1471 3779 obsessos
1512 3704 1963 3795 renunciare,
2004 3706 2314 3779 alterum
2357 3726 2516 3777 eum

270 3824 726 3900 Brandaisio
767 3834 840 3901 et
877 3828 1151 3903 auxilio
1188 3828 1601 3926 proficisci,
1638 3828 1844 3904 illinc
1876 3852 2054 3903 vero
2094 3829 2189 3902 ad
2227 3830 2515 3903 solven-

265 3951 435 4025 dam
476 3950 938 4027 obsidionem
995 3954 1615 4031 Varadinensium
1660 3964 1740 4031 ut
1788 3957 2187 4031 exercitum
2237 3979 2520 4054 promo-

260 4085 509 4171 veant,
548 4080 744 4175 quod
781 4081 954 4155 item
994 4088 1067 4156 et
1105 4084 1768 4174 VaradinensibUS,
1810 4107 2114 4181 quorum
2153 4085 2375 4157 etiam
2412 4084 2514 4157 le-

262 4213 490 4302 gatus
528 4205 952 4299 advenerat,
994 4208 1508 4286 Ferdinandus
1548 4211 2024 4310 amplissimis
2062 4211 2314 4286 verbis
2353 4233 2519 4308 pro-

266 4333 512 4407 mittit.
572 4332 767 4407 Nam
825 4333 1077 4410 Simon
1132 4337 1481 4435 Forgach
1550 4339 1953 4427 nunciarat,
2020 4337 2083 4410 si
2139 4337 2521 4414 Varadino

272 4482 355 4536 se
417 4458 629 4533 exire
666 4460 1140 4556 permitteret.
1198 4487 1329 4537 ner
1383 4467 1711 4562 legatum
1762 4488 1844 4540 se
1901 4487 2143 4540 arcem
2181 4465 2370 4540 bene
2401 4463 2524 4539 de-

273 4587 686 4678 fensurum,
728 4595 801 4662 et
845 4611 1005 4663 cum
1045 4591 1397 4667 militibus
1421 4593 1781 4692 dispersis
1816 4593 1893 4667 in
1911 4616 2126 4669 unum
2166 4592 2520 4683 collectis,
