3293 5219
752 350 901 428 140

739 591 870 643 eos
907 569 1448 667 perterrendos,
1507 574 1583 642 et
1619 567 1685 640 si
1759 566 2117 663 possibile
2148 564 2265 655 sit,
2309 566 2526 642 etiam
2567 569 2791 665 plane
2849 566 2997 642 dis-

737 696 1163 789 turbandos3
1204 703 1594 792 postquam
1631 693 1831 790 circa
1868 694 2160 770 tertiam
2202 694 2527 790 vigiliam
2569 717 2712 768 non
2736 695 2997 793 procul

739 823 1170 916 abfuissent,
1207 819 1603 920 praegredi
1634 811 1922 919 ‘paucos
1944 843 2236 896 suorum
2250 823 2572 917 jussere,
2613 822 2736 919 qui
2781 845 3000 897 excu-

738 949 1016 1026 bitores
1055 957 1353 1026 nostros
1390 946 1866 1044 per'lingvae
1906 946 2420 1022 commercium
2461 928 2994 1044 societatisque

736 1099 997 1151 nomen
1034 1075 1401 1164 fallerent,
1460 1073 2037 1170 detinerentque,
2077 1073 2311 1147 donec
2346 1075 2571 1149 robur
2611 1074 2988 1150 exercitus

738 1201 1162 1292 adveniens,
1182 1200 1276 1276 iis
1315 1199 1701 1298 oppressis
1737 1199 2065 1296 reliquas
2105 1206 2402 1274 nostras
2442 1198 2701 1297 copias
2739 1199 2975 1298 inopi-

734 1339 908 1406 nato
947 1336 1154 1404 recta
1187 1328 1510 1403 invadat.
1571 1328 1735 1403 Nec
1771 1349 2160 1402 successus
2201 1325 2372 1401 dolo
2413 1326 2663 1401 defuit:
2706 1327 2984 1427 quippe

734 1457 1053 1555 profecti
1092 1479 1499 1532 sermonem
1536 1456 1731 1530 inter
1770 1476 1852 1530 se
1893 1478 1983 1529 ex
2025 1454 2434 1553 composito
2474 1453 2570 1529 ad
2608 1455 2990 1530 excubito-

734 1607 854 1659 res
872 1582 1388 1682 pervenientes
1408 1582 1734 1671 miscent,
1757 1580 1854 1653 ab
1875 1580 2138 1677 quibus
2180 1579 2495 1677 quaesiti
2533 1581 2991 1678 respondent

733 1711 1011 1804 dolose,
1054 1731 1136 1785 se
1174 1708 1410 1807 pridie
1449 1709 1541 1783 ad
1582 1706 2027 1806 carpendum
2065 1706 2384 1782 hostium
2425 1730 2689 1803 agmen
2730 1732 2824 1781 ex
2866 1732 2987 1783 ca-

733 1838 909 1913 stris
967 1837 1236 1912 missos
1292 1834 1585 1909 reverti.
1673 1835 1869 1909 Dum
1925 1834 2336 1930 loquuntur,
2375 1834 2662 1909 interea
2719 1834 2981 1932 copiae

733 1964 1060 2041 turcicae
1117 1986 1211 2039 ex
1273 1962 1672 2038 constituto
1729 1962 2373 2060 supervenientes,
2411 1961 2976 2058 impressionem

732 2092 805 2165 in
827 2090 1298 2188 excubitores
1338 2089 1635 2180 faciunt,
1669 2088 2094 2185 aliquotque
2135 2109 2384 2162 eorum
2404 2088 2665 2185 captis,
2688 2087 2977 2185 reliqui,

731 2216 996 2313 quibus
1035 2215 1273 2290 noctis
1311 2215 1731 2291 obscuritas
1762 2214 1859 2290 ad
1897 2213 2336 2289 elabendum
2374 2214 2797 2311 adjumento
2817 2214 2978 2302 fuit,

730 2342 1120 2442 praecipiti
1159 2366 1376 2420 cursu
1413 2342 1486 2417 in
1525 2349 1777 2418 castra
1813 2343 2178 2434 volantes,
2218 2340 2512 2415 Turcas
2554 2363 2820 2437 magno
2861 2365 2989 2417 nu-

731 2492 932 2546 mero
994 2470 1264 2546 adesse
1331 2468 1846 2558 vociferando,
1902 2494 2050 2546 non
2106 2491 2413 2567 parvum
2470 2468 2647 2543 totis
2705 2467 2983 2543 castris

731 2602 997 2672 metum
1054 2597 1518 2673 concitavere
1546 2622 1579 2689 ς,
1621 2598 1998 2692 augebant
2052 2595 2614 2695 trepidationem
2673 2601 2746 2672 et
2783 2604 2987 2671 tene-

742 2724 925 2799 brae
963 2725 1203 2799 noctis
1226 2732 1299 2799 et
1317 2724 1637 2800 hostium
1676 2724 1946 2805 circum
1985 2730 2236 2798 castra
2274 2726 2422 2797 alte
2452 2721 2790 2797 sublatus
2826 2726 2984 2798 ulu-

733 2851 951 2941 latus3
1013 2850 1465 2949 primumque
1528 2857 1780 2925 castra
1817 2849 1912 2923 ob
1954 2842 2266 2924 subitam
2307 2848 2978 2925 consternationem

743 2986 940 3051 mota
977 2979 1206 3072 fuere,
1248 2978 1681 3076 equitesque
1756 2977 2050 3052 bohemi
2089 2986 2164 3050 et
2202 2977 2535 3072 germani
2571 2998 2716 3051 non
2753 2976 2974 3073 pauci

726 3105 922 3179 inter
983 3100 1119 3178 hos
1177 3103 1534 3179 seminudi
1594 3099 1841 3201 (prout
1895 3102 2242 3177 videlicet
2334 3100 2641 3200 quilibet
2695 3102 2968 3200 raptim

728 3231 1055 3329 aliquam
1093 3230 1345 3323 usitati
1385 3231 1693 3306 amictus
1732 3237 2017 3329 partem
2041 3230 2333 3328 corpori
2372 3229 2670 3304 induere
2707 3224 2975 3326 potuit)

729 3357 940 3455 equis
982 3381 1022 3432 6
1078 3357 1399 3453 vestigio
1439 3356 1888 3447 conscensis,
1927 3357 2287 3453 reliquum
2329 3356 2564 3432 noctis
2604 3356 2980 3430 insomnes

733 3486 1167 3573 traduxere‚
1278 3485 1537 3581 ungari
1655 3484 2089 3583 corporibus
2163 3482 2517 3581 equisque
2593 3482 2978 3556 instructis

727 3612 953 3709 quieti
993 3588 1130 3711 per*
1163 3635 1515 3687 summum
1572 3611 1944 3685 silentium
1984 3609 2380 3685 diluculum
2419 3617 2971 3709 exspectarunt.

732 3738 1002 3815 Turcis
1060 3739 1317 3813 eadem
1372 3745 1587 3812 nocte
1625 3737 1721 3811 ad
1778 3739 2081 3813 bassam
2119 3738 2513 3834 regressis,
2551 3735 2785 3812 nostri
2825 3759 2973 3811 me-

728 3873 1039 3955 tuentes,
1106 3890 1196 3940 ne
1237 3889 1326 3940 ex
1369 3865 1958 3959 speculatoribus
1999 3866 2259 3964 captis,
2284 3873 2481 3940 statu
2520 3889 2761 3940 rerum
2805 3888 2973 3939 sua-

730 3965 889 4067 ru'in
929 3990 1247 4087 cognito,
1290 3991 1462 4088 quid
1517 3991 1889 4087 gravioris
1927 3992 2236 4090 periculi
2291 3992 2770 4070 incurrerent.
2807 3991 2966 4067 nul-

738 4117 885 4191 lam
949 4119 1094 4193 sibi
1155 4118 1250 4193 ad
1286 4119 1613 4215 reliquas
1652 4119 1906 4217 copias
1946 4119 2298 4194 redeundi
2325 4143 2604 4195 moram
2640 4119 2965 4217 interpo-

725 4244 1037 4320 nendam
1076 4252 1456 4339 putavere.
1496 4244 1681 4321 Post
1716 4245 1902 4320 haec
1938 4245 2269 4321 nunciati
2307 4270 2443 4344 pro
2486 4254 2687 4320 certo
2728 4245 2971 4343 coepit

729 4371 1253 4467 beglerbegum
1312 4371 1683 4469 superatis
1742 4369 2050 4447 Serviae
2127 4371 2391 4447 finibus
2416 4428 2432 4461 ,
2493 4371 2749 4449 Dravo
2809 4394 2967 4446 cum

729 4497 1221 4594 quadraginta
1238 4497 1603 4573 hominnm
1642 4499 1964 4574 millibus
2004 4499 2200 4574 circa
2238 4496 2665 4573 Seklusium
2706 4521 2966 4596 appro-

727 4621 1108 4723 pinquare,
1129 4627 1438 4721 ejusque
1460 4625 1840 4725 copiarum
1879 4625 2414 4723 antesignanos
2444 4625 2602 4723 jam
2642 4624 2739 4698 ad
2779 4624 2964 4699 Dra·
