<?xml version="1.0" encoding="UTF-8"?>
<!DOCTYPE html PUBLIC "-//W3C//DTD XHTML 1.0 Transitional//EN"
    "http://www.w3.org/TR/xhtml1/DTD/xhtml1-transitional.dtd">
<html xmlns="http://www.w3.org/1999/xhtml" xml:lang="en" lang="en">
 <head>
  <title>
</title>
<meta http-equiv="Content-Type" content="text/html;charset=utf-8" />
  <meta name='ocr-system' content='tesseract 3.04.00' />
  <meta name='ocr-capabilities' content='ocr_page ocr_carea ocr_par ocr_line ocrx_word'/>
</head>
<body>
  <div class='ocr_page' id='page_1' title='image "./magyarhistorija00bpgoog/magyarhistorija00bpgoog_0480.png"; bbox 0 0 3293 5219; ppageno 0'>
   <div class='ocr_carea' id='block_1_1' title="bbox 851 349 1009 426">
    <p class='ocr_par' dir='ltr' id='par_1_1' title="bbox 851 349 1009 426">
     <span class='ocr_line' id='line_1_1' title="bbox 851 349 1009 426; baseline 0.006 -1"><span class='ocrx_word' id='word_1_1' title='bbox 851 349 1009 426; x_wconf 82' lang='lat'>362</span> 
     </span>
    </p>
   </div>
   <div class='ocr_carea' id='block_1_2' title="bbox 842 564 3087 4699">
    <p class='ocr_par' dir='ltr' id='par_1_2' title="bbox 842 564 3087 4699">
     <span class='ocr_line' id='line_1_2' title="bbox 1068 564 3072 663; baseline -0.001 -22"><span class='ocrx_word' id='word_1_2' title='bbox 1068 564 1166 641; x_wconf 86' lang='lat' dir='ltr'>At</span> <span class='ocrx_word' id='word_1_3' title='bbox 1205 564 1574 641; x_wconf 83' lang='lat' dir='ltr'>Svendius</span> <span class='ocrx_word' id='word_1_4' title='bbox 1651 567 2024 659; x_wconf 83' lang='lat' dir='ltr'>siguificat</span> <span class='ocrx_word' id='word_1_5' title='bbox 2099 567 2371 655; x_wconf 32' lang='lat' dir='ltr'>nullu-m</span> <span class='ocrx_word' id='word_1_6' title='bbox 2450 573 2843 640; x_wconf 85' lang='lat' dir='ltr'>tractatum</span> <span class='ocrx_word' id='word_1_7' title='bbox 2881 566 3072 663; x_wconf 84' lang='lat' dir='ltr'>pacis</span> 
     </span>
     <span class='ocr_line' id='line_1_3' title="bbox 851 690 3074 790; baseline -0.001 -24"><span class='ocrx_word' id='word_1_8' title='bbox 851 693 1055 790; x_wconf 92' lang='lat' dir='ltr'>prius</span> <span class='ocrx_word' id='word_1_9' title='bbox 1098 715 1525 790; x_wconf 80' lang='lat' dir='ltr'><strong>processum</strong></span> <span class='ocrx_word' id='word_1_10' title='bbox 1566 692 1987 766; x_wconf 86' lang='lat' dir='ltr'>habiturum</span> <span class='ocrx_word' id='word_1_11' title='bbox 2047 715 2255 780; x_wconf 73' lang='lat' dir='ltr'>esse,</span> <span class='ocrx_word' id='word_1_12' title='bbox 2318 716 2532 787; x_wconf 90' lang='lat' dir='ltr'>quam</span> <span class='ocrx_word' id='word_1_13' title='bbox 2592 693 2655 765; x_wconf 89' lang='lat' dir='ltr'>si</span> <span class='ocrx_word' id='word_1_14' title='bbox 2718 690 3074 766; x_wconf 82' lang='lat' dir='ltr'>Munkaci-</span> 
     </span>
     <span class='ocr_line' id='line_1_4' title="bbox 853 816 3077 916; baseline -0.002 -22"><span class='ocrx_word' id='word_1_15' title='bbox 853 844 967 894; x_wconf 91' lang='lat' dir='ltr'>um</span> <span class='ocrx_word' id='word_1_16' title='bbox 1040 828 1113 893; x_wconf 90' lang='lat' dir='ltr'>et</span> <span class='ocrx_word' id='word_1_17' title='bbox 1169 819 1488 894; x_wconf 87' lang='lat' dir='ltr'>Huztum</span> <span class='ocrx_word' id='word_1_18' title='bbox 1546 844 1638 893; x_wconf 82' lang='lat' dir='ltr'>ex</span> <span class='ocrx_word' id='word_1_19' title='bbox 1697 818 1935 916; x_wconf 89' lang='lat' dir='ltr'>pactis</span> <span class='ocrx_word' id='word_1_20' title='bbox 1994 816 2352 914; x_wconf 84' lang='lat' dir='ltr'>Stephani</span> <span class='ocrx_word' id='word_1_21' title='bbox 2413 818 2715 891; x_wconf 87' lang='lat' dir='ltr'>Batoris</span> <span class='ocrx_word' id='word_1_22' title='bbox 2773 827 2937 892; x_wconf 89' lang='lat' dir='ltr'>ante</span> <span class='ocrx_word' id='word_1_23' title='bbox 2987 818 3077 890; x_wconf 90' lang='lat' dir='ltr'>bi-</span> 
     </span>
     <span class='ocr_line' id='line_1_5' title="bbox 855 941 3081 1038; baseline -0 -19"><span class='ocrx_word' id='word_1_24' title='bbox 855 945 1143 1019; x_wconf 87' lang='lat' dir='ltr'>ennium</span> <span class='ocrx_word' id='word_1_25' title='bbox 1182 944 1490 1038; x_wconf 87' lang='lat' dir='ltr'>agitatis</span> <span class='ocrx_word' id='word_1_26' title='bbox 1529 944 2014 1018; x_wconf 80' lang='lat' dir='ltr'><strong>traderentur.</strong></span> <span class='ocrx_word' id='word_1_27' title='bbox 2039 941 2342 1017; x_wconf 84' lang='lat' dir='ltr'>Salvum</span> <span class='ocrx_word' id='word_1_28' title='bbox 2369 943 2804 1018; x_wconf 90' lang='lat' dir='ltr'>conductum</span> <span class='ocrx_word' id='word_1_29' title='bbox 2841 968 2918 1018; x_wconf 91' lang='lat' dir='ltr'>se</span> <span class='ocrx_word' id='word_1_30' title='bbox 2939 945 3081 1018; x_wconf 87' lang='lat' dir='ltr'>mit·</span> 
     </span>
     <span class='ocr_line' id='line_1_6' title="bbox 850 1070 3082 1169; baseline -0 -24"><span class='ocrx_word' id='word_1_31' title='bbox 850 1079 1010 1145; x_wconf 91' lang='lat' dir='ltr'>tere</span> <span class='ocrx_word' id='word_1_32' title='bbox 1066 1095 1200 1169; x_wconf 90' lang='lat' dir='ltr'>pro</span> <span class='ocrx_word' id='word_1_33' title='bbox 1258 1070 1716 1162; x_wconf 53' lang='lat' dir='ltr'>oratoribus„</span> <span class='ocrx_word' id='word_1_34' title='bbox 1757 1070 2229 1144; x_wconf 88' lang='lat' dir='ltr'>nihilominus</span> <span class='ocrx_word' id='word_1_35' title='bbox 2285 1092 2520 1165; x_wconf 90' lang='lat' dir='ltr'>neque</span> <span class='ocrx_word' id='word_1_36' title='bbox 2599 1072 2697 1144; x_wconf 88' lang='lat' dir='ltr'>ab</span> <span class='ocrx_word' id='word_1_37' title='bbox 2784 1070 3082 1145; x_wconf 87' lang='lat' dir='ltr'>Mucacii</span> 
     </span>
     <span class='ocr_line' id='line_1_7' title="bbox 851 1195 3075 1295; baseline 0.002 -23"><span class='ocrx_word' id='word_1_38' title='bbox 851 1195 1402 1295; x_wconf 79' lang='lat' dir='ltr'>oppugnatione</span> <span class='ocrx_word' id='word_1_39' title='bbox 1478 1196 1931 1285; x_wconf 73' lang='lat' dir='ltr'>destiturum.</span> <span class='ocrx_word' id='word_1_40' title='bbox 1984 1218 2222 1292; x_wconf 89' lang='lat' dir='ltr'>neque</span> <span class='ocrx_word' id='word_1_41' title='bbox 2297 1218 2505 1270; x_wconf 89' lang='lat' dir='ltr'>arma</span> <span class='ocrx_word' id='word_1_42' title='bbox 2561 1205 3075 1276; x_wconf 80' lang='lat' dir='ltr'>revocaturum.</span> 
     </span>
     <span class='ocr_line' id='line_1_8' title="bbox 861 1321 3073 1420; baseline -0.001 -24"><span class='ocrx_word' id='word_1_43' title='bbox 861 1324 1095 1398; x_wconf 88' lang='lat' dir='ltr'>donec</span> <span class='ocrx_word' id='word_1_44' title='bbox 1131 1321 1544 1420; x_wconf 89' lang='lat' dir='ltr'>pacificatio</span> <span class='ocrx_word' id='word_1_45' title='bbox 1584 1322 1751 1419; x_wconf 89' lang='lat' dir='ltr'>ipsa</span> <span class='ocrx_word' id='word_1_46' title='bbox 1787 1324 2008 1419; x_wconf 87' lang='lat' dir='ltr'>plane</span> <span class='ocrx_word' id='word_1_47' title='bbox 2030 1322 2366 1395; x_wconf 88' lang='lat' dir='ltr'>confecta</span> <span class='ocrx_word' id='word_1_48' title='bbox 2385 1322 2608 1397; x_wconf 88' lang='lat' dir='ltr'>fuerit</span> <span class='ocrx_word' id='word_1_49' title='bbox 2646 1322 3073 1420; x_wconf 82' lang='lat' dir='ltr'>interipsum</span> 
     </span>
     <span class='ocr_line' id='line_1_9' title="bbox 855 1448 3086 1545; baseline -0.001 -21"><span class='ocrx_word' id='word_1_50' title='bbox 855 1456 1078 1544; x_wconf 88' lang='lat' dir='ltr'>atque</span> <span class='ocrx_word' id='word_1_51' title='bbox 1118 1471 1538 1542; x_wconf 83' lang='lat' dir='ltr'>caesarem3</span> <span class='ocrx_word' id='word_1_52' title='bbox 1615 1456 1689 1522; x_wconf 89' lang='lat' dir='ltr'>et</span> <span class='ocrx_word' id='word_1_53' title='bbox 1726 1448 1974 1522; x_wconf 88' lang='lat' dir='ltr'>statim</span> <span class='ocrx_word' id='word_1_54' title='bbox 2067 1448 2484 1522; x_wconf 88' lang='lat' dir='ltr'>Mucacinm</span> <span class='ocrx_word' id='word_1_55' title='bbox 2546 1456 3086 1545; x_wconf 78' lang='lat' dir='ltr'>oppugnaturus</span> 
     </span>
     <span class='ocr_line' id='line_1_10' title="bbox 859 1571 3087 1672; baseline -0.001 -23"><span class='ocrx_word' id='word_1_56' title='bbox 859 1599 1019 1650; x_wconf 92' lang='lat' dir='ltr'>cum</span> <span class='ocrx_word' id='word_1_57' title='bbox 1058 1573 1597 1672; x_wconf 78' lang='lat' dir='ltr'>impedimentis</span> <span class='ocrx_word' id='word_1_58' title='bbox 1639 1571 2010 1647; x_wconf 84' lang='lat' dir='ltr'>Oassovia</span> <span class='ocrx_word' id='word_1_59' title='bbox 2048 1573 2383 1648; x_wconf 83' lang='lat' dir='ltr'>discedit.</span> <span class='ocrx_word' id='word_1_60' title='bbox 2444 1573 2563 1647; x_wconf 88' lang='lat' dir='ltr'>Ad</span> <span class='ocrx_word' id='word_1_61' title='bbox 2601 1573 2791 1648; x_wconf 88' lang='lat' dir='ltr'>haec</span> <span class='ocrx_word' id='word_1_62' title='bbox 2828 1573 3087 1650; x_wconf 84' lang='lat' dir='ltr'>Johan-</span> 
     </span>
     <span class='ocr_line' id='line_1_11' title="bbox 860 1695 3086 1797; baseline 0 -23"><span class='ocrx_word' id='word_1_63' title='bbox 860 1725 991 1776; x_wconf 86' lang='lat' dir='ltr'>nes</span> <span class='ocrx_word' id='word_1_64' title='bbox 1030 1699 1211 1774; x_wconf 92' lang='lat' dir='ltr'>nihil</span> <span class='ocrx_word' id='word_1_65' title='bbox 1249 1699 1670 1797; x_wconf 87' lang='lat' dir='ltr'>respondet.</span> <span class='ocrx_word' id='word_1_66' title='bbox 1713 1697 1863 1773; x_wconf 88' lang='lat' dir='ltr'>Sed</span> <span class='ocrx_word' id='word_1_67' title='bbox 1915 1695 2223 1797; x_wconf 80' lang='lat' dir='ltr'>Gaspar</span> <span class='ocrx_word' id='word_1_68' title='bbox 2257 1700 2658 1775; x_wconf 86' lang='lat' dir='ltr'>Becessius</span> <span class='ocrx_word' id='word_1_69' title='bbox 2699 1723 2791 1774; x_wconf 79' lang='lat' dir='ltr'>ex</span> <span class='ocrx_word' id='word_1_70' title='bbox 2833 1699 3086 1774; x_wconf 86' lang='lat' dir='ltr'>intimis</span> 
     </span>
     <span class='ocr_line' id='line_1_12' title="bbox 858 1824 3078 1923; baseline -0 -22"><span class='ocrx_word' id='word_1_71' title='bbox 858 1826 1187 1901; x_wconf 86' lang='lat' dir='ltr'>consiliis</span> <span class='ocrx_word' id='word_1_72' title='bbox 1228 1825 1322 1899; x_wconf 88' lang='lat' dir='ltr'>ad</span> <span class='ocrx_word' id='word_1_73' title='bbox 1364 1824 1814 1921; x_wconf 88' lang='lat' dir='ltr'>Forgacium</span> <span class='ocrx_word' id='word_1_74' title='bbox 1853 1826 2147 1900; x_wconf 89' lang='lat' dir='ltr'>litteras</span> <span class='ocrx_word' id='word_1_75' title='bbox 2188 1825 2345 1914; x_wconf 90' lang='lat' dir='ltr'>dat,</span> <span class='ocrx_word' id='word_1_76' title='bbox 2402 1826 2671 1921; x_wconf 86' lang='lat' dir='ltr'>quibus</span> <span class='ocrx_word' id='word_1_77' title='bbox 2709 1826 3078 1923; x_wconf 74' lang='lat' dir='ltr'>significat</span> 
     </span>
     <span class='ocr_line' id='line_1_13' title="bbox 861 1949 3086 2051; baseline -0.001 -23"><span class='ocrx_word' id='word_1_78' title='bbox 861 1954 925 2029; x_wconf 89' lang='lat' dir='ltr'>si</span> <span class='ocrx_word' id='word_1_79' title='bbox 981 1959 1383 2051; x_wconf 86' lang='lat' dir='ltr'>pergerent.</span> <span class='ocrx_word' id='word_1_80' title='bbox 1439 1975 1648 2025; x_wconf 87' lang='lat' dir='ltr'>arma</span> <span class='ocrx_word' id='word_1_81' title='bbox 1700 1952 1995 2045; x_wconf 88' lang='lat' dir='ltr'>inferre,</span> <span class='ocrx_word' id='word_1_82' title='bbox 2058 1950 2483 2026; x_wconf 87' lang='lat' dir='ltr'>effecturum</span> <span class='ocrx_word' id='word_1_83' title='bbox 2520 1953 2572 2028; x_wconf 80' lang='lat' dir='ltr'>J</span> <span class='ocrx_word' id='word_1_84' title='bbox 2577 1949 2958 2043; x_wconf 86' lang='lat' dir='ltr'>ohannem,</span> <span class='ocrx_word' id='word_1_85' title='bbox 3020 1960 3086 2026; x_wconf 90' lang='lat' dir='ltr'>ut</span> 
     </span>
     <span class='ocr_line' id='line_1_14' title="bbox 858 2079 3080 2178; baseline -0.001 -24"><span class='ocrx_word' id='word_1_86' title='bbox 858 2080 1068 2154; x_wconf 87' lang='lat' dir='ltr'>brevi</span> <span class='ocrx_word' id='word_1_87' title='bbox 1106 2080 1314 2176; x_wconf 89' lang='lat' dir='ltr'>ipsos</span> <span class='ocrx_word' id='word_1_88' title='bbox 1338 2079 1664 2175; x_wconf 87' lang='lat' dir='ltr'>suscepti</span> <span class='ocrx_word' id='word_1_89' title='bbox 1684 2080 1885 2171; x_wconf 90' lang='lat' dir='ltr'>belli,</span> <span class='ocrx_word' id='word_1_90' title='bbox 1912 2079 2520 2175; x_wconf 88' lang='lat' dir='ltr'>quemadmodum</span> <span class='ocrx_word' id='word_1_91' title='bbox 2545 2079 2763 2172; x_wconf 79' lang='lat' dir='ltr'>alias,</span> <span class='ocrx_word' id='word_1_92' title='bbox 2784 2079 3080 2178; x_wconf 88' lang='lat' dir='ltr'>poenite·</span> 
     </span>
     <span class='ocr_line' id='line_1_15' title="bbox 858 2180 3075 2295; baseline -0.002 -15"><span class='ocrx_word' id='word_1_93' title='bbox 858 2214 991 2280; x_wconf 90' lang='lat' dir='ltr'>ret.</span> <span class='ocrx_word' id='word_1_94' title='bbox 1087 2204 1365 2295; x_wconf 83' lang='lat' dir='ltr'>Quodsi</span> <span class='ocrx_word' id='word_1_95' title='bbox 1445 2201 1810 2277; x_wconf 85' lang='lat' dir='ltr'>Sveudius</span> <span class='ocrx_word' id='word_1_96' title='bbox 1868 2180 2067 2278; x_wconf 75' lang='lat' dir='ltr'>intra</span> <span class='ocrx_word' id='word_1_97' title='bbox 2123 2202 2310 2280; x_wconf 88' lang='lat' dir='ltr'>hanc</span> <span class='ocrx_word' id='word_1_98' title='bbox 2388 2204 2775 2279; x_wconf 79' lang='lat' dir='ltr'>victoriam</span> <span class='ocrx_word' id='word_1_99' title='bbox 2851 2204 3075 2279; x_wconf 84' lang='lat' dir='ltr'>stetis-</span> 
     </span>
     <span class='ocr_line' id='line_1_16' title="bbox 862 2329 3078 2428; baseline -0.002 -23"><span class='ocrx_word' id='word_1_100' title='bbox 862 2340 996 2424; x_wconf 84' lang='lat' dir='ltr'>set,</span> <span class='ocrx_word' id='word_1_101' title='bbox 1055 2330 1411 2404; x_wconf 86' lang='lat' dir='ltr'>moderati</span> <span class='ocrx_word' id='word_1_102' title='bbox 1452 2329 1661 2405; x_wconf 88' lang='lat' dir='ltr'>ducis</span> <span class='ocrx_word' id='word_1_103' title='bbox 1715 2353 1977 2405; x_wconf 90' lang='lat' dir='ltr'>nomen</span> <span class='ocrx_word' id='word_1_104' title='bbox 2035 2331 2356 2405; x_wconf 88' lang='lat' dir='ltr'>retinere</span> <span class='ocrx_word' id='word_1_105' title='bbox 2395 2337 2727 2428; x_wconf 82' lang='lat' dir='ltr'>poterat3</span> <span class='ocrx_word' id='word_1_106' title='bbox 2770 2330 2899 2403; x_wconf 87' lang='lat' dir='ltr'>sed</span> <span class='ocrx_word' id='word_1_107' title='bbox 2936 2330 3078 2404; x_wconf 89' lang='lat' dir='ltr'>dum</span> 
     </span>
     <span class='ocr_line' id='line_1_17' title="bbox 862 2454 3077 2553; baseline -0.003 -21"><span class='ocrx_word' id='word_1_108' title='bbox 862 2459 1087 2532; x_wconf 92' lang='lat' dir='ltr'>multo</span> <span class='ocrx_word' id='word_1_109' title='bbox 1144 2459 1427 2553; x_wconf 84' lang='lat' dir='ltr'>majora</span> <span class='ocrx_word' id='word_1_110' title='bbox 1485 2479 1715 2553; x_wconf 89' lang='lat' dir='ltr'>supra</span> <span class='ocrx_word' id='word_1_111' title='bbox 1755 2456 1953 2529; x_wconf 89' lang='lat' dir='ltr'>vires</span> <span class='ocrx_word' id='word_1_112' title='bbox 2012 2456 2286 2547; x_wconf 87' lang='lat' dir='ltr'>nititur,</span> <span class='ocrx_word' id='word_1_113' title='bbox 2337 2478 2596 2551; x_wconf 89' lang='lat' dir='ltr'>parum</span> <span class='ocrx_word' id='word_1_114' title='bbox 2637 2454 2893 2543; x_wconf 82' lang='lat' dir='ltr'>abfuit,</span> <span class='ocrx_word' id='word_1_115' title='bbox 2931 2454 3077 2550; x_wconf 89' lang='lat' dir='ltr'>quin</span> 
     </span>
     <span class='ocr_line' id='line_1_18' title="bbox 860 2578 3080 2688; baseline -0.003 -30"><span class='ocrx_word' id='word_1_116' title='bbox 860 2584 1000 2659; x_wconf 86' lang='lat' dir='ltr'>hoc</span> <span class='ocrx_word' id='word_1_117' title='bbox 1037 2583 1542 2688; x_wconf 80' lang='lat' dir='ltr'>qualecunque</span> <span class='ocrx_word' id='word_1_118' title='bbox 1579 2580 1858 2655; x_wconf 88' lang='lat' dir='ltr'>lucrum</span> <span class='ocrx_word' id='word_1_119' title='bbox 1900 2580 2297 2654; x_wconf 86' lang='lat' dir='ltr'>amissione</span> <span class='ocrx_word' id='word_1_120' title='bbox 2317 2579 2531 2654; x_wconf 86' lang='lat' dir='ltr'>unius</span> <span class='ocrx_word' id='word_1_121' title='bbox 2571 2578 2809 2676; x_wconf 71' lang='lat' dir='ltr'>regni,</span> <span class='ocrx_word' id='word_1_122' title='bbox 2848 2578 3080 2676; x_wconf 89' lang='lat' dir='ltr'>impro-</span> 
     </span>
     <span class='ocr_line' id='line_1_19' title="bbox 864 2705 3078 2804; baseline -0.003 -22"><span class='ocrx_word' id='word_1_123' title='bbox 864 2707 1193 2782; x_wconf 85' lang='lat' dir='ltr'>vidorum</span> <span class='ocrx_word' id='word_1_124' title='bbox 1234 2709 1491 2781; x_wconf 90' lang='lat' dir='ltr'>ducum</span> <span class='ocrx_word' id='word_1_125' title='bbox 1532 2729 1734 2780; x_wconf 92' lang='lat' dir='ltr'>more</span> <span class='ocrx_word' id='word_1_126' title='bbox 1775 2715 2291 2804; x_wconf 79' lang='lat' dir='ltr'>compensaret</span> <span class='ocrx_word' id='word_1_127' title='bbox 2332 2764 2345 2797; x_wconf 83' lang='lat'><strong>‚</strong></span> <span class='ocrx_word' id='word_1_128' title='bbox 2430 2727 2614 2802; x_wconf 83' lang='lat' dir='ltr'>quos</span> <span class='ocrx_word' id='word_1_129' title='bbox 2668 2705 2836 2779; x_wconf 90' lang='lat' dir='ltr'>dum</span> <span class='ocrx_word' id='word_1_130' title='bbox 2874 2727 3078 2802; x_wconf 79' lang='lat' dir='ltr'>parva</span> 
     </span>
     <span class='ocr_line' id='line_1_20' title="bbox 864 2830 3080 2927; baseline -0.002 -20"><span class='ocrx_word' id='word_1_131' title='bbox 864 2832 1362 2907; x_wconf 80' lang='lat' dir='ltr'>emolumenta·</span> <span class='ocrx_word' id='word_1_132' title='bbox 1392 2831 1732 2920; x_wconf 80' lang='lat' dir='ltr'>maximis</span> <span class='ocrx_word' id='word_1_133' title='bbox 1771 2830 2258 2906; x_wconf 81' lang='lat' dir='ltr'>incommodis</span> <span class='ocrx_word' id='word_1_134' title='bbox 2298 2836 2699 2921; x_wconf 86' lang='lat' dir='ltr'>sectantur,</span> <span class='ocrx_word' id='word_1_135' title='bbox 2740 2830 3080 2927; x_wconf 86' lang='lat' dir='ltr'>poeniten·</span> 
     </span>
     <span class='ocr_line' id='line_1_21' title="bbox 842 2955 3080 3052; baseline 0.001 -18"><span class='ocrx_word' id='word_1_136' title='bbox 842 2959 966 3046; x_wconf 73' lang='lat' dir='ltr'>¹tia</span> <span class='ocrx_word' id='word_1_137' title='bbox 1014 2965 1277 3031; x_wconf 89' lang='lat' dir='ltr'>manet.</span> <span class='ocrx_word' id='word_1_138' title='bbox 1336 2956 1423 3031; x_wconf 93' lang='lat' dir='ltr'>Id</span> <span class='ocrx_word' id='word_1_139' title='bbox 1462 2957 1657 3052; x_wconf 92' lang='lat' dir='ltr'>quod</span> <span class='ocrx_word' id='word_1_140' title='bbox 1693 2956 2051 3031; x_wconf 88' lang='lat' dir='ltr'>hactenus</span> <span class='ocrx_word' id='word_1_141' title='bbox 2091 2957 2340 3031; x_wconf 88' lang='lat' dir='ltr'>nescio</span> <span class='ocrx_word' id='word_1_142' title='bbox 2434 2978 2598 3052; x_wconf 81' lang='lat' dir='ltr'>quc,</span> <span class='ocrx_word' id='word_1_143' title='bbox 2639 2955 2800 3029; x_wconf 88' lang='lat' dir='ltr'>sive</span> <span class='ocrx_word' id='word_1_144' title='bbox 2839 2965 3080 3036; x_wconf 67' lang='lat' dir='ltr'>nostro,</span> 
     </span>
     <span class='ocr_line' id='line_1_22' title="bbox 870 3079 3079 3180; baseline -0.004 -20"><span class='ocrx_word' id='word_1_145' title='bbox 870 3085 1029 3160; x_wconf 89' lang='lat' dir='ltr'>sive</span> <span class='ocrx_word' id='word_1_146' title='bbox 1067 3083 1268 3157; x_wconf 91' lang='lat' dir='ltr'>illius</span> <span class='ocrx_word' id='word_1_147' title='bbox 1309 3083 1554 3179; x_wconf 90' lang='lat' dir='ltr'>gentis</span> <span class='ocrx_word' id='word_1_148' title='bbox 1594 3084 1788 3156; x_wconf 89' lang='lat' dir='ltr'>malo</span> <span class='ocrx_word' id='word_1_149' title='bbox 1847 3083 2097 3180; x_wconf 89' lang='lat' dir='ltr'>aliquo</span> <span class='ocrx_word' id='word_1_150' title='bbox 2135 3084 2293 3157; x_wconf 88' lang='lat' dir='ltr'>fato</span> <span class='ocrx_word' id='word_1_151' title='bbox 2332 3081 2630 3156; x_wconf 89' lang='lat' dir='ltr'>evenire</span> <span class='ocrx_word' id='word_1_152' title='bbox 2670 3104 2958 3180; x_wconf 87' lang='lat' dir='ltr'>semper</span> <span class='ocrx_word' id='word_1_153' title='bbox 2989 3079 3079 3151; x_wconf 90' lang='lat' dir='ltr'>vi-</span> 
     </span>
     <span class='ocr_line' id='line_1_23' title="bbox 864 3204 3083 3306; baseline -0.004 -22"><span class='ocrx_word' id='word_1_154' title='bbox 864 3210 1142 3304; x_wconf 89' lang='lat' dir='ltr'>dimus;</span> <span class='ocrx_word' id='word_1_155' title='bbox 1201 3216 1274 3282; x_wconf 92' lang='lat' dir='ltr'>et</span> <span class='ocrx_word' id='word_1_156' title='bbox 1317 3211 1473 3306; x_wconf 90' lang='lat' dir='ltr'>jam</span> <span class='ocrx_word' id='word_1_157' title='bbox 1550 3208 2073 3306; x_wconf 88' lang='lat' dir='ltr'>propemodum</span> <span class='ocrx_word' id='word_1_158' title='bbox 2131 3207 2496 3305; x_wconf 81' lang='lat' dir='ltr'>supremis</span> <span class='ocrx_word' id='word_1_159' title='bbox 2573 3206 2848 3282; x_wconf 82' lang='lat' dir='ltr'>nostris</span> <span class='ocrx_word' id='word_1_160' title='bbox 2903 3204 3083 3280; x_wconf 81' lang='lat' dir='ltr'>malis</span> 
     </span>
     <span class='ocr_line' id='line_1_24' title="bbox 878 3332 3083 3433; baseline -0.004 -21"><span class='ocrx_word' id='word_1_161' title='bbox 878 3337 1406 3432; x_wconf 88' lang='lat' dir='ltr'>funeribusque</span> <span class='ocrx_word' id='word_1_162' title='bbox 1465 3335 1753 3433; x_wconf 84' lang='lat' dir='ltr'>experti</span> <span class='ocrx_word' id='word_1_163' title='bbox 1812 3357 2083 3410; x_wconf 89' lang='lat' dir='ltr'>sumus.</span> <span class='ocrx_word' id='word_1_164' title='bbox 2180 3334 2422 3429; x_wconf 86' lang='lat' dir='ltr'>Igitur</span> <span class='ocrx_word' id='word_1_165' title='bbox 2495 3332 2863 3409; x_wconf 88' lang='lat' dir='ltr'>Svendius</span> <span class='ocrx_word' id='word_1_166' title='bbox 2935 3332 3083 3406; x_wconf 86' lang='lat' dir='ltr'>For-</span> 
     </span>
     <span class='ocr_line' id='line_1_25' title="bbox 873 3451 3082 3560; baseline -0.003 -23"><span class='ocrx_word' id='word_1_167' title='bbox 873 3463 1164 3560; x_wconf 87' lang='lat' dir='ltr'>gacium</span> <span class='ocrx_word' id='word_1_168' title='bbox 1223 3485 1379 3535; x_wconf 86' lang='lat' dir='ltr'>cum</span> <span class='ocrx_word' id='word_1_169' title='bbox 1420 3451 1761 3557; x_wconf 84' lang='lat' dir='ltr'>Ungaris</span> <span class='ocrx_word' id='word_1_170' title='bbox 1798 3461 2241 3559; x_wconf 86' lang='lat' dir='ltr'>praemittit,</span> <span class='ocrx_word' id='word_1_171' title='bbox 2318 3468 2398 3535; x_wconf 89' lang='lat' dir='ltr'>ut</span> <span class='ocrx_word' id='word_1_172' title='bbox 2455 3469 2811 3557; x_wconf 87' lang='lat' dir='ltr'>occupato</span> <span class='ocrx_word' id='word_1_173' title='bbox 2851 3457 3082 3558; x_wconf 87' lang='lat' dir='ltr'>oppido</span> 
     </span>
     <span class='ocr_line' id='line_1_26' title="bbox 874 3585 3083 3690; baseline -0.003 -26"><span class='ocrx_word' id='word_1_174' title='bbox 874 3589 1285 3690; x_wconf 81' lang='lat' dir='ltr'>provideat,</span> <span class='ocrx_word' id='word_1_175' title='bbox 1345 3611 1437 3661; x_wconf 89' lang='lat' dir='ltr'>ue</span> <span class='ocrx_word' id='word_1_176' title='bbox 1495 3587 1590 3661; x_wconf 90' lang='lat' dir='ltr'>ab</span> <span class='ocrx_word' id='word_1_177' title='bbox 1633 3610 1806 3661; x_wconf 87' lang='lat' dir='ltr'>arce</span> <span class='ocrx_word' id='word_1_178' title='bbox 1844 3587 2041 3684; x_wconf 89' lang='lat' dir='ltr'>ignis</span> <span class='ocrx_word' id='word_1_179' title='bbox 2082 3588 2155 3662; x_wconf 92' lang='lat' dir='ltr'>in</span> <span class='ocrx_word' id='word_1_180' title='bbox 2196 3585 2377 3661; x_wconf 91' lang='lat' dir='ltr'>illud</span> <span class='ocrx_word' id='word_1_181' title='bbox 2417 3586 2867 3683; x_wconf 80' lang='lat' dir='ltr'>injiceretur,</span> <span class='ocrx_word' id='word_1_182' title='bbox 2908 3605 3083 3685; x_wconf 87' lang='lat' dir='ltr'>pons·</span> 
     </span>
     <span class='ocr_line' id='line_1_27' title="bbox 877 3708 3076 3812; baseline -0.004 -21"><span class='ocrx_word' id='word_1_183' title='bbox 877 3739 1018 3812; x_wconf 86' lang='lat' dir='ltr'>que</span> <span class='ocrx_word' id='word_1_184' title='bbox 1095 3715 1191 3789; x_wconf 90' lang='lat' dir='ltr'>ad</span> <span class='ocrx_word' id='word_1_185' title='bbox 1263 3713 1664 3789; x_wconf 87' lang='lat' dir='ltr'>Latorzam</span> <span class='ocrx_word' id='word_1_186' title='bbox 1739 3713 2009 3789; x_wconf 90' lang='lat' dir='ltr'>flumen</span> <span class='ocrx_word' id='word_1_187' title='bbox 2080 3716 2371 3810; x_wconf 87' lang='lat' dir='ltr'>integer</span> <span class='ocrx_word' id='word_1_188' title='bbox 2447 3720 2917 3807; x_wconf 78' lang='lat' dir='ltr'>servaretur3</span> <span class='ocrx_word' id='word_1_189' title='bbox 2983 3708 3076 3806; x_wconf 90' lang='lat' dir='ltr'>qui</span> 
     </span>
     <span class='ocr_line' id='line_1_28' title="bbox 869 3839 3074 3940; baseline -0.004 -23"><span class='ocrx_word' id='word_1_190' title='bbox 869 3842 935 3916; x_wconf 89' lang='lat' dir='ltr'>si</span> <span class='ocrx_word' id='word_1_191' title='bbox 973 3850 1456 3938; x_wconf 90' lang='lat' dir='ltr'>rumperetur,</span> <span class='ocrx_word' id='word_1_192' title='bbox 1517 3839 1844 3916; x_wconf 85' lang='lat' dir='ltr'>difficilis</span> <span class='ocrx_word' id='word_1_193' title='bbox 1886 3842 1981 3916; x_wconf 95' lang='lat' dir='ltr'>ad</span> <span class='ocrx_word' id='word_1_194' title='bbox 2022 3841 2368 3940; x_wconf 90' lang='lat' dir='ltr'>oppidum</span> <span class='ocrx_word' id='word_1_195' title='bbox 2408 3862 2761 3915; x_wconf 86' lang='lat' dir='ltr'>accessus</span> <span class='ocrx_word' id='word_1_196' title='bbox 2802 3843 3074 3938; x_wconf 69' lang='lat' dir='ltr'>pateret,</span> 
     </span>
     <span class='ocr_line' id='line_1_29' title="bbox 875 3964 3080 4064; baseline -0.004 -21"><span class='ocrx_word' id='word_1_197' title='bbox 875 3975 1002 4044; x_wconf 90' lang='lat' dir='ltr'>aut</span> <span class='ocrx_word' id='word_1_198' title='bbox 1056 3968 1359 4043; x_wconf 89' lang='lat' dir='ltr'>refectio</span> <span class='ocrx_word' id='word_1_199' title='bbox 1418 3975 1729 4043; x_wconf 89' lang='lat' dir='ltr'>conatus</span> <span class='ocrx_word' id='word_1_200' title='bbox 1788 3990 2038 4043; x_wconf 90' lang='lat' dir='ltr'>eorum</span> <span class='ocrx_word' id='word_1_201' title='bbox 2095 3967 2529 4043; x_wconf 87' lang='lat' dir='ltr'>retardaret.</span> <span class='ocrx_word' id='word_1_202' title='bbox 2586 3965 2773 4040; x_wconf 89' lang='lat' dir='ltr'>Post</span> <span class='ocrx_word' id='word_1_203' title='bbox 2809 3964 3080 4064; x_wconf 87' lang='lat' dir='ltr'>ipsemet</span> 
     </span>
     <span class='ocr_line' id='line_1_30' title="bbox 867 4090 3083 4181; baseline -0.005 -11"><span class='ocrx_word' id='word_1_204' title='bbox 867 4093 1274 4170; x_wconf 87' lang='lat' dir='ltr'>succedens</span> <span class='ocrx_word' id='word_1_205' title='bbox 1296 4094 1549 4170; x_wconf 90' lang='lat' dir='ltr'>XVII.</span> <span class='ocrx_word' id='word_1_206' title='bbox 1598 4094 1994 4169; x_wconf 86' lang='lat' dir='ltr'>Februarii</span> <span class='ocrx_word' id='word_1_207' title='bbox 2035 4095 2172 4169; x_wconf 88' lang='lat' dir='ltr'>sub</span> <span class='ocrx_word' id='word_1_208' title='bbox 2213 4100 2533 4168; x_wconf 85' lang='lat' dir='ltr'>castrum</span> <span class='ocrx_word' id='word_1_209' title='bbox 2609 4090 2942 4181; x_wconf 82' lang='lat' dir='ltr'>Mucach,</span> <span class='ocrx_word' id='word_1_210' title='bbox 2975 4096 3083 4161; x_wconf 88' lang='lat' dir='ltr'>tor·</span> 
     </span>
     <span class='ocr_line' id='line_1_31' title="bbox 873 4216 3082 4318; baseline -0.005 -23"><span class='ocrx_word' id='word_1_211' title='bbox 873 4221 1138 4295; x_wconf 90' lang='lat' dir='ltr'>mentis</span> <span class='ocrx_word' id='word_1_212' title='bbox 1179 4217 1564 4295; x_wconf 86' lang='lat' dir='ltr'>collocatis</span> <span class='ocrx_word' id='word_1_213' title='bbox 1601 4220 1886 4318; x_wconf 87' lang='lat' dir='ltr'>percuti</span> <span class='ocrx_word' id='word_1_214' title='bbox 1930 4221 2160 4316; x_wconf 76' lang='lat' dir='ltr'>Jubet.</span> <span class='ocrx_word' id='word_1_215' title='bbox 2221 4221 2402 4318; x_wconf 85' lang='lat' dir='ltr'>Ipsa</span> <span class='ocrx_word' id='word_1_216' title='bbox 2441 4242 2576 4292; x_wconf 83' lang='lat' dir='ltr'>arx</span> <span class='ocrx_word' id='word_1_217' title='bbox 2617 4225 2734 4291; x_wconf 89' lang='lat' dir='ltr'>est</span> <span class='ocrx_word' id='word_1_218' title='bbox 2772 4216 2846 4290; x_wconf 91' lang='lat' dir='ltr'>in</span> <span class='ocrx_word' id='word_1_219' title='bbox 2883 4221 3082 4290; x_wconf 86' lang='lat' dir='ltr'>monte</span> 
     </span>
     <span class='ocr_line' id='line_1_32' title="bbox 871 4343 3082 4444; baseline -0.006 -22"><span class='ocrx_word' id='word_1_220' title='bbox 871 4368 1206 4440; x_wconf 85' lang='lat' dir='ltr'>amoeno,</span> <span class='ocrx_word' id='word_1_221' title='bbox 1247 4346 1444 4423; x_wconf 91' lang='lat' dir='ltr'>haud</span> <span class='ocrx_word' id='word_1_222' title='bbox 1482 4347 1682 4421; x_wconf 90' lang='lat' dir='ltr'>edito</span> <span class='ocrx_word' id='word_1_223' title='bbox 1721 4345 1987 4443; x_wconf 89' lang='lat' dir='ltr'>posita.</span> <span class='ocrx_word' id='word_1_224' title='bbox 2038 4370 2255 4444; x_wconf 89' lang='lat' dir='ltr'>quam</span> <span class='ocrx_word' id='word_1_225' title='bbox 2293 4346 2502 4418; x_wconf 89' lang='lat' dir='ltr'>fossa</span> <span class='ocrx_word' id='word_1_226' title='bbox 2540 4343 2775 4438; x_wconf 87' lang='lat' dir='ltr'>cingit</span> <span class='ocrx_word' id='word_1_227' title='bbox 2812 4362 2998 4415; x_wconf 89' lang='lat' dir='ltr'>muro</span> <span class='ocrx_word' id='word_1_228' title='bbox 3028 4343 3082 4410; x_wconf 85' lang='lat' dir='ltr'>et</span> 
     </span>
     <span class='ocr_line' id='line_1_33' title="bbox 869 4465 3079 4573; baseline -0.005 -25"><span class='ocrx_word' id='word_1_229' title='bbox 869 4474 1448 4573; x_wconf 86' lang='lat' dir='ltr'>propugnaculis</span> <span class='ocrx_word' id='word_1_230' title='bbox 1488 4475 1680 4549; x_wconf 87' lang='lat' dir='ltr'>bene</span> <span class='ocrx_word' id='word_1_231' title='bbox 1720 4472 2013 4563; x_wconf 68' lang='lat' dir='ltr'>munita.</span> <span class='ocrx_word' id='word_1_232' title='bbox 2057 4473 2152 4546; x_wconf 89' lang='lat' dir='ltr'>ab</span> <span class='ocrx_word' id='word_1_233' title='bbox 2191 4473 2335 4546; x_wconf 91' lang='lat' dir='ltr'>imo</span> <span class='ocrx_word' id='word_1_234' title='bbox 2378 4470 2648 4544; x_wconf 90' lang='lat' dir='ltr'>montis</span> <span class='ocrx_word' id='word_1_235' title='bbox 2676 4468 2935 4544; x_wconf 87' lang='lat' dir='ltr'>fluvius</span> <span class='ocrx_word' id='word_1_236' title='bbox 2971 4465 3079 4537; x_wconf 77' lang='lat' dir='ltr'>La-</span> 
     </span>
     <span class='ocr_line' id='line_1_34' title="bbox 869 4594 3068 4699; baseline -0.005 -27"><span class='ocrx_word' id='word_1_237' title='bbox 869 4606 1127 4674; x_wconf 84' lang='lat' dir='ltr'>torcza</span> <span class='ocrx_word' id='word_1_238' title='bbox 1184 4623 1329 4674; x_wconf 87' lang='lat' dir='ltr'>non</span> <span class='ocrx_word' id='word_1_239' title='bbox 1385 4602 1607 4695; x_wconf 87' lang='lat' dir='ltr'>louge</span> <span class='ocrx_word' id='word_1_240' title='bbox 1665 4597 2262 4699; x_wconf 81' lang='lat' dir='ltr'>praeterlabitur.</span> <span class='ocrx_word' id='word_1_241' title='bbox 2321 4597 2686 4673; x_wconf 88' lang='lat' dir='ltr'>Praeerat</span> <span class='ocrx_word' id='word_1_242' title='bbox 2720 4594 3068 4671; x_wconf 78' lang='lat' dir='ltr'>Johannes</span> 
     </span>
    </p>
   </div>
  </div>
 </body>
</html>
