3293 5219
762 280 921 363 462

760 501 918 598 guli
976 497 1356 577 vanissimi
1397 499 1714 577 omnium
1787 502 2140 598 homines,
2237 514 2563 584 attamen
2621 509 3019 590 occasione

761 627 1278 704 valetudinarii
1331 629 1712 726 principis,
1750 629 2314 729 incomparabili
2364 636 2675 710 audacia
2712 662 3016 734 regnum

650 753 656 760 ’
756 756 902 830 sibi
968 755 1517 852 adipiscendum
1570 765 2134 853 proposuerant.
2209 757 2501 857 Chaqui
2577 739 3019 840 auctoritate

756 882 1002 976 officii,
1041 881 1336 978 Beques
1374 882 2019 979 praetorianorum
2059 886 2368 961 militum
2407 888 2708 981 auxilio,
2747 893 3014 965 tertius

764 1009 1178 1084 italicorum
1200 1007 1529 1101 militum,
1568 1008 1635 1082 si
1675 1009 2130 1085 adduxisset.
2183 1010 2497 1089 Consilii
2537 1023 2785 1090 autem
2824 1037 3015 1092 snm-

754 1160 875 1210 ma
896 1143 1080 1229 erat,
1100 1141 1180 1210 ut
1216 1136 1294 1209 in
1332 1133 1702 1210 Cib‘mium
1742 1121 2118 1212 ciuitatem
2155 1141 2710 1238 amplissimam,
2751 1152 2826 1219 et
2865 1168 3009 1219 um-

751 1248 1047 1337 bilicum
1083 1261 1311 1337 totius
1349 1259 1581 1357 regni,
1620 1260 2142 1337 munitionibus
2180 1264 2591 1362 opibusque
2631 1267 3009 1341 abundau-

744 1390 1126 1483 tissimam,
1165 1388 1399 1462 Italos
1436 1394 1788 1484 tanquam
1824 1387 2275 1485 praesidium
2312 1391 2742 1487 imponeret,
2780 1401 2860 1467 at
2896 1418 3005 1468 re-

747 1540 928 1591 vera
962 1536 1272 1610 regnum
1309 1512 1385 1584 in
1443 1535 1534 1586 ea
1571 1519 1989 1609 occuparet,
2027 1536 2163 1610 per
2203 1536 2423 1610 quam
2458 1518 2720 1613 procul
2758 1516 3001 1610 dubi0,

749 1666 894 1718 non
930 1661 1165 1739 pravo
1194 1637 1500 1735 judicio,
1575 1645 1843 1735 postea
1936 1639 2336 1716 universae
2386 1642 3007 1719 Transsilvaniae

747 1790 1037 1866 quoque
1110 1788 1417 1861 regnum
1469 1763 1872 1857 obtineret3
1948 1765 2337 1865 fueratque
2393 1763 2534 1841 hoc
2589 1768 2658 1842 ei
2694 1769 2797 1842 ad
2834 1793 2999 1844 exe-

746 1896 1110 1993 quendum
1162 1893 1404 1985 facile,
1463 1891 1658 1988 quod
1716 1915 1847 1966 rex
1922 1900 2333 1968 ceterorum
2409 1894 2998 1970 consiliariorum

742 2021 1092 2114 consiliis,
1149 2019 1273 2116 qui
1323 2039 1693 2114 nunquam
1749 2023 1877 2092 aut
1929 2040 2102 2092 raro
2138 2019 2284 2092 nisi
2320 2019 2394 2092 in
2432 2021 2756 2116 sp‘eciem
2796 2021 2999 2094 adhi-

740 2148 1128 2236 bebantur,
1167 2166 1317 2219 non
1352 2143 1740 2235 utebatur3
1799 2166 1968 2217 nam
2024 2143 2098 2218 in
2135 2151 2417 2220 tantam
2472 2168 2608 2219 rex
2657 2144 2990 2221 solitudi-

738 2297 926 2364 nem,
963 2272 1250 2347 vocatis
1287 2269 1713 2346 auctoribus
1750 2267 2109 2344 iisdemin
2132 2279 2621 2370 contemptum
2658 2272 2996 2347 omnibus

739 2405 813 2472 et
865 2397 1110 2472 odium
1167 2402 1492 2488 venerat,
1548 2401 1629 2468 ut
1691 2393 2007 2469 omnium
2080 2394 2452 2471 hominum
2508 2418 2992 2491 congressum

739 2523 1031 2614 vitaret,
1088 2542 1229 2594 nec
1280 2518 1573 2616 publice
1637 2518 1878 2592 cibum
1937 2527 2282 2615 sumeret,
2337 2543 2477 2594 nec
2532 2520 2647 2594 sui
2705 2523 2989 2620 copiam

735 2650 1035 2742 faceret,
1093 2648 1237 2723 nisi
1277 2670 1436 2721 cum
1496 2653 1843 2721 venatum
1879 2645 2060 2743 iret3
2118 2653 2192 2721 et
2246 2654 2398 2721 tum
2452 2646 2520 2720 si
2554 2669 2698 2721 uno
2758 2650 2987 2723 verbo

729 2773 1236 2871 responderet,
1309 2779 1430 2845 sat
1503 2780 1705 2868 erat3
1747 2771 1990 2846 omnia
2060 2772 2274 2868 regni
2347 2772 2673 2869 negotia,
2750 2775 2985 2848 omnia

731 2898 1108 2991 exercitia,
1147 2920 1433 2973 omnem
1470 2896 1697 2971 vitam
1732 2896 1927 2972 inter
1981 2896 2119 2973 hos
2157 2904 2311 2971 tres
2367 2898 2703 2973 homines
2744 2909 2983 2975 conte·

729 3032 949 3099 reret.
989 3022 1422 3122 Complexio
1444 3022 1774 3120 alioquin
1794 3031 1957 3098 erat
1976 3023 2528 3118 melancholica,
2552 3033 2628 3099 et
2665 3027 2979 3101 omnium

729 3151 1249 3245 intensissima,
1286 3159 1370 3226 ut
1405 3158 1604 3225 totos
1662 3149 1820 3223 dies
1879 3149 2205 3225 sedendo
2262 3158 2337 3226 et
2383 3147 2678 3225 silentio
2719 3151 2981 3226 defixis

727 3280 801 3354 in
839 3301 1058 3353 unum
1093 3279 1336 3354 locum
1393 3276 1629 3353 oculis
1667 3276 2145 3371 transigeret,
2204 3283 2280 3350 et
2315 3299 2408 3350 ne
2444 3276 2644 3351 intra
2684 3276 2974 3352 domum

726 3405 1019 3502 quidem
1071 3426 1391 3502 unquam
1445 3403 1989 3496 obambularet,
2045 3425 2284 3499 neque
2357 3403 2579 3477 ullum
2642 3403 2977 3501 corporis

720 3533 840 3606 vel
913 3532 1136 3607 animi
1207 3530 1636 3606 exercitium
1707 3530 2059 3624 haberet3
2115 3550 2335 3604 unum
2409 3537 2586 3621 erat,
2646 3530 2968 3619 venatio,

724 3657 1012 3754 quoties
1051 3658 1305 3732 morbo
1342 3679 1490 3731 non
1543 3656 2105 3754 impediebatur.
2162 3656 2216 3733 J
2221 3679 2340 3731 am
2377 3655 2452 3729 in
2490 3655 2684 3730 omni
2725 3656 2966 3750 aegri·

721 3784 972 3858 tudine
1028 3808 1244 3860 unum
1317 3784 1768 3881 Bequesium
1841 3782 2295 3880 appellabat,
2351 3806 2570 3857 unum
2625 3782 2702 3855 in
2779 3782 2969 3857 omni

720 3930 1080 4001 sermone,
1118 3908 1195 3984 in
1232 3908 1476 3983 animo
1514 3908 1862 3998 habebat,
1917 3930 2139 3983 unum
2175 3907 2335 3983 dies
2373 3916 2449 3982 et
2480 3916 2739 3982 noctes
2780 3907 2969 3982 desi-

719 4034 1052 4110 derabat.
1093 4035 1481 4111 Postremo
1519 4036 1597 4110 in
1633 4042 1915 4111 tantam
1953 4036 2178 4109 animi
2243 4033 2691 4109 moestitiam
2730 4042 2807 4110 et
2843 4034 2968 4109 do-

716 4163 949 4236 lorem
988 4163 1304 4255 devenit,
1341 4170 1421 4237 ut
1475 4162 1658 4237 nihil
1694 4162 2143 4258 loqueretur,
2194 4159 2607 4268 aliquando·
2635 4170 2969 4254 gemeret

714 4294 1014 4380 tantum,
1054 4288 1447 4385 aliquando
1487 4287 1922 4385 suspiraret,
1980 4286 2211 4361 donee
2247 4286 2599 4381 lingvam,
2640 4306 2963 4375 sensum,

713 4423 787 4489 et
824 4415 1139 4489 animam
1198 4414 1465 4490 amisit.
1523 4415 1670 4488 Dei
1706 4421 1834 4489 aut
1889 4413 2301 4489 divinarum
2358 4434 2604 4486 rerum
2660 4411 2962 4484 mentio-

713 4566 876 4615 nem
913 4542 988 4616 in
1024 4548 1185 4617 tota
1232 4540 1700 4637 aegritudine
1756 4540 1931 4615 fecit
2002 4563 2395 4636 nunquam.
2439 4539 2557 4612 Ita
2595 4539 2692 4612 ab
2730 4536 2955 4610 homi·
