3293 5219
744 276 900 353 200

739 492 887 567 sint
923 514 1082 567 cum
1141 492 1432 586 signum
1490 491 1739 567 datum
1795 490 2047 587 fuerit;
2121 489 2580 589 praesidium
2655 493 2990 589 insuper,

742 627 1088 717 quantum
1146 618 1331 694 satis
1383 619 1719 716 putabat,
1788 620 2118 727 imponit.
2193 620 2246 694 J
2251 643 2368 694 am
2426 618 2648 695 etiam
2701 644 2974 718 prorex

741 734 1279 843 Neapolitanus
1344 745 1811 843 significarat
1878 746 2201 821 classem
2255 745 2467 820 brevi
2525 748 2974 845 conspicien-

740 871 909 946 dam
944 871 1022 945 in
1060 870 1191 947 illo
1231 872 1443 965 mari,
1484 880 1559 947 et
1593 880 1871 969 petere,
1922 879 2003 947 ut
2076 871 2417 946 triremes
2456 893 2655 966 suas,
2685 896 2832 969 quo
2870 897 2985 949 ur-

739 998 957 1073 bibus
1014 996 1400 1073 maritimis
1471 998 1904 1096 prospicere
1961 1006 2241 1096 posset,
2302 998 2839 1096 quamprimum
2877 1023 2987 1074 re-

740 1124 1082 1198 mitteret.
1162 1121 1311 1198 Sed
1347 1132 1589 1200 tamen
1626 1127 1829 1200 nulla
1887 1126 2354 1222 quantumvis
2394 1126 2715 1200 maxima
2789 1126 2990 1201 adhi-

736 1249 896 1324 bita
952 1249 1358 1345 diligentia,
1423 1260 1496 1325 et
1556 1252 1899 1348 quamvis
1957 1260 2076 1327 sat
2113 1251 2465 1349 temporis
2524 1252 2989 1345 habuissent,

737 1374 1006 1450 milites
1046 1377 1653 1469 conscenderant,
1714 1387 2014 1475 praeter
2072 1377 2308 1454 Italos
2366 1385 2441 1453 et
2489 1386 2780 1475 partem
2856 1377 2987 1452 Hi·

741 1524 1176 1599 spanorum,
1217 1502 1414 1600 quod
1455 1511 1617 1578 erat
1659 1505 1974 1601 septimo
2017 1504 2135 1578 die
2173 1505 2376 1601 Maji,
2414 1504 2678 1601 reliqui
2730 1526 2985 1580 omnes

737 1627 833 1702 ad
869 1628 1224 1703 decimum
1266 1630 1458 1704 diem
1503 1632 2004 1706 conscendere
2043 1638 2504 1717 statuerant3
2543 1654 2704 1705 cum
2743 1633 2968 1728 paulo

735 1761 905 1828 ante
945 1777 1286 1829 occasum
1308 1755 1490 1832 solis
1531 1755 1745 1833 celox
1783 1759 1878 1833 ab
1930 1758 2287 1853 magistro
2349 1757 2716 1833 melitensi
2756 1757 2989 1832 missa

699 1902 897 1953 cum
952 1879 1226 1955 litteris
1285 1881 1511 1973 affuit,
1593 1884 1859 1980 quibus
1936 1884 2446 1979 significabat,
2526 1882 2785 1958 eadem
2869 1885 2988 1958 die

735 2004 1052 2078 classem
1089 2006 1441 2082 tureicam
1479 2011 1572 2083 ab
1613 2032 1831 2085 sacro
1870 2009 2477 2100 Junonis‚vioina
2516 2007 2834 2084 Melitae
2880 2010 2987 2084 in-

733 2130 897 2205 sula
952 2130 1294 2223 solvisse,
1350 2158 1438 2207 ac
1494 2134 1687 2209 Piali
1741 2137 2045 2210 bassam
2101 2159 2192 2209 ex
2241 2144 2505 2233 captae
2562 2135 2956 2212 naviculae

734 2258 1232 2353 gubernatore
1308 2280 1685 2339 numerum
1724 2262 2040 2356 navium,
2102 2270 2176 2337 et
2212 2284 2455 2337 rerum
2496 2261 2813 2338 omnium
2843 2270 2995 2337 sta-

734 2390 884 2458 tum
999 2383 1396 2481 diligenter
1493 2394 1567 2462 et
1643 2393 1901 2462 exacte
1994 2387 2549 2485 exploravisse3
2626 2410 2819 2484 quae
2896 2385 2995 2460 ad

735 2531 818 2581 se
855 2512 1246 2607 transfuga
1301 2512 1597 2609 quidam
1641 2521 1841 2588 certo
1898 2512 2299 2589 retulisset.
2359 2509 2759 2589 Generalis
2798 2510 2989 2587 nihil

738 2641 1171 2712 cunctanter
1220 2638 1659 2715 ·faciendum
1755 2647 1984 2732 ratus,
2045 2637 2581 2717 Germanorum
2621 2640 2879 2735 legato
2918 2650 2998 2715 ut

735 2760 1004 2836 milites
1062 2764 1159 2838 ad
1234 2765 1439 2840 littus
1516 2766 1903 2842 celerrime
1976 2766 2439 2864 produceret,
2536 2763 2822 2840 Alvaro
2903 2765 2995 2839 de

733 2883 980 2962 Sande
1088 2897 1167 2965 ut
1241 2913 1492 2967 curam
1627 2892 1941 2968 haberet
2040 2892 2351 2967 omnium
2445 2890 2993 2966 conscendendi

727 3013 1048 3106 mandat,
1126 3024 1200 3090 et
1238 3040 1429 3113 quae
1474 3017 1570 3092 ad
1605 3018 2060 3116 praesidium
2100 3015 2391 3095 castelli
2428 3018 2676 3092 forent
2714 3039 2986 3093 neces-

729 3138 952 3231 saria,
995 3149 1256 3218 cuncta
1294 3141 1695 3239 diligenter
1736 3144 2080 3242 disponit,
2122 3152 2343 3241 atque
2402 3144 2741 3218 omnibus
2784 3166 2993 3219 man·

734 3262 911 3338 data
985 3263 1129 3340 dat.
1206 3268 1294 3342 In
1327 3291 1409 3343 re
1460 3267 1840 3366 inopinata
1923 3268 2151 3345 multa
2226 3268 2442 3345 simul
2492 3277 2715 3367 atque
2754 3267 2994 3344 semel

734 3397 945 3464 erant
981 3391 1223 3466 munia
1294 3392 1757 3491 praestanda
1776 3401 1929 3468 tam
1968 3394 2295 3487 ducibus,
2338 3417 2554 3492 quam
2594 3392 2994 3486 militibus;

732 3517 987 3592 videre
1007 3524 1169 3593 erat
1206 3517 1485 3596 alteros
1508 3521 1991 3596 tabernacula
2032 3520 2751 3612 detrahere,alteros
2798 3542 2995 3595 vasa

735 3641 1110 3736 colligere,
1168 3642 1357 3717 alios
1414 3652 1737 3741 portare,
1797 3643 1986 3721 alios
2047 3665 2346 3719 currere
2403 3651 2476 3718 et
2543 3644 2825 3718 intrare
2910 3645 2991 3719 in

733 3768 974 3865 ipsum
1031 3790 1234 3843 mare
1289 3777 1596 3866 pectore
1634 3777 1871 3864 tenus,
1930 3779 2010 3846 ut
2067 3769 2421 3869 scapham
2480 3769 2806 3865 aliquam
2864 3771 2995 3845 vel

735 3892 1056 3966 celocem
1096 3893 1453 3992 arripere,
1494 3903 1569 3971 et
1607 3894 1702 3969 ad
1741 3918 1973 3972 naves
2012 3897 2405 3996 pervenire
2443 3901 2775 3994 possent.
2832 3895 2993 3974 Du·

737 4039 866 4092 ces
955 4040 1133 4091 vero
1206 4018 1494 4097 interea
1531 4023 1993 4119 consultare,
2034 4048 2126 4100 ac
2159 4046 2379 4099 unum
2456 4022 2855 4098 videbatur
2916 4024 2998 4098 in

730 4149 882 4217 tam
918 4145 1310 4244 praecipiti
1347 4172 1429 4223 re
1469 4150 1903 4244 consultum,
1941 4153 2291 4226 utstatim
2331 4151 2730 4240 solverent,
2771 4155 2848 4222 et
2888 4150 2994 4224 ad

735 4273 974 4341 ortum
1047 4268 1234 4344 lucis
1310 4271 1685 4347 siccitates
1766 4274 2030 4348 marini
2079 4282 2331 4350 aestus
2406 4273 2481 4347 in
2538 4272 2765 4346 altum
2808 4295 2995 4348 eva-

734 4388 1028 4465 derent:
1069 4393 1179 4466 sic
1215 4395 1403 4469 enim
1445 4395 1737 4470 etiamsi
1777 4400 2049 4473 elassis
2091 4397 2387 4474 hostilis
2437 4419 2566 4472 eos
2630 4396 2995 4493 persequi

733 4516 975 4611 vellet,
1014 4525 1226 4592 extra
1264 4540 1475 4595 omne
1513 4522 1919 4619 periculum
1959 4526 2139 4617 fore,
2222 4533 2298 4601 et
2352 4532 2595 4600 tamen
2635 4519 2702 4595 si
2741 4520 2991 4602 hostis
