3293 5219
2330 322 2472 397 117

229 566 516 638 numum
594 565 896 618 aureum
990 542 1584 639 oppignoratam,
1627 539 1989 632 habebat,
2066 547 2144 613 ut
2215 538 2474 615 videli-

227 678 337 747 cet
369 692 684 745 uxorem
723 692 973 745 secum
1012 667 1460 744 abducturus
1500 649 1715 742 extra
1754 665 1933 741 belli
1973 665 2326 741 tumultus
2367 666 2471 741 ibi

222 797 762 875 asservandum
801 805 1115 872 curaret.
1166 794 1333 887 Qua
1372 795 1769 893 impetrata
1826 802 1900 872 et
1937 794 2268 869 redemta
2302 817 2467 871 con-

218 932 604 1002 numerato
643 923 905 1021 pretio,
944 947 1090 998 non
1126 920 1437 997 ulterius
1478 944 1697 1018 quam
1718 919 2087 996 Likavam
2125 943 2260 1018 per
2299 943 2466 1016 gra-

217 1052 600 1129 vissimum
695 1051 1027 1127 morbum
1086 1050 1428 1124 detentus
1483 1048 1635 1137 ivit,
1696 1070 1931 1145 eoque
1990 1047 2233 1123 omnia
2288 1047 2464 1123 belli

213 1189 551 1278 tempora
609 1178 1029 1253 consumsit.
1086 1178 1295 1274 Ergo
1355 1175 1724 1273 equitibus
1799 1175 2230 1273 hungaricis
2265 1173 2464 1249 mille

219 1304 728 1402 wolfgangus
768 1328 811 1377 a
851 1298 1223 1378 Puecham
1264 1301 1478 1375 homo
1538 1299 1882 1389 austrius,
1927 1298 2180 1374 addita
2215 1306 2462 1378 tamen

215 1432 432 1507 etiam
533 1452 881 1527 suprema
954 1427 1129 1503 belli
1190 1427 1500 1526 gerendi
1557 1450 1756 1518 cura,
1793 1427 2292 1525 praeponitur,
2341 1430 2463 1526 qui

212 1580 517 1636 uxorem
575 1557 984 1653 hungaram
1043 1579 1133 1631 ex
1192 1555 1584 1631 comitibus
1630 1551 1704 1627 S.
1750 1551 2063 1649 Georgii
2102 1555 2458 1648 habebat,

214 1707 294 1759 ac
332 1682 744 1773 Novisolii,
783 1682 1462 1778 metallicarumque
1501 1681 1879 1756 civitatum
1917 1682 2457 1779 praefecturam

217 1810 470 1906 gessit3
511 1808 859 1885 comestis
897 1808 1112 1883 bonis
1151 1807 1484 1906 paternis
1522 1806 1931 1888 castellum,
1971 1809 2223 1884 uxoris
2261 1833 2457 1886 nem-

214 1961 295 2035 pe
334 1936 613 2026 dotem,
655 1934 1004 2033 Kepchin
1043 1935 1139 2009 ad
1179 1934 1600 2010 Danubium
1660 1958 1888 2033 supra
1927 1932 2323 2012 Posonium
2363 1940 2457 2013 ad

214 2061 388 2138 fines
412 2061 775 2138 Austriae
805 2061 1165 2159 reliquum
1189 2062 1538 2136 habebat.
1564 2061 1903 2138 Peditum
1941 2085 2454 2159 germanorum

212 2197 521 2286 quatuor
544 2186 873 2262 millibus
913 2185 1319 2262 Marcellus
1343 2187 1680 2263 Dietrich
1722 2170 1866 2263 dux
1899 2189 2342 2286 praeficitur.

419 2312 526 2387 At
606 2312 1036 2409 sigetiensis
1111 2310 1290 2387 belli
1349 2313 2058 2388 administrationem
2119 2314 2451 2393 Thomas

211 2438 654 2515 Nadasdino
696 2437 1028 2537 palatino
1067 2439 1281 2533 regni
1321 2464 1410 2514 ex
1452 2440 1689 2514 veteri
1727 2438 2199 2535 Ungarorum
2237 2442 2446 2518 insti-

201 2573 350 2642 tuto
399 2563 814 2655 committit,
835 2565 1213 2640 attributis
1252 2564 1362 2639 illi
1402 2588 1537 2640 sex
1574 2565 1899 2663 peditum
1939 2588 2449 2661 germanorum

200 2691 559 2781 millibus,
598 2693 850 2787 legato
912 2691 1225 2767 Nicolao
1284 2694 1563 2767 barone
1621 2716 1676 2798 a⁸
1725 2690 2021 2767 Polbail
2079 2695 2447 2792 equitibus

195 2818 632 2916 hungaricis
706 2816 906 2892 mille
981 2818 1193 2894 novis
1273 2819 1663 2917 stipendiis
1744 2821 2208 2920 conscripsit.
2327 2821 2448 2899 Ad

197 2946 386 3023 haec
429 2945 785 3020 detractis
828 2945 1198 3020 veteranis
1239 2969 1330 3020 ex
1392 2943 1718 3020 finitimis
1758 2947 2154 3044 praesidiis
2193 2949 2243 3025 J
2249 2951 2441 3026 auri-

192 3098 310 3166 no,
367 3096 598 3172 papa,
659 3095 748 3147 ac
803 3071 972 3146 aliis
1028 3071 1427 3171 plerisque,
1488 3082 1562 3149 et
1600 3082 1906 3149 evocato
1947 3075 2156 3172 regio
2211 3078 2448 3154 edicto

196 3197 519 3275 Nicolao
578 3199 844 3274 comite
902 3225 945 3272 a
1001 3197 1252 3275 Zrinio
1329 3196 1708 3299 praefecto
1768 3201 2223 3299 illyricarum
2277 3230 2444 3304 par-

188 3329 392 3416 tium,
435 3348 654 3423 quem
712 3328 982 3401 banum
1024 3336 1309 3403 vocant.
1367 3327 1462 3403 ad
1513 3332 1791 3405 certam
1851 3328 2039 3404 diem
2097 3327 2442 3406 Canisam

178 3456 396 3551 jubet
434 3453 832 3528 convenire
873 3476 1150 3547 omnes,
1171 3453 1293 3529 ubi
1331 3454 1600 3552 partim
1644 3454 2230 3539 bombardarum,
2251 3479 2439 3553 quae

190 3577 473 3657 Gracio
515 3602 608 3653 ex
651 3577 906 3678 Styria
932 3583 1148 3677 Jussu
1189 3580 1395 3675 regis
1417 3582 1896 3671 vehebantur,
1944 3581 2209 3680 partim
2252 3590 2439 3657 cete-

183 3731 434 3784 rarum
475 3728 722 3781 rerum
764 3708 1349 3793 necessariarum
1371 3708 1950 3805 exspectatione,
1974 3731 2235 3783 novem
2277 3707 2438 3784 dies

183 3840 646 3913 absumsere.
686 3834 944 3913 Bassa.
988 3835 1278 3909 iuterim
1337 3835 1793 3911 obsidionem
1847 3860 2128 3911 summa
2165 3837 2241 3911 vi
2278 3836 2436 3911 dies

182 3972 254 4039 et
291 3970 557 4039 noctes
595 3969 988 4060 postquam
1025 3963 1363 4051 ursisset,
1426 3963 1707 4037 decimo
1750 3965 1846 4037 ab
1887 3963 2435 4062 oppugnatione

185 4092 324 4182 die,
364 4110 653 4164 murum
693 4087 1019 4183 ligneum
1056 4114 1148 4163 cx
1189 4089 1506 4188 simplici
1546 4071 1802 4165 ordine
1835 4090 2139 4165 cratium
2178 4089 2436 4190 primo,

184 4217 358 4292 inde
418 4214 783 4311 gliscente
857 4212 1151 4289 flamma
1212 4216 1465 4293 domos
1522 4215 1942 4305 inflammat,
1986 4217 2121 4291 sub
2159 4217 2430 4316 ipsum-

182 4367 319 4443 que
359 4339 782 4415 incendium
820 4340 1250 4415 acerrimam
1286 4342 1363 4417 in
1401 4341 1809 4441 oppidanos
1865 4341 2429 4441 impressionem

182 4470 407 4561 facit3
448 4466 559 4541 illi
605 4473 861 4540 contra
918 4467 1322 4543 fortissime
1379 4469 1750 4559 resistere,
1807 4469 2172 4545 flammam
2230 4472 2432 4546 inva-

180 4598 592 4689 lescentem
666 4592 1175 4689 restingvere,
1228 4594 1512 4671 hostem
1568 4596 1962 4673 irruentem
2041 4596 2425 4693 repellere,
