3293 5219
525 1552 930 1649 LIBER
996 1551 1584 1650 DECIMUS
1653 1553 2233 1705 TERTIUS.

1213 1905 1543 1916 -—-—-.

477 2108 760 2186 Caesar
798 2110 920 2184 his
956 2110 1181 2185 rebus
1222 2110 1726 2208 peractis,per
1765 2109 2134 2188 rhenanos
2186 2115 2504 2215 populos

281 2246 710 2338 tractumque
731 2236 973 2311 Rheni
992 2235 1389 2330 Alsatiam‚
1405 2233 1941 2331 Constantiam,
1959 2238 2325 2335 Sveviam,
2346 2250 2504 2317 tan·

282 2363 420 2438 dem
441 2363 931 2460 Oenipontum
970 2368 1234 2462 quarto
1261 2360 1641 2437 Calendas
1663 2363 2124 2442 Februarias
2143 2367 2502 2466 pervenit·

282 2488 533 2564 Eodem
585 2499 919 2587 tempore
968 2490 1045 2563 in
1085 2486 1363 2563 Galliis
1403 2489 1652 2585 magni
1731 2491 2083 2566 tumultus
2123 2493 2503 2568 exstitere.

279 2614 431 2690 Jam
463 2615 630 2689 inde
693 2616 790 2689 ab
827 2637 1005 2709 rege
1047 2613 1453 2700 Francisco
1510 2615 1841 2710 gliscens
1892 2625 2099 2692 secta
2152 2618 2505 2694 calvinia-

282 2762 363 2812 na
394 2738 523 2816 hac
556 2747 1005 2838 tempestate
1024 2740 1102 2814 in
1139 2740 1505 2817 factiones
1531 2748 1604 2815 et
1624 2740 1827 2816 bella
1847 2742 2109 2841 erupit.
2132 2742 2504 2820 Henricus

281 2866 445 2941 enim
462 2890 647 2967 pace
661 2866 868 2941 facta
900 2889 1062 2942 cum
1087 2865 1432 2965 Philippo
1460 2867 1967 2965 Hispanorum
1988 2892 2190 2965 rege,
2213 2894 2359 2945 non
2380 2869 2504 2945 diu

282 2993 682 3090 supervixit3
722 3014 892 3066 nam
913 2992 1190 3067 tradita
1228 2992 1296 3066 ei
1336 2992 1991 3084 sorore,iniisdem
2030 2993 2329 3090 nuptiis,
2351 2990 2506 3068 ludi

281 3120 615 3215 equestris
708 3119 1268 3195 concursatione
1345 3119 1765 3215 fragmento
1823 3119 2093 3194 hastae
2165 3128 2505 3219 tempora

282 3245 693 3338 perforatus,
766 3245 992 3343 paulo
1069 3251 1240 3341 post
1285 3246 1613 3321 moritur.
1673 3243 2018 3322 Succedit
2056 3247 2502 3323 Franciscus

282 3365 631 3447 Secundus
686 3373 906 3464 filius,
984 3394 1030 3444 a
1117 3394 1261 3468 quo
1306 3373 1511 3447 Dux
1587 3369 2006 3448 Condensis
2085 3374 2504 3471 suspicione

283 3490 584 3573 haeresis
623 3497 934 3595 capitur.
975 3493 1125 3572 Sed
1183 3495 1303 3571 hic
1343 3497 1731 3573 admodum
1789 3497 2253 3589 adolescens,
2290 3521 2503 3596 prae·

283 3631 542 3699 matura
574 3631 837 3719 morte,
878 3647 973 3699 ex
1010 3623 1221 3721 lepra
1277 3618 1384 3721 (ut
1426 3623 1759 3716 dicitur),
1797 3645 2055 3698 mense
2090 3622 2502 3698 Novembri

280 3751 655 3842 praeterito
695 3750 873 3825 fatis
927 3749 1145 3842 cedit,
1169 3750 1479 3825 suffecto
1508 3745 1781 3824 Oarolo
1805 3748 2020 3824 Nono
2040 3749 2276 3823 fratre
2298 3754 2503 3823 aeta-

283 3873 548 3954 tissuae
569 3900 763 3953 anno
804 3875 1109 3951 decimo.
1136 3872 1554 3974 (londensis
1575 3874 1800 3950 etiam
1820 3897 1961 3972 ope
1998 3873 2256 3948 fratris
2296 3872 2502 3970 regis

284 3999 637 4082 Navarrae
659 4011 737 4081 et
758 4002 1287 4098 gubernatoris
1309 4002 1672 4078 liberatur
1694 4026 1711 4097 ;
1752 4025 1921 4077 mox
1943 4001 2309 4075 adversae
2332 4024 2502 4098 par-

284 4127 364 4203 tis
421 4129 601 4224 dux,
658 4153 847 4229 quos
915 4137 1287 4225 ugonotos
1343 4137 1658 4221 vocant,
1740 4126 2129 4203 Gallorum
2191 4124 2502 4201 Germa·

283 4275 653 4355 notumque
725 4278 1073 4352 magnum
1131 4256 1536 4332 exercitum
1613 4253 2092 4352 comparavit.
2135 4254 2201 4326 E
2243 4258 2504 4327 contra

288 4376 706 4460 Franciscus
761 4381 1272 4480 Lotharingus
1334 4378 1649 4457 Guisiae
1710 4380 1879 4472 dux,
1919 4378 2125 4474 reg-is
2174 4385 2250 4452 et
2304 4376 2500 4472 regi-

286 4526 404 4584 nae
454 4510 762 4608 partium
811 4509 1069 4610 copias
1139 4507 1530 4585 contraxit.
1589 4506 1715 4580 Fit
1771 4504 2134 4604 praelium
2208 4502 2496 4599 ingens,
