3293 5219
2323 327 2478 407 285

222 555 420 620 tuere
477 546 678 620 fama
725 554 808 624 et
867 547 1325 621 conscientia
1384 554 1796 642 teneretur;
1858 548 2223 643 siquidem
2282 548 2477 643 capti

225 671 497 768 Tokaji
538 675 734 746 fama
756 673 1331 769 praedicabatur
1371 671 1914 763 summalaude,
1956 697 2043 746 ac
2080 676 2318 748 forma
2359 698 2479 746 ex1

233 798 696 895 pugnationis
755 798 1126 895 impressa
1183 799 1711 891 divulgabatur
1786 807 1992 872 tanta
2047 800 2356 888 laetitia,
2406 807 2485 871 ut.

226 925 393 997 nihil
431 924 606 997 addi
646 933 955 1022 posset3
1018 933 1166 999 tum
1209 926 1403 1021 quod
1460 933 1631 998 ante
1688 924 2167 1000 rebellionem
2242 935 2465 999 trans·

229 1050 662 1125 silvanicam
692 1051 767 1123 in
828 1073 964 1125 sua
1002 1049 1277 1124 ditione
1317 1050 1607 1125 fuerint.
1651 1049 1993 1124 Rivulum
2034 1051 2479 1125 Minerarum

239 1185 374 1249 tum
419 1176 647 1249 etiam
686 1185 760 1250 et
800 1173 1247 1266 Sacmarum,
1291 1177 1355 1249 si
1379 1175 1847 1250 satisfactum
1884 1179 2107 1251 fuerit
2147 1177 2238 1251 de
2278 1177 2479 1250 dam-

230 1303 351 1391 nis,
378 1296 871 1402 redditurum,
896 1324 1154 1377 munus
1195 1302 1665 1376 honorarium
1722 1304 1932 1377 brevi
2006 1305 2480 1378 remissurum

234 1428 661 1525 spondeant,
703 1437 777 1504 et
816 1438 1262 1527 purpuratos
1286 1429 1686 1525 largitione
1709 1438 2200 1528 corrumpant.
2243 1428 2479 1528 Septi-

230 1577 339 1628 mo
413 1552 575 1630 Cal.
634 1555 820 1650 Maji
897 1563 1150 1630 orator
1204 1555 1576 1631 «Iohannis
1629 1555 2051 1664 Stephanus
2112 1557 2477 1631 Batoreus

231 1677 680 1772 Somliensis,
722 1687 795 1755 et
821 1680 1151 1778 Septimo
1191 1682 1368 1756 Idus
1391 1681 1576 1778 Maji
1599 1681 1801 1777 regis
1844 1682 2201 1757 Poloniae
2244 1682 2467 1755 Fran-

231 1807 460 1881 eiscus
484 1806 899 1905 Crazinzcy
918 1808 1393 1904 praepositus
1434 1807 1810 1906 plocensis
1869 1810 2288 1884 adveniunt.
2329 1807 2479 1882 Sed

234 1931 676 2031 Stephanum
716 1957 975 2009 cursor
1012 1936 1064 2009 J
1069 1935 1381 2008 ohannis
1414 1935 1488 2007 in
1530 1934 1791 2008 itinere
1833 1959 1991 2010 cum
2031 1937 2244 2009 novis
2284 1959 2481 2009 man-

233 2060 416 2135 datis
471 2069 916 2156 assequutus
984 2061 1246 2136 fuerat.
1296 2060 1675 2157 Siquidem
1735 2059 2041 2158 Gaspar
2096 2061 2347 2134 Bekes
2385 2061 2483 2133 ad

237 2184 707 2284 Solymanum
747 2187 951 2261 initio
1010 2187 1187 2262 belli
1227 2188 1495 2261 missus
1553 2187 1899 2279 redierat,
1967 2188 2090 2283 qui
2145 2186 2480 2282 ingentia

238 2313 504 2387 auxilia
544 2314 642 2388 ab
683 2311 1081 2412 Solymano
1120 2312 1586 2410 impetrarat3
1625 2311 1926 2409 insuper
1963 2312 2156 2386 idem
2195 2333 2477 2385 omnem

242 2461 488 2533 pacem
549 2437 1054 2530 dissvadebat,
1086 2439 1443 2532 jactitans
1502 2460 1583 2511 se
1634 2461 1976 2513 coronam
2033 2437 2315 2533 regiam
2363 2460 2479 2511 eo-

242 2563 396 2638 dem
435 2564 553 2639 die
589 2565 645 2641 J
649 2562 919 2639 ohanni
955 2564 1420 2663 imposuisse.
1475 2562 1855 2661 Georgius
1897 2588 2186 2664 quoque
2225 2566 2477 2639 Bebee

236 2698 374 2763 tum
411 2713 760 2766 reversus
801 2714 895 2766 ex
934 2692 1371 2788 captivitate
1429 2691 1854 2789 byzantina,
1896 2715 2108 2788 quem
2147 2690 2479 2788 Solyma-

239 2837 364 2889 nns
400 2816 453 2892 J
459 2813 732 2891 ohanni
771 2816 964 2892 dono
1005 2817 1335 2909 dederat,
1395 2819 1605 2913 cujus
1663 2840 1875 2892 arces
1931 2841 2118 2892 uxor
2153 2818 2226 2890 in
2269 2817 2477 2890 ditio-

239 2964 323 3014 ne
361 2943 801 3018 cassoviana
841 2943 1078 3018 adhuc
1117 2942 1580 3041 possidebat,
1641 2941 1827 3017 fines
1882 2945 2094 3039 regni
2151 2943 2476 3017 Posonio

237 3076 444 3163 atque
483 3069 832 3144 Danubio
891 3091 974 3143 se
1016 3092 1104 3142 eo
1145 3068 1344 3143 bello
1382 3067 1938 3143 terminatarum
1984 3069 2477 3168 promittebat.

239 3195 349 3267 Ita
383 3194 669 3269 duobus
709 3191 1112 3269 levissimis
1171 3195 1587 3269 mortalium
1642 3195 2193 3294 impulsoribus,
2238 3194 2479 3268 condi-

237 3318 461 3394 tiones
497 3321 792 3417 priores
831 3321 1089 3396 irritae
1128 3324 1374 3397 factae
1414 3331 1603 3416 sunt,
1645 3331 1721 3397 et
1757 3347 1996 3398 novae
2033 3322 2125 3396 ad
2154 3319 2476 3418 Stepha-

239 3466 393 3519 num
432 3444 831 3521 mittuntur.
873 3447 1271 3521 Tractatus
1326 3454 1588 3540 postea
1643 3469 1803 3519 cum
1899 3443 2292 3520 Somliensi
2347 3467 2480 3540 per

245 3568 585 3647 Polonum
604 3572 993 3647 inchoatur
1015 3598 1032 3667 3
1073 3597 1239 3645 nam
1261 3596 1396 3646 rex
1417 3573 1775 3648 Poloniae
1786 3575 1943 3669 jam
1964 3572 2133 3646 inde
2154 3573 2249 3644 ab
2270 3569 2476 3642 initio

241 3698 724 3792 pacificatoris
765 3699 1009 3774 officio
1067 3699 1410 3772 omnibus
1468 3699 1912 3773 tractatibus
1950 3700 2477 3772 intervenerat.

245 3820 529 3900 Summa
605 3826 1034 3920 legationis·
1081 3826 1262 3900 suit:
1340 3826 1393 3901 J
1400 3826 1762 3899 ohannem
1857 3850 2113 3922 pacem
2188 3849 2480 3921 semper

251 3957 566 4045 optasse,
670 3974 905 4047 eoque
1017 3975 1162 4026 non
1239 3954 1468 4026 semel
1530 3959 1604 4025 et
1658 3951 2064 4026 Isabellam
2157 3957 2484 4041 matrem,

240 4085 404 4171 post
453 4100 561 4171 se,
597 4077 1115 4172 legationibus,
1177 4077 1469 4169 litteris,
1526 4078 1943 4153 interventu
2000 4078 2220 4153 etiam
2279 4079 2480 4171 regis

240 4198 589 4279 Poloniae
628 4208 1082 4296 attentasse3
1175 4211 1431 4300 petere
1471 4211 1714 4280 autem
1755 4205 2301 4279 cistibiscanam
2378 4203 2481 4276 di-

244 4327 503 4402 tionem
576 4353 740 4404 eum
815 4330 1152 4405 omnibus
1210 4330 1324 4420 iis,
1402 4355 1591 4427 quae
1651 4331 2028 4405 amisisset
2101 4330 2480 4427 praesenti

243 4450 456 4539 bello,
496 4455 640 4531 sibi
661 4455 894 4545 reddi,
933 4464 1159 4552 utque
1194 4457 1363 4530 finis
1382 4457 1765 4552 utriusque
1802 4457 2090 4553 imperii
2130 4456 2482 4528 Tibiscus

241 4580 472 4652 amnis
510 4591 726 4656 esset.
768 4583 1180 4657 Recordari
1201 4606 1606 4674 caesarem,
1632 4607 1794 4658 cum
1831 4584 2165 4660 Isabella
2204 4583 2483 4656 Trans-
