3293 5219
765 256 870 335 50

761 470 1299 574 promissisque
1322 466 1680 555 adactum,
1715 470 1793 536 ut
1814 483 1995 534 vera
2015 458 2106 533 de
2135 481 2216 532 se
2239 465 2312 532 et
2333 458 2661 534 exercitu
2677 455 3016 530 referret.

761 603 843 677 Is
884 596 1137 672 statim
1176 592 1418 668 Urieli
1455 580 1889 686 Mayteny*)
1912 593 1993 660 ut
2030 607 2193 659 eum
2243 581 2835 674 circumduceret,
2854 602 3020 653 cun-

763 735 1027 823 ctaque
1085 719 1529 810 ostenderet,
1569 740 1658 790 ac
1696 715 2017 805 doceret,
2046 710 2298 807 jussit3
2323 708 2437 784 cui
2476 709 2573 783 ad
2610 733 2693 785 se
2715 710 3019 786 reducto

761 856 952 929 ultro
975 846 1353 940 commisit,
1367 844 1520 941 Aly
1541 844 1817 918 bassae
1838 841 2081 915 omnia
2101 840 2404 913 referre.
2420 839 2579 913 Nec
2600 837 2828 913 multo
2849 845 3024 936 post

759 979 1074 1055 Paulum
1110 975 1442 1071 Ratkay,
1490 967 1903 1065 Georgium
1944 964 2480 1061 Keglevitium,
2530 972 2606 1039 et
2643 963 3024 1040 Sebestia-

762 1130 931 1181 num
969 1105 1376 1198 Matuznay
1397 1123 1485 1174 ac
1506 1093 1994 1171 Franciscum
2008 1093 2355 1170 Jacosith
2385 1092 2770 1168 tormentis
2790 1094 2939 1188 maj
2950 1118 3024 1168 o-

759 1234 989 1325 ribus,
1029 1252 1219 1328 quae
1242 1251 1332 1301 ex
1373 1224 1642 1324 oppido
1682 1221 2095 1296 Novosolio
2135 1221 2550 1318 permunito
2594 1219 2690 1293 ad
2727 1219 3026 1295 fodinas

761 1361 1207 1439 minerarum
1243 1352 1820 1447 adducebantur,
1844 1372 2231 1424 occurrere
2258 1350 2512 1447 jussit,
2534 1354 2607 1422 et
2638 1348 3025 1446 praedicto

763 1493 1044 1562 certum
1081 1482 1178 1557 ad
1212 1482 1454 1559 locum
1475 1478 1889 1570 convenire,
1910 1477 2072 1575 ipse
2094 1477 2192 1551 ad
2216 1477 2449 1553 vicum
2468 1476 2779 1575 Palasth
2800 1477 3026 1551 motis

763 1613 997 1713 copiis
1035 1617 1287 1686 castra
1323 1607 1519 1681 fecit.
1544 1604 1698 1703 Aly
1720 1606 1953 1681 bassa
1973 1628 2108 1703 per
2128 1605 2485 1703 plurimos
2526 1611 2598 1677 et
2617 1603 3026 1679 fidissimos

762 1737 1276 1835 exploratores
1310 1755 1590 1830 gnarus
1625 1731 1961 1824 omnium,
1981 1731 2058 1806 id
2075 1754 2293 1805 unum
2316 1731 2793 1805 vehementer
2813 1753 3028 1805 cura-

761 1867 910 1957 bat,
948 1887 1040 1938 ne
1107 1860 1477 1948 exercitus
1516 1856 1991 1953 Ungarorum
2050 1857 2245 1957 apud
2300 1856 2649 1932 Filekum
2689 1856 3023 1931 existens

760 1989 1123 2066 Matthiae
1163 1990 1755 2083 conjungeretur,
1778 1986 1972 2083 quod
2008 1984 2300 2059 nonnisi
2326 1991 2691 2060 maturato
2722 1984 3025 2082 ‚praelio

759 2114 1386 2215 praeveniendum
1424 2135 1594 2186 esse
1631 2110 2120 2211 intelligebat.
2166 2110 2474 2201 Idcirco,
2508 2134 2662 2208 qua
2700 2110 3023 2186 maxime

759 2243 1250 2341 propinquum
1270 2247 1453 2329 erat,
1467 2237 1948 2336 perWaciam
1970 2236 2345 2332 etDregel
2366 2236 2461 2310 ad
2482 2237 2723 2312 vicum
2734 2237 3020 2335 Zylvas

729 2352 980 2444 ”venit
1057 2367 1253 2441 Hinc
1308 2360 1705 2463 praemissi
1762 2359 1963 2436 mille
2040 2362 2327 2457 equites
2407 2363 2865 2461 speculatum
2943 2365 3024 2437 in

758 2496 925 2592 ipsa
1001 2487 1653 2567 castrametatione
1741 2494 2156 2564 nostrorum
2190 2543 2206 2579 ,
2265 2486 2461 2563 alam
2537 2488 3017 2583 Ungarorum

763 2645 952 2721 quae
1030 2645 1124 2695 ex
1197 2614 1660 2712 sexingentis
1738 2623 1939 2708 erat,
2015 2623 2088 2690 et
2162 2617 2553 2692 novissimi
2627 2619 2701 2696 111
2776 2618 3020 2693 subsi-

761 2747 901 2822 diis
979 2744 1326 2820 collocati
1382 2765 1517 2840 pro
1592 2741 1917 2817 statione
1957 2744 2378 2840 manebant,
2418 2743 2669 2820 statim
2746 2743 3017 2837 adorti,

753 2870 1114 2972 praelium
1187 2867 1744 2943 velitationibus
1823 2869 2282 2944 commisere.
2323 2870 2442 2943 Ex
2519 2871 2790 2974 Turcis
2828 2893 3020 2947 unus

755 3020 1043 3091 caesus,
1083 2996 1273 3071 alter
1305 3001 1585 3093 captus,
1626 2995 2159 3090 quiconsilium
2191 2995 2346 3094 Aly
2387 2997 2663 3072 bassae
2704 2997 3021 3095 aperuit,

757 3148 920 3200 eum
962 3122 1058 3199 ad
1098 3129 1470 3198 certamen
1509 3123 1803 3216 magnis
1879 3122 2271 3198 itineribus
2309 3147 2734 3223 properare,
2771 3124 3016 3221 prius-

755 3272 976 3348 quam
1031 3249 1399 3324 exercitus
1454 3249 1856 3341 ungaricus
1915 3250 2069 3325 suis
2108 3249 2350 3348 copiis
2413 3254 3010 3350 conjungeretur.

759 3374 911 3452 Sed
988 3373 1347 3451 Germani
1440 3375 1713 3471 aliique
1809 3378 2097 3451 externi
2174 3377 2603 3453 distantiam
2681 3379 3009 3455 hostium

753 3490 1040 3601 iterque
1115 3525 1207 3575 ex
1281 3522 1416 3575 suo
1455 3523 1727 3597 gressu
1804 3502 2289 3598 dimetientes,
2334 3512 2408 3580 et
2485 3507 2736 3602 armis,
2815 3529 3010 3604 quae

755 3629 992 3705 solido
1030 3630 1230 3703 ferro
1270 3649 1400 3702 eos
1438 3635 1800 3723 tegerent,
1826 3630 2124 3705 nimium
2162 3630 2499 3726 fidentes,
2539 3632 3011 3731 hostiumque

751 3756 968 3855 pravi
1042 3753 1596 3846 aestimatores,
1674 3755 2006 3852 Ungaris
2064 3766 2314 3834 castra
2388 3759 2735 3834 mutanda
2813 3758 3012 3833 File-

752 3881 927 3955 kum
966 3901 1252 3969 versus,
1294 3887 1368 3953 et
1404 3879 2191 3988 praelium-vitandum
2231 3886 2721 3978 censentibuS,
2775 3883 3009 3960 donec

754 4007 1035 4086 auxilia
1068 4005 1427 4102 ungarica
1482 4005 1987 4104 adventarent,
2065 4011 2410 4086 abnuere.
2503 4009 2787 4102 Quarto
2826 4007 3009 4088 Idus

879 4233 940 4301 ἰ)
968 4235 1205 4291 Istvanfi
1225 4239 1502 4308 Jegyzete
1526 4259 1539 4293 τ
1566 4238 1624 4294 Is
1652 4238 1812 4294 Uriel
1840 4239 2172 4308 praefectus
2190 4240 2403 4305 Levae‚
2424 4249 2633 4312 postea
2657 4251 2841 4298 mente
2870 4243 3005 4297 alie·

747 4328 890 4379 nata
939 4327 1208 4398 egregius
1261 4344 1456 4383 scurra
1492 4328 1588 4384 vel
1615 4331 1806 4399 potius
1854 4332 2032 4386 morlo
2059 4330 2185 4401 fuit,
2236 4332 2568 4403 imperatori
2612 4332 3004 4389 Maximiliauo

748 4412 1027 4484 imprimis
1076 4431 1264 4482 carus,
1309 4435 1479 4474 secus
1508 4437 1678 4490 quam
1709 4420 1937 4475 solebat
1984 4426 2154 4491 pater
2183 4422 2576 4480 Ferdinandus
2606 4428 2666 4479 et
2702 4421 2855 4478 fitius
2886 4424 3004 4481 Ru-

748 4506 1006 4577 dolphus,
1048 4507 1143 4577 qui
1171 4510 1450 4578 ejusmodi
1481 4511 1833 4567 morionibus
1861 4529 1974 4568 non
2001 4513 2385 4571 delectantur.
