3293 5219
2342 279 2489 361 169

270 533 463 584 casus
521 507 789 604 aliquis
848 504 1280 580 reservavit.
1356 505 1515 579 Ista
1571 527 1752 598 ergo
1809 511 1970 577 erat
2060 527 2207 577 una
2262 524 2488 577 eausa

268 636 444 710 necis
482 636 768 709 illorum
829 635 1144 707 virorum
1184 655 1329 706 non
1366 630 1990 731 reprehendenda,
2028 631 2172 703 nisi
2208 632 2491 707 infinita

266 762 602 862 cupiditas
643 770 715 836 et
753 761 1072 835 avaritia
1126 762 1362 834 bonas
1420 784 1706 858 quoque
1748 782 1869 833 res
1908 760 2312 856 majoribus
2351 758 2482 834 fla-

267 892 448 983 gitiis
525 889 1119 963 contaminasset.
1209 887 1484 962 Bebeoi
1558 884 1691 962 illa
1728 896 1890 962 erat
1942 887 2256 985 privata,
2297 888 2489 984 quod

265 1018 341 1089 ab
376 1015 779 1113 Solymano
819 1015 1339 1109 gubernatoris
1378 1036 1638 1088 nomen
1693 1015 2182 1111 impetrasset,
2224 1037 2369 1111 qua
2405 1037 2487 1088 re

264 1134 538 1218 diminui
616 1143 993 1241 imperium
1088 1142 1232 1216 sibi
1325 1142 1797 1217 vehementer
1889 1142 2152 1239 regina
2252 1165 2478 1239 aegre

257 1272 543 1345 ferebat.
662 1270 810 1344 Sed
903 1270 1036 1344 illa
1128 1294 1356 1346 eausa
1446 1270 1895 1365 gravissima
1987 1278 2062 1343 et
2135 1246 2493 1345 intolerass

260 1397 408 1470 bilis
483 1398 621 1471 fuit
712 1397 1147 1487 eommunis,
1246 1398 1437 1492 quod
1531 1404 1840 1491 quatuor
1933 1395 2071 1468 viri
2147 1396 2335 1469 inter
2392 1417 2474 1471 se

246 1524 709 1620 jurejurando
752 1522 1057 1596 sancitis
1113 1521 1537 1596 foederibus
1597 1520 2211 1619 conspirationem
2252 1521 2470 1595 fecis·

259 1662 423 1735 sent,
464 1651 658 1747 quod
695 1647 1253 1722 formidolosum
1312 1649 1613 1743 reginae
1656 1649 2063 1740 videbatur,
2104 1672 2260 1722 oum
2302 1672 2477 1745 qua-

252 1790 397 1849 tuor
449 1775 557 1850 illi
582 1777 741 1865 viri,
784 1776 1127 1873 potentia,
1169 1775 1435 1868 gratia,
1476 1776 1760 1869 opibus,
1784 1774 2167 1867 clientelis,
2187 1775 2483 1852 arcibus

258 1914 457 2001 atque
534 1902 827 2002 oppidis
922 1925 1225 1996 regnum
1308 1925 1493 1999 pene
1585 1902 1968 1995 possidere
2041 1901 2479 1976 viderentur.

251 2026 493 2104 Omnis
533 2038 774 2104 autem
815 2027 1281 2125 conspiratiO,
1325 2027 1787 2123 quantumvis
1828 2028 2018 2102 bono
2058 2028 2198 2101 sub
2235 2027 2481 2103 colore

249 2157 313 2230 in
382 2179 611 2251 regno
687 2156 945 2229 illicita
1042 2162 1195 2247 est3
1272 2152 1561 2249 quando
1639 2154 1940 2227 eandem
2015 2154 2108 2227 ob
2183 2176 2478 2229 oausam

252 2281 676 2356 Franciseus
698 2282 973 2379 Kendy
1014 2282 1108 2355 ab
1148 2280 1487 2355 ‚Iohanne
1526 2289 1738 2378 patre
1794 2288 2012 2354 antea
2065 2282 2479 2376 majestatis

246 2407 633 2501 damnatuS,
672 2410 1029 2506 bonisque
1105 2408 1459 2507 privatus.
1557 2409 1757 2482 vitae
1829 2408 2230 2506 perieulum
2308 2411 2472 2504 ejus

247 2544 460 2608 morte
518 2544 667 2609 tum
726 2537 1001 2631 effugit.
1081 2533 1230 2609 Sed
1310 2537 1680 2611 Isabellae
1738 2535 2120 2611 eonsilium
2175 2543 2475 2635 praeter

248 2683 443 2735 unum
486 2660 937 2737 Stanislaum
979 2663 1363 2761 Nisoezky
1419 2662 1783 2760 polonum,
1843 2686 2150 2759 quocum
2191 2671 2262 2737 et
2300 2664 2476 2738 mol-

247 2785 509 2862 lissime
576 2791 938 2868 utebatur,
992 2799 1063 2864 et
1138 2791 1248 2863 eui
1325 2798 1615 2865 secreta
1655 2791 1898 2865 omnia
1953 2791 2473 2882 committebat,

242 2915 630 2988 mortalium
673 2917 959 2989 sciebat
1033 2939 1281 2990 nemo:
1321 2918 1868 3014 plectendorum
1906 2926 2148 2991 tamen
2186 2918 2473 2992 modum

250 3064 386 3114 non
421 3044 873 3138 reperiebat,
916 3045 1059 3117 nisi
1098 3045 1573 3120 Melehiorem
1612 3037 2006 3120 Balassam
2044 3047 2471 3142 impulisset.

244 3168 608 3268 Nisoezky
704 3172 894 3245 enim
1008 3178 1294 3245 secreto
1372 3195 1531 3246 eum
1626 3173 1947 3247 Balassa
2020 3175 2193 3269 egit,
2306 3197 2468 3249 eum

245 3320 513 3394 quoque
554 3322 772 3373 unum
813 3299 1000 3371 inter
1040 3322 1171 3371 eos
1213 3321 1381 3372 esse
1417 3299 1834 3388 ostendens,
1859 3299 1991 3374 sed
2029 3301 2090 3372 si
2115 3323 2268 3374 rem
2308 3325 2469 3399 per-

239 3420 442 3516 ficiat,
482 3448 626 3498 non
667 3425 880 3500 modo
938 3426 1225 3498 veniam
1267 3424 1406 3523 ipsi
1466 3426 1884 3520 condonari,
1942 3449 2192 3500 verum
2250 3427 2469 3503 etiam

238 3552 623 3646 praemium
686 3553 1094 3650 praestitae
1170 3574 1439 3646 operae
1517 3576 1761 3626 arcem
1819 3550 2029 3627 Veeh
2089 3552 2472 3628 Francisoi

238 3675 497 3776 Kendy
552 3679 889 3753 futuram.
938 3678 1247 3777 Aoeepit
1285 3679 1768 3753 conditionem
1823 3678 2164 3768 Balassa,
2221 3678 2334 3752 vir
2372 3679 2466 3754 ad

236 3825 428 3879 omne
465 3803 821 3900 flagitium
862 3815 1098 3880 natus.
1136 3807 1286 3880 Eos
1344 3829 1526 3901 ergo
1568 3815 1941 3903 tamquam
1980 3806 2457 3881 maximarum

232 3952 452 4004 rerum
509 3930 961 4026 agendarum
1018 3956 1245 4008 eausa
1337 3932 1594 4026 regina
1655 3932 1923 4006 Albam
1980 3931 2253 4006 Juliam
2294 3954 2468 4005 evo-

232 4062 377 4136 cat:
414 4056 515 4129 ibi
554 4065 755 4131 stata
775 4057 912 4148 die,
953 4082 1142 4154 quae
1163 4060 1299 4134 fuit
1338 4062 1593 4135 XXII.
1638 4057 2114 4155 Septembris,
2138 4057 2351 4130 simul
2391 4065 2465 4131 et

230 4181 437 4254 semel
496 4191 652 4257 tres
691 4184 911 4274 viros,
935 4185 1388 4282 singulorum
1412 4186 1633 4281 capiti
1656 4184 2220 4283 percussoribus
2245 4184 2463 4259 desti-

229 4306 429 4398 natis,
467 4332 607 4382 uno
664 4316 995 4407 tempore
1047 4312 1242 4386 intra
1307 4312 1631 4409 parietes
1691 4311 2134 4386 domesticos
2191 4311 2464 4407 gladiis

229 4432 565 4524 confecit3
606 4443 754 4510 tum
810 4436 883 4511 in
939 4437 1271 4512 eubiculo
1332 4437 1716 4511 Francisoi
1779 4439 2025 4510 Bebee
2081 4458 2461 4531 venenum,

228 4556 411 4650 quod
445 4558 806 4656 Byzantio
855 4563 1227 4658 attulerat,
1268 4585 1399 4661 rep
1418 4572 1650 4639 ertum
1707 4573 1841 4641 est.
1882 4563 2173 4664 Regina
2217 4571 2457 4639 autem
