3293 5219
543 1573 940 1671 LIBER
976 1573 1694 1672 VIGESIMUS
1736 1573 2260 1673 PRIMUS.

493 1991 617 2067 Ad
673 1989 982 2069 Calend.
1045 1994 1099 2071 J
1103 1994 1391 2071 anuarii
1484 2018 1619 2070 rex
1694 1995 1770 2069 in
1847 1995 2192 2094 oppidum
2269 1993 2540 2071 Zekel-
2678 2034 2683 2041 ·

282 2118 781 2194 vasarhelium
835 2120 1293 2197 comitiorum
1354 2121 1813 2217 agendorum
1870 2144 2098 2198 causa
2152 2121 2535 2221 profectus

285 2254 417 2320 est.
456 2245 610 2321 Ubi
644 2246 964 2343 publicis
1006 2249 1097 2323 de
1136 2248 1470 2346 negociis
1509 2255 1810 2345 praeter
1850 2270 2148 2324 censum
2184 2247 2535 2322 usitatum

284 2373 556 2447 factum
592 2378 708 2446 est
743 2372 944 2449 nihil.
987 2376 1076 2449 In
1114 2374 1478 2471 religione
1501 2375 1731 2448 multa
1768 2371 2058 2467 agitata
2097 2381 2285 2448 sunt.
2325 2371 2541 2446 Pete·

287 2500 415 2572 bat
452 2503 716 2589 autem,
755 2505 835 2573 ut
887 2497 964 2571 in
1004 2505 1271 2592 certos,
1333 2499 1457 2594 qui
1515 2498 1603 2572 de
1663 2495 2062 2572 arianismo
2101 2495 2543 2576 maledicere

286 2625 660 2716 auderent,
682 2624 1166 2700 animadverti
1205 2626 1482 2722 liceret;
1523 2625 1721 2722 quod
1759 2649 1842 2701 se
1880 2625 2206 2700 universi
2248 2625 2545 2701 ordines

287 2760 359 2826 et
393 2751 838 2849 praesertim
877 2751 1232 2826 nobilitas
1272 2776 1361 2826 ac
1379 2751 1752 2849 principes
1792 2750 1935 2825 viri
1973 2774 2243 2847 magno
2295 2772 2550 2827 assen-

288 2901 377 2953 su
413 2883 782 2971 negarunt
817 2877 1334 2971 permissuros.
1377 2878 1497 2952 Ex
1535 2877 1844 2954 consilio
1868 2876 2328 2953 Blandratae
2351 2873 2547 2976 (nam

289 3003 703 3099 Beqnesius
753 3027 890 3102 per
926 3003 1324 3100 legationis
1364 3026 1668 3080 causam
1707 3001 1997 3102 aberat)
2071 3011 2147 3078 et
2225 3000 2549 3078 Michae-

288 3130 384 3202 lis
425 3126 744 3225 Chaquy
783 3138 1050 3205 cuncta
1086 3131 1434 3224 faciebat,
1480 3131 1603 3228 qui
1642 3131 1850 3228 prius
1891 3138 2054 3204 erat
2093 3129 2553 3205 sacrificulus

289 3257 365 3329 in
425 3256 747 3331 ecclesia
805 3258 1118 3348 albensi,
1173 3259 1418 3333 factus
1477 3265 1743 3355 postea
1804 3255 2270 3344 lutheranus,
2354 3263 2554 3353 post-

293 3382 554 3459 modus
599 3383 815 3458 homo
856 3405 1107 3476 senex,
1136 3394 1209 3459 et
1248 3382 1344 3460 ad
1384 3383 1837 3479 decrepitam
1868 3404 2192 3478 vergens
2233 3388 2557 3478 aetatem

295 3509 775 3584 arianismum
834 3510 1192 3585 acerrime
1251 3509 1778 3607 propugnavit.
1840 3507 2084 3604 Igitur
2123 3507 2560 3605 disputatio-

294 3656 429 3709 nes
485 3634 561 3709 in
620 3634 804 3708 aede
861 3656 1083 3709 sacra
1155 3634 1651 3726 instituuntur,
1707 3633 1895 3708 adeo
1955 3633 2283 3709 absurda
2339 3639 2561 3729 atque

291 3760 668 3836 horrenda
725 3759 816 3835 de
874 3760 1350 3836 sanctissima
1424 3760 1666 3835 triade
1725 3760 2196 3835 tradentibus
2254 3758 2562 3837 arianis,

297 3899 377 3963 ut
431 3895 734 3987 praeter
789 3911 1045 3985 regem
1105 3896 1180 3964 et
1235 3909 1412 3963 suos
1468 3885 1719 3961 nullus
1778 3888 1939 3962 fere
2000 3886 2258 3962 audire
2319 3884 2565 3959 velletv

297 4021 700 4112 propterea
740 4013 937 4112 quod
993 4014 1246 4089 auditu
1310 4011 1470 4088 solo
1528 4012 1869 4086 homines
1929 4011 2217 4087 scelere
2277 4033 2361 4086 se
2402 4032 2568 4084 con-

302 4141 592 4237 stringi,
632 4148 707 4214 et
743 4141 1115 4239 piaculum
1172 4139 1317 4213 sibi
1366 4138 1805 4213 contrahere
1862 4138 2314 4213 viderentur.
2374 4138 2571 4212 Inte-

296 4289 428 4341 rea
467 4274 713 4342 tamen
750 4266 862 4340 illi
901 4267 977 4340 in
1014 4273 1304 4341 tantam
1351 4265 1887 4340 obscenitatem
1950 4270 2171 4360 atque
2237 4262 2581 4361 impieta·

292 4401 441 4467 tem
478 4391 677 4488 lapsi
716 4392 861 4466 sibi
918 4392 1417 4489 plaudebant3
1474 4414 1608 4466 rex
1668 4389 2018 4464 assentiri
2073 4389 2577 4476 vehementer,

295 4527 369 4593 et
406 4518 803 4614 aliquando
862 4517 1194 4593 oratione
1250 4516 1575 4612 longiori
1639 4513 2115 4606 confirmare,
2176 4512 2577 4611 aliquando
