3293 5219
2289 308 2440 395 371

201 556 391 631 equo
405 537 702 628 rediret,
720 530 815 611 ab
839 536 1121 633 aliquot
1151 534 1518 630 equitibus
1537 537 1902 634 expeditis
1917 537 2450 612 circumventus

201 670 274 737 et
313 664 648 760 sclopeto
680 665 1039 759 trajectus
1067 668 1202 736 est.
1259 660 1688 758 Eodemque
1725 670 2056 761 tempore
2096 659 2455 761 Crumpa-

199 787 410 863 chius
449 798 874 888 comparato
913 788 1159 865 valido
1182 788 1510 884 equitatu
1532 813 1625 866 ex
1658 790 2058 889 improviso
2081 788 2466 866 civitatem

206 916 754 1012 Virceburgam
776 919 1078 1011 invadit,
1118 923 1479 1022 capitque;
1502 919 1891 1019 oppidanis
1931 943 2019 994 ac
2075 920 2298 1011 clero,
2339 914 2463 1013 qui

206 1066 527 1139 magnus
587 1051 660 1119 et
698 1048 1087 1142 opulentus
1128 1049 1349 1124 isthic
1390 1056 1524 1137 est,
1583 1047 1833 1122 statim
1871 1068 2214 1142 magnam
2251 1064 2463 1139 pecu-

205 1170 403 1244 niam
442 1171 778 1268 imperat,
819 1182 893 1248 et
932 1177 1176 1252 omnia
1230 1176 1573 1268 minatur,
1613 1174 1687 1247 ni
1729 1174 2097 1271 extemplo
2139 1169 2289 1246 sibi
2326 1191 2462 1243 sua

209 1296 406 1371 bona
445 1297 867 1375 reddantur.
908 1304 1027 1376 Ita
1060 1304 1301 1378 omnia
1321 1305 1516 1378 bona
1552 1303 2055 1395 restituuntur3
2097 1299 2230 1374 sed
2269 1295 2463 1393 apud

213 1444 583 1496 cameram
603 1424 1059 1521 imperialem
1082 1437 1470 1503 accusatus
1490 1434 1755 1527 postea
1773 1450 1862 1500 ac
1901 1426 2285 1500 damnatus
2324 1434 2459 1519 est,

214 1555 571 1645 tanquam
609 1549 952 1646 publicae
997 1555 1204 1650 pacis
1242 1556 1583 1629 violator.
1627 1549 2163 1649 Crumpachius
2201 1558 2448 1627 tamen

210 1698 373 1749 cum
414 1677 811 1754 autoritate
850 1680 1147 1757 militari
1187 1682 1573 1779 plurimum
1613 1682 1949 1779 polleret,
1987 1679 2208 1754 facile
2246 1702 2446 1753 rece-

210 1810 503 1899 ptorem
525 1801 802 1876 invenit
820 1804 872 1879 J
879 1805 1240 1914 ohannem
1281 1805 1740 1881 Fridericum
1762 1806 2019 1883 ducem
2057 1802 2452 1899 saxoniae,

208 1928 447 2003 filium
486 1928 704 2023 illius,
738 1932 861 2028 qui
901 1957 947 2007 a
986 1930 1259 2010 Carolo
1283 1935 1376 2011 V.
1419 1937 1617 2011 bello
1640 1943 1899 2032 captus
1937 1932 2092 2008 fuit.
2136 1932 2280 2023 Qui
2305 1935 2465 2030 jam

210 2063 387 2130 ante
468 2056 562 2130 ob
672 2059 1111 2133 translatam
1205 2060 1802 2158 septemviralem
1877 2058 2317 2153 dignitatem
2390 2056 2468 2131 in

210 2181 681 2274 Mauritium‚
794 2184 1133 2281 Augusto
1246 2187 1665 2263 successori
1766 2186 2014 2284 palam
2123 2183 2463 2260 inimicus

215 2316 404 2383 erat.
502 2307 739 2405 Igitur
829 2311 904 2385 in
995 2313 1399 2410 praeterito
1475 2318 1858 2404 comeum,
1932 2311 2010 2385 iu
2085 2332 2228 2406 quo
2306 2310 2486 2384 Ma-·

219 2434 605 2509 ximiliauo
681 2437 960 2511 auxilia
1033 2438 1108 2512 in
1162 2439 1434 2514 bellum
1507 2437 1877 2537 promissa
1932 2443 2163 2528 erant,
2203 2435 2463 2510 adver-

225 2585 353 2638 sus
375 2559 942 2660 Orumpachium
954 2573 1028 2641 et
1041 2574 1543 2665 receptatores
1559 2566 1624 2663 ej
1633 2587 1722 2641 us
1740 2560 2007 2668 bellum
2029 2561 2464 2657 decernitur3

227 2693 533 2790 ejusque
545 2714 793 2767 curam
807 2692 1188 2788 Augustus
1212 2693 1354 2768 sibi
1391 2694 1758 2791 impetrat.
1774 2692 1982 2787 Ergo
1998 2689 2460 2765 Fridericum

228 2819 300 2895 in
340 2821 615 2919 oppido
655 2817 891 2895 Gotta
928 2819 1387 2917 Thuringiae
1426 2818 1914 2895 munitissimo
1954 2818 2265 2894 obsedit.

446 2948 878 3024 Fridericus
917 2968 1094 3022 vero
1171 2947 1473 3045 egregie
1514 2968 1597 3021 se
1628 2943 1971 3036 defendit,
2049 2945 2194 3018 imo
2233 2964 2469 3019 novas

230 3097 375 3168 res,
433 3095 844 3173 novumque
865 3074 1138 3151 bellum
1178 3097 1266 3148 ac
1301 3077 1619 3170 longum,
1679 3071 2224 3148 confoederatis
2282 3071 2474 3146 inter

230 3223 309 3276 se
346 3203 683 3301 plurimis
742 3204 1200 3301 principibus
1238 3201 1698 3276 moliebatur.
1740 3199 1952 3290 Quae
1992 3197 2468 3274 confoedera-

229 3328 331 3403 tio
393 3330 566 3404 talis
604 3331 776 3406 fuit:
834 3338 916 3406 ut
952 3329 1409 3405 Fridericum
1472 3325 1860 3401 obsidione
1915 3323 2342 3411 liberarent,
2385 3345 2475 3396 ac

228 3457 820 3554 septemviralem
913 3456 1344 3552 dignitatem
1398 3452 1512 3527 illi
1567 3449 2060 3542 restituerent,
2136 3449 2470 3524 Braban·

228 3583 427 3676 tiam,
486 3583 939 3677 Flandriam,
1012 3590 1235 3680 atque
1281 3581 1704 3655 universam
1763 3571 2243 3651 Germaniam
2280 3576 2474 3651 Infe-

229 3711 527 3786 riorem.
567 3710 643 3784 in
697 3709 1126 3787 societatem
1202 3705 1661 3805 acciperent:
1746 3726 1936 3798 quae
2009 3702 2175 3799 ipsa
2216 3698 2473 3776 adver-

230 3861 357 3913 sus
393 3837 798 3935 Hispanos,
839 3837 1104 3935 quodii
1123 3832 1677 3911 acerbissimam
1694 3827 2235 3927 inquisitionem
2274 3849 2479 3902 exer-

232 3972 486 4041 cerent
520 3964 596 4038 in
633 3941 1016 4058 religione,
1061 3960 1532 4051 exacerbata,
1573 3979 1808 4032 novas
1862 3977 1986 4031 res
2047 3953 2478 4051 spectabat:

234 4101 607 4190 postremo
667 4115 931 4168 novum
998 4091 1518 4189 imperatorem
1567 4087 2084 4183 designarent;
2151 4085 2225 4159 in
2264 4105 2476 4182 quem

237 4222 582 4296 effectum
621 4218 894 4295 milites
953 4240 1241 4316 quoque
1288 4214 1569 4315 passim
1609 4213 2286 4290 conscribebantur.
2328 4208 2478 4285 Sed

241 4348 431 4423 haec
469 4346 781 4421 consilia
816 4345 1135 4444 proditio
1202 4342 1414 4418 unius
1471 4340 1888 4416 antevertit.
1912 4336 2289 4436 Siquidem
2327 4336 2476 4412 dux

235 4472 563 4572 peditum
601 4471 1053 4548 aFriderico
1094 4469 1520 4561 accersitus,
1543 4475 1766 4566 atque
1824 4466 1913 4541 de
1953 4465 2476 4565 praesentibus

236 4599 761 4696 interrogatus,
783 4597 906 4695 qui
941 4597 1397 4696 praedictam
1433 4593 2147 4670 confoederationem
2183 4590 2476 4689 ignora·

2013 4717 2157 4794 24*
