3293 5219
2329 248 2487 327 323

241 464 716 572 oppugnatio,
755 487 948 540 nova
986 465 1332 540 laborum
1374 467 1627 558 facies,
1652 489 1845 541 nova
1883 468 2116 543 moles
2154 468 2485 567 periculi,

240 592 578 667 instaret.
637 589 757 666 Ab
812 592 1054 667 tribus
1113 591 1330 667 simul
1388 593 1729 691 partibus
1771 594 2155 670 tormentis
2216 594 2377 669 dies
2416 603 2492 672 et

242 727 501 795 noctes
538 720 1099 818 propugnacula
1139 720 1575 818 moeniaque
1612 722 1881 820 petita,
1921 731 2075 797 tres
2113 721 2349 797 moles
2387 721 2490 797 in-

246 846 571 942 gentium
610 846 1084 923 castellorum
1144 847 1621 923 similitudine
1674 848 1917 923 saccis
1953 857 2157 925 terra
2204 856 2280 924 et
2316 849 2493 924 lana

245 972 588 1072 oppletis,
646 976 852 1071 cujus
909 976 1133 1051 multo
1183 975 1580 1049 maximam
1637 976 1926 1074 copiam
1984 999 2077 1051 ex
2133 957 2500 1051 universa·

248 1101 633 1198 provincia
722 1110 1275 1198 congesserant,
1333 1100 1792 1178 altitudinem
1852 1103 2209 1179 moenium
2285 1127 2494 1200 egre-

254 1228 538 1305 dientes
576 1229 877 1305 easdem
915 1231 1008 1307 ad
1049 1237 1316 1330 partes
1359 1231 1545 1307 mira
1584 1231 1969 1306 celeritate
2007 1238 2496 1325 constructae;

254 1380 478 1455 super
519 1356 635 1433 his
674 1357 1003 1434 delectae
1048 1358 1588 1455 janiciarorum
1626 1383 1886 1435 manus
1925 1383 2086 1435 cum
2116 1356 2498 1435 tormentis

252 1486 666 1584 impositae,
706 1486 982 1562 nullum
1042 1493 1502 1583 momentum,
1541 1487 1844 1585 fossam,
1899 1490 2194 1583 vallum,
2269 1511 2499 1586 agge·

254 1636 431 1706 rem,
486 1622 614 1689 aut
667 1614 1114 1690 munimenta
1170 1613 1534 1691 introrsus
1572 1615 1922 1690 moliendi
1959 1614 2499 1713 relinquebant,

256 1741 488 1815 donec
527 1764 671 1816 uno
713 1740 1114 1839 eodemque
1157 1750 1488 1840 tempore
1530 1764 1798 1819 averso
1839 1744 2058 1819 etiam
2100 1744 2284 1838 rivo,
2322 1742 2505 1817 scis-

258 1892 343 1943 sa
360 1868 724 1967 repagine
757 1870 1383 1967 aquarum,fossis
1422 1871 1755 1965 materia,
1785 1879 2133 1970 terraque
2169 1847 2500 1969 repletis,

260 2020 347 2071 ac
386 1996 718 2072 cratibus
757 1995 1076 2094 desuper
1111 1995 1473 2094 impositis
1510 1997 1606 2071 ad
1644 2019 1891 2072 muros
1929 1996 2281 2090 subirent,
2302 2019 2505 2072 acer-

262 2124 444 2197 rime
484 2130 1025 2221 oppugnarent,
1049 2123 1239 2198 diem
1278 2147 1367 2197 ac
1386 2130 1670 2198 noctem
1704 2126 1919 2221 juxta
1958 2124 2303 2200 infestam
2341 2121 2505 2199 red-

264 2250 524 2342 dendo,
580 2258 660 2325 ut
712 2258 1069 2349 perpetuo
1127 2249 1386 2326 labore
1446 2274 1538 2325 ac
1593 2250 1885 2348 vigiliis
1952 2250 2501 2325 conficerentur.

263 2375 413 2453 Sed
468 2378 1176 2477 periculosissimum
1233 2387 1603 2454 certamen
1654 2385 1916 2475 quarto
1957 2376 2260 2452 Calend.
2302 2374 2502 2475 Sept.

244 2501 696 2605 (decollatio
754 2503 827 2580 S.
886 2507 937 2582 J
942 2506 1254 2581 ohannis
1311 2506 1702 2604 Baptistae
1750 2506 2084 2580 *infausta
2152 2502 2505 2598 Ungaris,

269 2638 519 2711 fausta
555 2637 705 2712 illis
761 2637 922 2711 dies
971 2630 1160 2733 erat)
1184 2636 1457 2729 initum,
1516 2661 1676 2712 cum
1715 2637 2104 2713 universus
2143 2634 2511 2712 exercitus

269 2763 364 2837 ad
421 2762 990 2861 oppugnandum
1048 2763 1502 2839 incubuisset
1521 2759 1609 2862 ³³).
1649 2764 1843 2840 Nam
1884 2762 2327 2862 Solymanus
2364 2783 2511 2838 mo-

269 2913 400 2965 rae
440 2889 858 2987 impatiens,
916 2896 989 2962 et
1025 2887 1398 2963 irritatum
1455 2889 2081 2987 oppugnationum
2133 2911 2509 2981 accensus,

273 3018 488 3092 simul
546 3015 1053 3091 recordatione
1109 3015 1307 3090 illius
1366 3015 1531 3107 diei,
1569 3016 1752 3090 felix
1809 3039 1898 3090 ac
1931 3017 2253 3092 faustum
2294 3038 2505 3091 omen

274 3151 642 3242 precatus,
699 3142 1249 3242 increpatisque
1291 3143 1545 3217 visitis
1585 3166 2014 3241 expugnare
2045 3144 2276 3241 jubet.
2317 3140 2534 3233 Quin,

273 3279 344 3344 et
381 3271 546 3369 ipse
586 3270 805 3344 senili
845 3293 1155 3367 corpore
1195 3270 1581 3366 langvens,
1638 3270 1868 3367 prisci
1923 3277 2167 3345 tamen
2224 3268 2512 3343 decoris

276 3398 560 3490 avidus,
602 3421 792 3495 equo
830 3396 1236 3494 imposituS,
1261 3396 1847 3495 conspicuusque
1886 3396 2039 3471 suis
2062 3394 2515 3470 accendebat

276 3526 581 3601 animos.
649 3524 1050 3600 Janiciaris
1109 3523 1343 3622 primo
1401 3524 1563 3598 loco
1622 3523 2128 3621 subeuntibus,
2168 3522 2513 3596 miscetur

273 3651 658 3751 praelium3
696 3652 778 3726 fit
819 3658 1034 3725 atrox
1073 3673 1324 3748 pugna
1350 3653 1506 3747 jam
1546 3647 1973 3742 missilibus,
2006 3651 2158 3745 jam
2198 3670 2514 3745 corpora

276 3780 734 3878 corporibuS,
757 3802 964 3853 arma
1003 3778 1252 3871 armis,
1275 3779 1469 3852 vires
1490 3777 1771 3853 viribus
1793 3775 2251 3874 opponend03
2274 3773 2371 3850 ad
2391 3797 2513 3847 ex-

280 3914 592 3983 tremum
631 3913 850 4004 capto
865 3905 1397 4011 janiciarorum
1421 3930 1570 4002 aga
1609 3913 1685 3979 et
1704 3905 1931 3979 multa
1970 3902 2179 3979 clade
2211 3899 2518 3993 affectis,

284 4033 643 4131 praelium
685 4057 1049 4131 excepere
1097 4033 1367 4129 integri
1408 4055 1494 4107 ac
1529 4037 1895 4120 recentes3
1952 4037 2104 4106 tum
2159 4026 2520 4127 praelium

507 4277 697 4286 ,ω’-.-

481 4394 543 4467 ff)
581 4391 821 4452 1stv4nfi
839 4394 1112 4468 jegyzeto
1138 4411 1151 4447 :
1180 4388 1266 4447 Eo
1290 4389 1383 4447 die
1409 4350 1633 4447 ’πατέω
1659 4405 1722 4446 se
1741 4388 1799 4446 in
1845 4383 2050 4447 eastris
2076 4382 2306 4445 silentio
2340 4385 2521 4443 eonti-

274 4492 533 4554 uueruut·²
557 4487 643 4543 uti
679 4487 753 4557 ii,
780 4486 875 4558 qui
901 4482 1284 4541 interfuerunt
1308 4481 1609 4553 obsidioni,
1637 4481 1909 4540 referunt.

2044 4632 2186 4709 21*
