<?xml version="1.0" encoding="UTF-8"?>
<!DOCTYPE html PUBLIC "-//W3C//DTD XHTML 1.0 Transitional//EN"
    "http://www.w3.org/TR/xhtml1/DTD/xhtml1-transitional.dtd">
<html xmlns="http://www.w3.org/1999/xhtml" xml:lang="en" lang="en">
 <head>
  <title>
</title>
<meta http-equiv="Content-Type" content="text/html;charset=utf-8" />
  <meta name='ocr-system' content='tesseract 3.04.00' />
  <meta name='ocr-capabilities' content='ocr_page ocr_carea ocr_par ocr_line ocrx_word'/>
</head>
<body>
  <div class='ocr_page' id='page_1' title='image "./magyarhistorija00bpgoog/magyarhistorija00bpgoog_0623.png"; bbox 0 0 3293 5219; ppageno 0'>
   <div class='ocr_carea' id='block_1_1' title="bbox 2410 321 2562 398">
    <p class='ocr_par' dir='ltr' id='par_1_1' title="bbox 2410 321 2562 398">
     <span class='ocr_line' id='line_1_1' title="bbox 2410 321 2562 398; baseline 0.007 -1"><span class='ocrx_word' id='word_1_1' title='bbox 2410 321 2562 398; x_wconf 85' lang='lat'><strong>503</strong></span> 
     </span>
    </p>
   </div>
   <div class='ocr_carea' id='block_1_2' title="bbox 281 515 2569 4301">
    <p class='ocr_par' dir='ltr' id='par_1_2' title="bbox 281 515 2569 4301">
     <span class='ocr_line' id='line_1_2' title="bbox 324 515 2557 632; baseline -0.001 -18"><span class='ocrx_word' id='word_1_2' title='bbox 324 547 624 630; x_wconf 87' lang='lat' dir='ltr'><strong>starent,</strong></span> <span class='ocrx_word' id='word_1_3' title='bbox 646 538 871 612; x_wconf 87' lang='lat' dir='ltr'><strong>nimia</strong></span> <span class='ocrx_word' id='word_1_4' title='bbox 907 535 1322 611; x_wconf 87' lang='lat' dir='ltr'><strong>ambitione.</strong></span> <span class='ocrx_word' id='word_1_5' title='bbox 1352 536 1640 613; x_wconf 82' lang='lat' dir='ltr'><strong>Etenim</strong></span> <span class='ocrx_word' id='word_1_6' title='bbox 1662 539 2028 632; x_wconf 82' lang='lat' dir='ltr'><strong>insignem</strong></span> <span class='ocrx_word' id='word_1_7' title='bbox 2068 515 2371 614; x_wconf 87' lang='lat' dir='ltr'><strong>aeneam</strong></span> <span class='ocrx_word' id='word_1_8' title='bbox 2412 549 2557 614; x_wconf 89' lang='lat' dir='ltr'><strong>sta-</strong></span> 
     </span>
     <span class='ocr_line' id='line_1_3' title="bbox 323 652 2558 763; baseline 0 -23"><span class='ocrx_word' id='word_1_9' title='bbox 323 673 521 742; x_wconf 85' lang='lat' dir='ltr'><strong>tuam</strong></span> <span class='ocrx_word' id='word_1_10' title='bbox 559 657 1041 762; x_wconf 82' lang='lat' dir='ltr'><strong>equestrem*)</strong></span> <span class='ocrx_word' id='word_1_11' title='bbox 1082 663 1155 737; x_wconf 90' lang='lat' dir='ltr'><strong>in</strong></span> <span class='ocrx_word' id='word_1_12' title='bbox 1192 686 1366 738; x_wconf 88' lang='lat' dir='ltr'><strong>arce</strong></span> <span class='ocrx_word' id='word_1_13' title='bbox 1403 687 1598 739; x_wconf 89' lang='lat' dir='ltr'><strong>nova</strong></span> <span class='ocrx_word' id='word_1_14' title='bbox 1634 652 2122 763; x_wconf 86' lang='lat' dir='ltr'><strong>antverpiana</strong></span> <span class='ocrx_word' id='word_1_15' title='bbox 2182 666 2326 741; x_wconf 91' lang='lat' dir='ltr'><strong>sibi</strong></span> <span class='ocrx_word' id='word_1_16' title='bbox 2363 668 2558 741; x_wconf 89' lang='lat' dir='ltr'><strong>loca-</strong></span> 
     </span>
     <span class='ocr_line' id='line_1_4' title="bbox 322 790 2564 899; baseline -0.001 -31"><span class='ocrx_word' id='word_1_17' title='bbox 322 793 446 884; x_wconf 85' lang='lat' dir='ltr'><strong>vit,</strong></span> <span class='ocrx_word' id='word_1_18' title='bbox 466 815 626 868; x_wconf 91' lang='lat' dir='ltr'><strong>cum</strong></span> <span class='ocrx_word' id='word_1_19' title='bbox 647 790 1058 866; x_wconf 79' lang='lat' dir='ltr'><strong>simulacris</strong></span> <span class='ocrx_word' id='word_1_20' title='bbox 1081 790 2091 886; x_wconf 87' lang='lat' dir='ltr'><strong>Egmondani,Hornensis,et</strong></span> <span class='ocrx_word' id='word_1_21' title='bbox 2132 792 2564 899; x_wconf 46' lang='lat' dir='ltr'><strong>Orengianr</strong></span> 
     </span>
     <span class='ocr_line' id='line_1_5' title="bbox 324 919 2565 1017; baseline -0.001 -22"><span class='ocrx_word' id='word_1_22' title='bbox 324 927 671 1017; x_wconf 88' lang='lat' dir='ltr'><strong>tanquam</strong></span> <span class='ocrx_word' id='word_1_23' title='bbox 729 940 1087 992; x_wconf 84' lang='lat' dir='ltr'><strong>nexorum</strong></span> <span class='ocrx_word' id='word_1_24' title='bbox 1165 922 1238 992; x_wconf 91' lang='lat' dir='ltr'><strong>et</strong></span> <span class='ocrx_word' id='word_1_25' title='bbox 1293 926 1851 1013; x_wconf 85' lang='lat' dir='ltr'><strong>prostratorum.</strong></span> <span class='ocrx_word' id='word_1_26' title='bbox 1921 919 2244 1012; x_wconf 82' lang='lat' dir='ltr'><strong>Quorum</strong></span> <span class='ocrx_word' id='word_1_27' title='bbox 2299 942 2565 995; x_wconf 87' lang='lat' dir='ltr'><strong>recens</strong></span> 
     </span>
     <span class='ocr_line' id='line_1_6' title="bbox 325 1044 2565 1144; baseline -0.001 -22"><span class='ocrx_word' id='word_1_28' title='bbox 325 1045 674 1122; x_wconf 87' lang='lat' dir='ltr'><strong>memoria</strong></span> <span class='ocrx_word' id='word_1_29' title='bbox 707 1044 898 1120; x_wconf 90' lang='lat' dir='ltr'><strong>alios</strong></span> <span class='ocrx_word' id='word_1_30' title='bbox 937 1045 1270 1137; x_wconf 88' lang='lat' dir='ltr'><strong>acuebat,</strong></span> <span class='ocrx_word' id='word_1_31' title='bbox 1310 1044 1500 1120; x_wconf 91' lang='lat' dir='ltr'><strong>alios</strong></span> <span class='ocrx_word' id='word_1_32' title='bbox 1561 1045 2001 1138; x_wconf 88' lang='lat' dir='ltr'><strong>offendebat,</strong></span> <span class='ocrx_word' id='word_1_33' title='bbox 2042 1046 2234 1144; x_wconf 89' lang='lat' dir='ltr'><strong>quod</strong></span> <span class='ocrx_word' id='word_1_34' title='bbox 2272 1048 2565 1122; x_wconf 88' lang='lat' dir='ltr'><strong>illorum</strong></span> 
     </span>
     <span class='ocr_line' id='line_1_7' title="bbox 324 1170 2566 1268; baseline 0 -20"><span class='ocrx_word' id='word_1_35' title='bbox 324 1174 465 1249; x_wconf 92' lang='lat' dir='ltr'><strong>duo</strong></span> <span class='ocrx_word' id='word_1_36' title='bbox 527 1196 670 1249; x_wconf 91' lang='lat' dir='ltr'><strong>non</strong></span> <span class='ocrx_word' id='word_1_37' title='bbox 746 1171 967 1262; x_wconf 88' lang='lat' dir='ltr'><strong>bello,</strong></span> <span class='ocrx_word' id='word_1_38' title='bbox 1025 1170 1157 1245; x_wconf 90' lang='lat' dir='ltr'><strong>sed</strong></span> <span class='ocrx_word' id='word_1_39' title='bbox 1194 1171 1458 1246; x_wconf 87' lang='lat' dir='ltr'><strong>fraude</strong></span> <span class='ocrx_word' id='word_1_40' title='bbox 1515 1171 1668 1247; x_wconf 84' lang='lat' dir='ltr'><strong>vita</strong></span> <span class='ocrx_word' id='word_1_41' title='bbox 1717 1174 1990 1268; x_wconf 86' lang='lat' dir='ltr'><strong>privati</strong></span> <span class='ocrx_word' id='word_1_42' title='bbox 2048 1181 2299 1248; x_wconf 87' lang='lat' dir='ltr'><strong>essent</strong></span> <span class='ocrx_word' id='word_1_43' title='bbox 2343 1202 2356 1246; x_wconf 76' lang='grc' dir='ltr'><strong><em>ε</em></strong></span> <span class='ocrx_word' id='word_1_44' title='bbox 2415 1182 2566 1249; x_wconf 88' lang='lat' dir='ltr'><strong>tum</strong></span> 
     </span>
     <span class='ocr_line' id='line_1_8' title="bbox 332 1293 2567 1399; baseline -0.001 -23"><span class='ocrx_word' id='word_1_45' title='bbox 332 1301 528 1399; x_wconf 85' lang='lat' dir='ltr'><strong>quod</strong></span> <span class='ocrx_word' id='word_1_46' title='bbox 584 1322 675 1375; x_wconf 89' lang='lat' dir='ltr'><strong>ne</strong></span> <span class='ocrx_word' id='word_1_47' title='bbox 716 1298 1005 1396; x_wconf 84' lang='lat' dir='ltr'><strong>quidem</strong></span> <span class='ocrx_word' id='word_1_48' title='bbox 1063 1293 1380 1372; x_wconf 84' lang='lat' dir='ltr'><strong>Carolus</strong></span> <span class='ocrx_word' id='word_1_49' title='bbox 1439 1299 1530 1373; x_wconf 90' lang='lat' dir='ltr'><strong>V.</strong></span> <span class='ocrx_word' id='word_1_50' title='bbox 1592 1298 1991 1396; x_wconf 90' lang='lat' dir='ltr'><strong>imperator</strong></span> <span class='ocrx_word' id='word_1_51' title='bbox 2048 1323 2367 1398; x_wconf 89' lang='lat' dir='ltr'><strong>unquam</strong></span> <span class='ocrx_word' id='word_1_52' title='bbox 2424 1301 2567 1376; x_wconf 86' lang='lat' dir='ltr'><strong>sibi</strong></span> 
     </span>
     <span class='ocr_line' id='line_1_9' title="bbox 325 1421 2565 1523; baseline -0.001 -20"><span class='ocrx_word' id='word_1_53' title='bbox 325 1433 641 1503; x_wconf 86' lang='lat' dir='ltr'><strong>statuam</strong></span> <span class='ocrx_word' id='word_1_54' title='bbox 718 1425 964 1499; x_wconf 90' lang='lat' dir='ltr'><strong>locare</strong></span> <span class='ocrx_word' id='word_1_55' title='bbox 1019 1421 1415 1498; x_wconf 88' lang='lat' dir='ltr'><strong>voluisset:</strong></span> <span class='ocrx_word' id='word_1_56' title='bbox 1472 1433 1620 1498; x_wconf 88' lang='lat' dir='ltr'><strong>tum</strong></span> <span class='ocrx_word' id='word_1_57' title='bbox 1680 1448 1853 1500; x_wconf 88' lang='lat' dir='ltr'><strong>vero</strong></span> <span class='ocrx_word' id='word_1_58' title='bbox 1934 1427 2106 1523; x_wconf 86' lang='lat' dir='ltr'><strong>quia</strong></span> <span class='ocrx_word' id='word_1_59' title='bbox 2143 1428 2565 1507; x_wconf 86' lang='lat' dir='ltr'><strong>memoriam</strong></span> 
     </span>
     <span class='ocr_line' id='line_1_10' title="bbox 326 1548 2569 1651; baseline -0 -22"><span class='ocrx_word' id='word_1_60' title='bbox 326 1554 575 1629; x_wconf 90' lang='lat' dir='ltr'><strong>delere</strong></span> <span class='ocrx_word' id='word_1_61' title='bbox 632 1548 950 1626; x_wconf 90' lang='lat' dir='ltr'><strong>crudelis</strong></span> <span class='ocrx_word' id='word_1_62' title='bbox 1005 1549 1133 1637; x_wconf 89' lang='lat' dir='ltr'><strong>rei,</strong></span> <span class='ocrx_word' id='word_1_63' title='bbox 1175 1571 1390 1645; x_wconf 90' lang='lat' dir='ltr'><strong>quam</strong></span> <span class='ocrx_word' id='word_1_64' title='bbox 1440 1550 1764 1646; x_wconf 77' lang='lat' dir='ltr'><strong>quotidie</strong></span> <span class='ocrx_word' id='word_1_65' title='bbox 1823 1552 2301 1649; x_wconf 78' lang='lat' dir='ltr'><strong>spectandam</strong></span> <span class='ocrx_word' id='word_1_66' title='bbox 2356 1577 2569 1651; x_wconf 87' lang='lat' dir='ltr'><strong>prae·</strong></span> 
     </span>
     <span class='ocr_line' id='line_1_11' title="bbox 325 1673 2566 1776; baseline -0.001 -21"><span class='ocrx_word' id='word_1_67' title='bbox 325 1681 523 1771; x_wconf 90' lang='lat' dir='ltr'><strong>bere,</strong></span> <span class='ocrx_word' id='word_1_68' title='bbox 580 1681 968 1776; x_wconf 84' lang='lat' dir='ltr'><strong>praestare</strong></span> <span class='ocrx_word' id='word_1_69' title='bbox 1005 1682 1368 1772; x_wconf 87' lang='lat' dir='ltr'><strong>putarent.</strong></span> <span class='ocrx_word' id='word_1_70' title='bbox 1427 1673 1715 1750; x_wconf 86' lang='lat' dir='ltr'><strong>Bellum</strong></span> <span class='ocrx_word' id='word_1_71' title='bbox 1774 1684 2015 1753; x_wconf 88' lang='lat' dir='ltr'><strong>autem</strong></span> <span class='ocrx_word' id='word_1_72' title='bbox 2072 1687 2410 1754; x_wconf 79' lang='lat' dir='ltr'><strong>exortum</strong></span> <span class='ocrx_word' id='word_1_73' title='bbox 2451 1686 2566 1753; x_wconf 92' lang='lat' dir='ltr'><strong>est</strong></span> 
     </span>
     <span class='ocr_line' id='line_1_12' title="bbox 332 1800 2568 1902; baseline -0.001 -20"><span class='ocrx_word' id='word_1_74' title='bbox 332 1808 461 1894; x_wconf 89' lang='lat' dir='ltr'><strong>ita,</strong></span> <span class='ocrx_word' id='word_1_75' title='bbox 503 1804 696 1902; x_wconf 88' lang='lat' dir='ltr'><strong>quod</strong></span> <span class='ocrx_word' id='word_1_76' title='bbox 753 1800 1181 1897; x_wconf 86' lang='lat' dir='ltr'><strong>Aurangius</strong></span> <span class='ocrx_word' id='word_1_77' title='bbox 1239 1802 1511 1900; x_wconf 88' lang='lat' dir='ltr'><strong>oppida</strong></span> <span class='ocrx_word' id='word_1_78' title='bbox 1568 1802 1818 1900; x_wconf 87' lang='lat' dir='ltr'><strong>aliqua</strong></span> <span class='ocrx_word' id='word_1_79' title='bbox 1863 1803 1939 1877; x_wconf 90' lang='lat' dir='ltr'><strong>in</strong></span> <span class='ocrx_word' id='word_1_80' title='bbox 1977 1801 2340 1880; x_wconf 82' lang='lat' dir='ltr'><strong>Zelandia</strong></span> <span class='ocrx_word' id='word_1_81' title='bbox 2376 1805 2568 1880; x_wconf 90' lang='lat' dir='ltr'><strong>obti-</strong></span> 
     </span>
     <span class='ocr_line' id='line_1_13' title="bbox 330 1927 2567 2028; baseline -0.002 -19"><span class='ocrx_word' id='word_1_82' title='bbox 330 1933 572 2022; x_wconf 85' lang='lat' dir='ltr'><strong>nebat,</strong></span> <span class='ocrx_word' id='word_1_83' title='bbox 628 1931 726 2004; x_wconf 93' lang='lat' dir='ltr'><strong>ad</strong></span> <span class='ocrx_word' id='word_1_84' title='bbox 781 1952 969 2027; x_wconf 88' lang='lat' dir='ltr'><strong>quae</strong></span> <span class='ocrx_word' id='word_1_85' title='bbox 1025 1928 1527 2026; x_wconf 85' lang='lat' dir='ltr'><strong>recuperanda</strong></span> <span class='ocrx_word' id='word_1_86' title='bbox 1586 1927 1945 2022; x_wconf 88' lang='lat' dir='ltr'><strong>Albanus,</strong></span> <span class='ocrx_word' id='word_1_87' title='bbox 1996 1937 2344 2028; x_wconf 87' lang='lat' dir='ltr'><strong>tanquam</strong></span> <span class='ocrx_word' id='word_1_88' title='bbox 2400 1931 2567 2006; x_wconf 89' lang='lat' dir='ltr'><strong>reli-</strong></span> 
     </span>
     <span class='ocr_line' id='line_1_14' title="bbox 332 2030 2565 2160; baseline -0.001 -24"><span class='ocrx_word' id='word_1_89' title='bbox 332 2060 546 2160; x_wconf 86' lang='lat' dir='ltr'><strong>quias</strong></span> <span class='ocrx_word' id='word_1_90' title='bbox 619 2056 796 2133; x_wconf 92' lang='lat' dir='ltr'><strong>belli</strong></span> <span class='ocrx_word' id='word_1_91' title='bbox 849 2054 1363 2149; x_wconf 86' lang='lat' dir='ltr'><strong>conficiendas,</strong></span> <span class='ocrx_word' id='word_1_92' title='bbox 1383 2030 1553 2132; x_wconf 49' lang='lat' dir='ltr'><strong>⁸tres</strong></span> <span class='ocrx_word' id='word_1_93' title='bbox 1593 2058 1929 2149; x_wconf 85' lang='lat' dir='ltr'><strong>legiones</strong></span> <span class='ocrx_word' id='word_1_94' title='bbox 1953 2055 2355 2134; x_wconf 84' lang='lat' dir='ltr'><strong>Vallonum</strong></span> <span class='ocrx_word' id='word_1_95' title='bbox 2392 2080 2565 2133; x_wconf 91' lang='lat' dir='ltr'><strong>con-</strong></span> 
     </span>
     <span class='ocr_line' id='line_1_15' title="bbox 281 2182 2566 2282; baseline -0.001 -19"><span class='ocrx_word' id='word_1_96' title='bbox 281 2188 290 2197; x_wconf 83' lang='grc'><strong><em>’</em></strong></span> <span class='ocrx_word' id='word_1_97' title='bbox 331 2186 606 2278; x_wconf 79' lang='lat' dir='ltr'><strong>scribit,</strong></span> <span class='ocrx_word' id='word_1_98' title='bbox 682 2183 1183 2281; x_wconf 87' lang='lat' dir='ltr'><strong>Hispanorum</strong></span> <span class='ocrx_word' id='word_1_99' title='bbox 1221 2182 1361 2258; x_wconf 88' lang='lat' dir='ltr'><strong>duo</strong></span> <span class='ocrx_word' id='word_1_100' title='bbox 1402 2184 1633 2258; x_wconf 90' lang='lat' dir='ltr'><strong>millia</strong></span> <span class='ocrx_word' id='word_1_101' title='bbox 1692 2184 1765 2258; x_wconf 90' lang='lat' dir='ltr'><strong>in</strong></span> <span class='ocrx_word' id='word_1_102' title='bbox 1824 2184 2413 2282; x_wconf 89' lang='lat' dir='ltr'><strong>supplementum</strong></span> <span class='ocrx_word' id='word_1_103' title='bbox 2452 2209 2566 2261; x_wconf 89' lang='lat' dir='ltr'><strong>ac-</strong></span> 
     </span>
     <span class='ocr_line' id='line_1_16' title="bbox 332 2309 2567 2408; baseline 0 -17"><span class='ocrx_word' id='word_1_104' title='bbox 332 2313 609 2407; x_wconf 79' lang='lat' dir='ltr'><strong>cersit3</strong></span> <span class='ocrx_word' id='word_1_105' title='bbox 700 2309 1178 2405; x_wconf 86' lang='lat' dir='ltr'><strong>confectoque</strong></span> <span class='ocrx_word' id='word_1_106' title='bbox 1245 2309 1441 2384; x_wconf 92' lang='lat' dir='ltr'><strong>bello</strong></span> <span class='ocrx_word' id='word_1_107' title='bbox 1497 2318 1838 2406; x_wconf 88' lang='lat' dir='ltr'><strong>pacatam</strong></span> <span class='ocrx_word' id='word_1_108' title='bbox 1894 2310 2349 2408; x_wconf 86' lang='lat' dir='ltr'><strong>provinciam</strong></span> <span class='ocrx_word' id='word_1_109' title='bbox 2408 2336 2567 2391; x_wconf 91' lang='lat' dir='ltr'><strong>suc·</strong></span> 
     </span>
     <span class='ocr_line' id='line_1_17' title="bbox 334 2434 2563 2536; baseline 0.001 -20"><span class='ocrx_word' id='word_1_110' title='bbox 334 2438 618 2517; x_wconf 87' lang='lat' dir='ltr'><strong>cessori</strong></span> <span class='ocrx_word' id='word_1_111' title='bbox 652 2436 952 2512; x_wconf 82' lang='lat' dir='ltr'><strong>tradere</strong></span> <span class='ocrx_word' id='word_1_112' title='bbox 1015 2434 1378 2532; x_wconf 88' lang='lat' dir='ltr'><strong>cupiebat,</strong></span> <span class='ocrx_word' id='word_1_113' title='bbox 1438 2444 1518 2512; x_wconf 91' lang='lat' dir='ltr'><strong>ut</strong></span> <span class='ocrx_word' id='word_1_114' title='bbox 1573 2437 1807 2512; x_wconf 89' lang='lat' dir='ltr'><strong>omnis</strong></span> <span class='ocrx_word' id='word_1_115' title='bbox 1846 2436 2093 2533; x_wconf 89' lang='lat' dir='ltr'><strong>gloria</strong></span> <span class='ocrx_word' id='word_1_116' title='bbox 2130 2462 2363 2536; x_wconf 90' lang='lat' dir='ltr'><strong>penes</strong></span> <span class='ocrx_word' id='word_1_117' title='bbox 2403 2465 2563 2518; x_wconf 90' lang='lat' dir='ltr'><strong>eum</strong></span> 
     </span>
     <span class='ocr_line' id='line_1_18' title="bbox 334 2561 2564 2662; baseline 0 -18"><span class='ocrx_word' id='word_1_118' title='bbox 334 2573 568 2644; x_wconf 85' lang='lat' dir='ltr'><strong>staret</strong></span> <span class='ocrx_word' id='word_1_119' title='bbox 589 2591 614 2659; x_wconf 74' lang='grc' dir='ltr'><strong>ς.</strong></span> <span class='ocrx_word' id='word_1_120' title='bbox 645 2584 808 2640; x_wconf 89' lang='lat' dir='ltr'><strong>cum</strong></span> <span class='ocrx_word' id='word_1_121' title='bbox 847 2582 1233 2638; x_wconf 88' lang='lat' dir='ltr'><strong>successor</strong></span> <span class='ocrx_word' id='word_1_122' title='bbox 1269 2561 1377 2637; x_wconf 93' lang='lat' dir='ltr'><strong>illi</strong></span> <span class='ocrx_word' id='word_1_123' title='bbox 1427 2586 1518 2638; x_wconf 85' lang='lat' dir='ltr'><strong>ex</strong></span> <span class='ocrx_word' id='word_1_124' title='bbox 1539 2562 1913 2662; x_wconf 87' lang='lat' dir='ltr'><strong>Hispania</strong></span> <span class='ocrx_word' id='word_1_125' title='bbox 1949 2571 2300 2641; x_wconf 87' lang='lat' dir='ltr'><strong>venturus</strong></span> <span class='ocrx_word' id='word_1_126' title='bbox 2342 2576 2564 2658; x_wconf 88' lang='lat' dir='ltr'><strong>esset,</strong></span> 
     </span>
     <span class='ocr_line' id='line_1_19' title="bbox 337 2685 2567 2790; baseline 0 -20"><span class='ocrx_word' id='word_1_127' title='bbox 337 2716 642 2790; x_wconf 86' lang='lat' dir='ltr'><strong>eumque</strong></span> <span class='ocrx_word' id='word_1_128' title='bbox 686 2688 1076 2788; x_wconf 91' lang='lat' dir='ltr'><strong>Philippus</strong></span> <span class='ocrx_word' id='word_1_129' title='bbox 1114 2689 1209 2762; x_wconf 92' lang='lat' dir='ltr'><strong>ob</strong></span> <span class='ocrx_word' id='word_1_130' title='bbox 1267 2688 1509 2763; x_wconf 91' lang='lat' dir='ltr'><strong>odium</strong></span> <span class='ocrx_word' id='word_1_131' title='bbox 1564 2685 1969 2785; x_wconf 78' lang='lat' dir='ltr'><strong>Belgarum</strong></span> <span class='ocrx_word' id='word_1_132' title='bbox 2027 2712 2381 2767; x_wconf 87' lang='lat' dir='ltr'><strong>revocare</strong></span> <span class='ocrx_word' id='word_1_133' title='bbox 2421 2701 2567 2770; x_wconf 90' lang='lat' dir='ltr'><strong>sta·</strong></span> 
     </span>
     <span class='ocr_line' id='line_1_20' title="bbox 332 2812 2565 2919; baseline 0.001 -26"><span class='ocrx_word' id='word_1_134' title='bbox 332 2818 617 2909; x_wconf 65' lang='lat' dir='ltr'><strong>inisset,</strong></span> <span class='ocrx_word' id='word_1_135' title='bbox 673 2823 880 2919; x_wconf 86' lang='lat' dir='ltr'><strong>ratus</strong></span> <span class='ocrx_word' id='word_1_136' title='bbox 935 2837 1301 2911; x_wconf 89' lang='lat' dir='ltr'><strong>nunquam</strong></span> <span class='ocrx_word' id='word_1_137' title='bbox 1375 2812 1644 2889; x_wconf 86' lang='lat' dir='ltr'><strong>bellum</strong></span> <span class='ocrx_word' id='word_1_138' title='bbox 1723 2813 2141 2907; x_wconf 87' lang='lat' dir='ltr'><strong>desiturum,</strong></span> <span class='ocrx_word' id='word_1_139' title='bbox 2222 2820 2565 2913; x_wconf 82' lang='lat' dir='ltr'><strong>quamdiu</strong></span> 
     </span>
     <span class='ocr_line' id='line_1_21' title="bbox 342 2940 2565 3039; baseline 0.001 -20"><span class='ocrx_word' id='word_1_140' title='bbox 342 2941 684 3019; x_wconf 83' lang='lat' dir='ltr'><strong>Albanus</strong></span> <span class='ocrx_word' id='word_1_141' title='bbox 724 2940 988 3036; x_wconf 88' lang='lat' dir='ltr'><strong>Belgio</strong></span> <span class='ocrx_word' id='word_1_142' title='bbox 1028 2961 1173 3013; x_wconf 91' lang='lat' dir='ltr'><strong>non</strong></span> <span class='ocrx_word' id='word_1_143' title='bbox 1211 2940 1667 3015; x_wconf 86' lang='lat' dir='ltr'><strong>revertisset.</strong></span> <span class='ocrx_word' id='word_1_144' title='bbox 1690 2940 1926 3015; x_wconf 88' lang='lat' dir='ltr'><strong>Erant</strong></span> <span class='ocrx_word' id='word_1_145' title='bbox 1967 2940 2397 3039; x_wconf 89' lang='lat' dir='ltr'><strong>hispanicae</strong></span> <span class='ocrx_word' id='word_1_146' title='bbox 2442 2970 2565 3023; x_wconf 86' lang='lat' dir='ltr'><strong>va-</strong></span> 
     </span>
     <span class='ocr_line' id='line_1_22' title="bbox 343 3064 2562 3163; baseline 0.003 -19"><span class='ocrx_word' id='word_1_147' title='bbox 343 3069 598 3147; x_wconf 86' lang='lat' dir='ltr'><strong>nitatis</strong></span> <span class='ocrx_word' id='word_1_148' title='bbox 620 3067 948 3145; x_wconf 91' lang='lat' dir='ltr'><strong>homines</strong></span> <span class='ocrx_word' id='word_1_149' title='bbox 969 3064 1224 3157; x_wconf 87' lang='lat' dir='ltr'><strong>infiati,</strong></span> <span class='ocrx_word' id='word_1_150' title='bbox 1266 3067 1388 3163; x_wconf 93' lang='lat' dir='ltr'><strong>qui</strong></span> <span class='ocrx_word' id='word_1_151' title='bbox 1425 3065 1723 3141; x_wconf 91' lang='lat' dir='ltr'><strong>libellos</strong></span> <span class='ocrx_word' id='word_1_152' title='bbox 1764 3066 2065 3143; x_wconf 88' lang='lat' dir='ltr'><strong>ederent</strong></span> <span class='ocrx_word' id='word_1_153' title='bbox 2103 3077 2177 3144; x_wconf 88' lang='lat' dir='ltr'><strong>et</strong></span> <span class='ocrx_word' id='word_1_154' title='bbox 2211 3069 2562 3150; x_wconf 87' lang='lat' dir='ltr'><strong>inscribe-</strong></span> 
     </span>
     <span class='ocr_line' id='line_1_23' title="bbox 333 3191 2562 3289; baseline 0.001 -17"><span class='ocrx_word' id='word_1_155' title='bbox 333 3203 497 3272; x_wconf 87' lang='lat' dir='ltr'><strong>rent</strong></span> <span class='ocrx_word' id='word_1_156' title='bbox 535 3194 624 3269; x_wconf 89' lang='lat' dir='ltr'><strong>de</strong></span> <span class='ocrx_word' id='word_1_157' title='bbox 663 3192 925 3289; x_wconf 88' lang='lat' dir='ltr'><strong>Belgio</strong></span> <span class='ocrx_word' id='word_1_158' title='bbox 965 3198 1283 3286; x_wconf 87' lang='lat' dir='ltr'><strong>recepto,</strong></span> <span class='ocrx_word' id='word_1_159' title='bbox 1325 3213 1485 3266; x_wconf 90' lang='lat' dir='ltr'><strong>cum</strong></span> <span class='ocrx_word' id='word_1_160' title='bbox 1525 3191 1912 3266; x_wconf 81' lang='lat' dir='ltr'><strong>maximum</strong></span> <span class='ocrx_word' id='word_1_161' title='bbox 1950 3193 2224 3269; x_wconf 89' lang='lat' dir='ltr'><strong>bellum</strong></span> <span class='ocrx_word' id='word_1_162' title='bbox 2262 3204 2411 3272; x_wconf 87' lang='lat' dir='ltr'><strong>tum</strong></span> <span class='ocrx_word' id='word_1_163' title='bbox 2448 3224 2562 3274; x_wconf 89' lang='lat' dir='ltr'><strong>ar-</strong></span> 
     </span>
     <span class='ocr_line' id='line_1_24' title="bbox 331 3314 2566 3421; baseline -0.001 -24"><span class='ocrx_word' id='word_1_164' title='bbox 331 3323 557 3414; x_wconf 87' lang='lat' dir='ltr'><strong>deret,</strong></span> <span class='ocrx_word' id='word_1_165' title='bbox 596 3328 670 3395; x_wconf 91' lang='lat' dir='ltr'><strong>et</strong></span> <span class='ocrx_word' id='word_1_166' title='bbox 704 3317 957 3416; x_wconf 90' lang='lat' dir='ltr'><strong>plures</strong></span> <span class='ocrx_word' id='word_1_167' title='bbox 992 3316 1412 3414; x_wconf 87' lang='lat' dir='ltr'><strong>provincias</strong></span> <span class='ocrx_word' id='word_1_168' title='bbox 1433 3314 1860 3412; x_wconf 88' lang='lat' dir='ltr'><strong>Aurangius</strong></span> <span class='ocrx_word' id='word_1_169' title='bbox 1900 3341 2066 3393; x_wconf 85' lang='lat' dir='ltr'><strong>mox</strong></span> <span class='ocrx_word' id='word_1_170' title='bbox 2107 3332 2566 3421; x_wconf 88' lang='lat' dir='ltr'><strong>occupasset.</strong></span> 
     </span>
     <span class='ocr_line' id='line_1_25' title="bbox 332 3442 2561 3544; baseline 0 -19"><span class='ocrx_word' id='word_1_171' title='bbox 332 3450 594 3544; x_wconf 83' lang='lat' dir='ltr'><strong>Itaque</strong></span> <span class='ocrx_word' id='word_1_172' title='bbox 612 3443 948 3521; x_wconf 85' lang='lat' dir='ltr'><strong>Albanus</strong></span> <span class='ocrx_word' id='word_1_173' title='bbox 986 3443 1081 3518; x_wconf 90' lang='lat' dir='ltr'><strong>ad</strong></span> <span class='ocrx_word' id='word_1_174' title='bbox 1107 3442 1683 3540; x_wconf 88' lang='lat' dir='ltr'><strong>transportanda</strong></span> <span class='ocrx_word' id='word_1_175' title='bbox 1704 3444 1981 3518; x_wconf 80' lang='lat' dir='ltr'><strong>auxilia</strong></span> <span class='ocrx_word' id='word_1_176' title='bbox 2016 3445 2091 3518; x_wconf 91' lang='lat' dir='ltr'><strong>in</strong></span> <span class='ocrx_word' id='word_1_177' title='bbox 2113 3443 2561 3542; x_wconf 83' lang='lat' dir='ltr'><strong>Zelandiam‚</strong></span> 
     </span>
     <span class='ocr_line' id='line_1_26' title="bbox 336 3568 2555 3674; baseline 0.002 -27"><span class='ocrx_word' id='word_1_178' title='bbox 336 3571 569 3648; x_wconf 90' lang='lat' dir='ltr'><strong>XXX</strong></span> <span class='ocrx_word' id='word_1_179' title='bbox 605 3592 837 3645; x_wconf 87' lang='lat' dir='ltr'><strong>naves</strong></span> <span class='ocrx_word' id='word_1_180' title='bbox 874 3570 1237 3644; x_wconf 87' lang='lat' dir='ltr'><strong>instruere</strong></span> <span class='ocrx_word' id='word_1_181' title='bbox 1276 3569 1615 3663; x_wconf 81' lang='lat' dir='ltr'><strong>volebat3</strong></span> <span class='ocrx_word' id='word_1_182' title='bbox 1658 3568 1791 3656; x_wconf 88' lang='lat' dir='ltr'><strong>sed</strong></span> <span class='ocrx_word' id='word_1_183' title='bbox 1828 3571 1903 3644; x_wconf 93' lang='lat' dir='ltr'><strong>in</strong></span> <span class='ocrx_word' id='word_1_184' title='bbox 1940 3578 2145 3648; x_wconf 89' lang='lat' dir='ltr'><strong>tanto</strong></span> <span class='ocrx_word' id='word_1_185' title='bbox 2184 3572 2555 3674; x_wconf 86' lang='lat' dir='ltr'><strong>Hispano-</strong></span> 
     </span>
     <span class='ocr_line' id='line_1_27' title="bbox 336 3696 2565 3795; baseline 0.001 -19"><span class='ocrx_word' id='word_1_186' title='bbox 336 3722 495 3776; x_wconf 89' lang='lat' dir='ltr'><strong>rum</strong></span> <span class='ocrx_word' id='word_1_187' title='bbox 542 3696 707 3771; x_wconf 90' lang='lat' dir='ltr'><strong>odio</strong></span> <span class='ocrx_word' id='word_1_188' title='bbox 748 3696 1283 3773; x_wconf 85' lang='lat' dir='ltr'><strong>destituebatur</strong></span> <span class='ocrx_word' id='word_1_189' title='bbox 1335 3696 1730 3771; x_wconf 87' lang='lat' dir='ltr'><strong>navalibus</strong></span> <span class='ocrx_word' id='word_1_190' title='bbox 1768 3697 2012 3789; x_wconf 90' lang='lat' dir='ltr'><strong>sociis,</strong></span> <span class='ocrx_word' id='word_1_191' title='bbox 2074 3699 2196 3795; x_wconf 89' lang='lat' dir='ltr'><strong>qui</strong></span> <span class='ocrx_word' id='word_1_192' title='bbox 2235 3700 2331 3774; x_wconf 88' lang='lat' dir='ltr'><strong>ad</strong></span> <span class='ocrx_word' id='word_1_193' title='bbox 2371 3724 2565 3790; x_wconf 83' lang='lat' dir='ltr'><strong>suos,</strong></span> 
     </span>
     <span class='ocr_line' id='line_1_28' title="bbox 337 3821 2565 3921; baseline -0.001 -18"><span class='ocrx_word' id='word_1_194' title='bbox 337 3823 660 3903; x_wconf 81' lang='lat' dir='ltr'><strong>Geosios</strong></span> <span class='ocrx_word' id='word_1_195' title='bbox 736 3846 920 3921; x_wconf 88' lang='lat' dir='ltr'><strong>quos</strong></span> <span class='ocrx_word' id='word_1_196' title='bbox 996 3822 1380 3913; x_wconf 88' lang='lat' dir='ltr'><strong>vocabant,</strong></span> <span class='ocrx_word' id='word_1_197' title='bbox 1473 3821 1819 3899; x_wconf 90' lang='lat' dir='ltr'><strong>libentius</strong></span> <span class='ocrx_word' id='word_1_198' title='bbox 1911 3826 2565 3921; x_wconf 89' lang='lat' dir='ltr'><strong>proficiscerentur.</strong></span> 
     </span>
     <span class='ocr_line' id='line_1_29' title="bbox 336 3948 2567 4051; baseline 0.001 -24"><span class='ocrx_word' id='word_1_199' title='bbox 336 3954 541 4050; x_wconf 87' lang='lat' dir='ltr'><strong>Ergo</strong></span> <span class='ocrx_word' id='word_1_200' title='bbox 618 3951 1008 4027; x_wconf 90' lang='lat' dir='ltr'><strong>Famensis</strong></span> <span class='ocrx_word' id='word_1_201' title='bbox 1084 3972 1244 4025; x_wconf 91' lang='lat' dir='ltr'><strong>cum</strong></span> <span class='ocrx_word' id='word_1_202' title='bbox 1308 3950 1565 4046; x_wconf 89' lang='lat' dir='ltr'><strong>paucis</strong></span> <span class='ocrx_word' id='word_1_203' title='bbox 1620 3948 2151 4027; x_wconf 88' lang='lat' dir='ltr'><strong>Valencienam</strong></span> <span class='ocrx_word' id='word_1_204' title='bbox 2206 3975 2366 4028; x_wconf 91' lang='lat' dir='ltr'><strong>cum</strong></span> <span class='ocrx_word' id='word_1_205' title='bbox 2423 3955 2567 4051; x_wconf 86' lang='lat' dir='ltr'><strong>pri-</strong></span> 
     </span>
     <span class='ocr_line' id='line_1_30' title="bbox 341 4055 2564 4178; baseline 0.001 -26"><span class='ocrx_word' id='word_1_206' title='bbox 341 4101 532 4154; x_wconf 91' lang='lat' dir='ltr'><strong>mum</strong></span> <span class='ocrx_word' id='word_1_207' title='bbox 588 4076 930 4168; x_wconf 88' lang='lat' dir='ltr'><strong>intravit,</strong></span> <span class='ocrx_word' id='word_1_208' title='bbox 1008 4074 1355 4151; x_wconf 89' lang='lat' dir='ltr'><strong>audacter</strong></span> <span class='ocrx_word' id='word_1_209' title='bbox 1410 4055 1859 4173; x_wconf 88' lang='lat' dir='ltr'><strong>praetorium</strong></span> <span class='ocrx_word' id='word_1_210' title='bbox 1915 4075 2126 4154; x_wconf 91' lang='lat' dir='ltr'><strong>simul</strong></span> <span class='ocrx_word' id='word_1_211' title='bbox 2167 4086 2240 4153; x_wconf 92' lang='lat' dir='ltr'><strong>et</strong></span> <span class='ocrx_word' id='word_1_212' title='bbox 2275 4087 2564 4178; x_wconf 89' lang='lat' dir='ltr'><strong>portam</strong></span> 
     </span>
     <span class='ocr_line' id='line_1_31' title="bbox 338 4203 2563 4301; baseline 0.002 -23"><span class='ocrx_word' id='word_1_213' title='bbox 338 4204 658 4281; x_wconf 87' lang='lat' dir='ltr'><strong>civitatis</strong></span> <span class='ocrx_word' id='word_1_214' title='bbox 728 4211 1072 4301; x_wconf 83' lang='lat' dir='ltr'><strong>occupat,</strong></span> <span class='ocrx_word' id='word_1_215' title='bbox 1157 4224 1475 4300; x_wconf 89' lang='lat' dir='ltr'><strong>suosque</strong></span> <span class='ocrx_word' id='word_1_216' title='bbox 1533 4203 1802 4286; x_wconf 86' lang='lat' dir='ltr'><strong>milites</strong></span> <span class='ocrx_word' id='word_1_217' title='bbox 1859 4205 1933 4279; x_wconf 91' lang='lat' dir='ltr'><strong>in</strong></span> <span class='ocrx_word' id='word_1_218' title='bbox 2009 4206 2360 4282; x_wconf 87' lang='lat' dir='ltr'><strong>subsidiis</strong></span> <span class='ocrx_word' id='word_1_219' title='bbox 2418 4208 2563 4282; x_wconf 90' lang='lat' dir='ltr'><strong>col-</strong></span> 
     </span>
    </p>
   </div>
   <div class='ocr_carea' id='block_1_3' title="bbox 347 4450 741 4460">
    <p class='ocr_par' dir='ltr' id='par_1_3' title="bbox 347 4450 741 4460">
     <span class='ocr_line' id='line_1_32' title="bbox 347 4450 741 4460; baseline 0 -1"><span class='ocrx_word' id='word_1_220' title='bbox 347 4450 741 4460; x_wconf 36' lang='grc' dir='ltr'><strong>*φῇ-...-</strong></span> 
     </span>
    </p>
   </div>
   <div class='ocr_carea' id='block_1_4' title="bbox 341 4502 2564 4668">
    <p class='ocr_par' dir='ltr' id='par_1_4' title="bbox 341 4502 2564 4668">
     <span class='ocr_line' id='line_1_33' title="bbox 550 4502 2564 4580; baseline 0.004 -24"><span class='ocrx_word' id='word_1_221' title='bbox 550 4502 610 4568; x_wconf 61' lang='lat'><strong>²³⁶)</strong></span> <span class='ocrx_word' id='word_1_222' title='bbox 638 4504 874 4560; x_wconf 72' lang='lat' dir='ltr'><strong>lstvanfi</strong></span> <span class='ocrx_word' id='word_1_223' title='bbox 893 4507 1163 4575; x_wconf 79' lang='lat' dir='ltr'><strong>jegyzete</strong></span> <span class='ocrx_word' id='word_1_224' title='bbox 1187 4523 1200 4558; x_wconf 76' lang='grc' dir='ltr'><em>τ</em></span> <span class='ocrx_word' id='word_1_225' title='bbox 1231 4506 1294 4559; x_wconf 84' lang='lat' dir='ltr'><strong>ln</strong></span> <span class='ocrx_word' id='word_1_226' title='bbox 1323 4508 1480 4575; x_wconf 80' lang='lat' dir='ltr'><strong>cujus</strong></span> <span class='ocrx_word' id='word_1_227' title='bbox 1527 4505 1652 4562; x_wconf 68' lang='lat' dir='ltr'><strong>basi</strong></span> <span class='ocrx_word' id='word_1_228' title='bbox 1681 4506 1965 4578; x_wconf 82' lang='lat' dir='ltr'><strong>sculptum</strong></span> <span class='ocrx_word' id='word_1_229' title='bbox 1994 4511 2115 4562; x_wconf 82' lang='lat' dir='ltr'><strong>erat</strong></span> <span class='ocrx_word' id='word_1_230' title='bbox 2140 4527 2151 4562; x_wconf 91' lang='lat'>:</span> <span class='ocrx_word' id='word_1_231' title='bbox 2183 4507 2564 4580; x_wconf 77' lang='lat' dir='ltr'><strong>„Lungelingi</strong></span> 
     </span>
     <span class='ocr_line' id='line_1_34' title="bbox 341 4597 1042 4668; baseline 0.003 -20"><span class='ocrx_word' id='word_1_232' title='bbox 341 4611 481 4664; x_wconf 88' lang='lat' dir='ltr'><strong>opus</strong></span> <span class='ocrx_word' id='word_1_233' title='bbox 507 4609 574 4649; x_wconf 84' lang='lat' dir='ltr'><strong>ex</strong></span> <span class='ocrx_word' id='word_1_234' title='bbox 604 4611 735 4649; x_wconf 81' lang='lat' dir='ltr'><strong>aere</strong></span> <span class='ocrx_word' id='word_1_235' title='bbox 762 4597 1042 4668; x_wconf 77' lang='lat' dir='ltr'><strong>captivo.“</strong></span> 
     </span>
    </p>
   </div>
  </div>
 </body>
</html>
