<?xml version="1.0" encoding="UTF-8"?>
<!DOCTYPE html PUBLIC "-//W3C//DTD XHTML 1.0 Transitional//EN"
    "http://www.w3.org/TR/xhtml1/DTD/xhtml1-transitional.dtd">
<html xmlns="http://www.w3.org/1999/xhtml" xml:lang="en" lang="en">
 <head>
  <title>
</title>
<meta http-equiv="Content-Type" content="text/html;charset=utf-8" />
  <meta name='ocr-system' content='tesseract 3.04.00' />
  <meta name='ocr-capabilities' content='ocr_page ocr_carea ocr_par ocr_line ocrx_word'/>
</head>
<body>
  <div class='ocr_page' id='page_1' title='image "./magyarhistorija00bpgoog/magyarhistorija00bpgoog_0083.png"; bbox 0 0 3293 5219; ppageno 0'>
   <div class='ocr_carea' id='block_1_1' title="bbox 2304 288 2490 352">
    <p class='ocr_par' dir='ltr' id='par_1_1' title="bbox 2304 288 2490 352">
     <span class='ocr_line' id='line_1_1' title="bbox 2304 288 2490 352; baseline 0 -1"><span class='ocrx_word' id='word_1_1' title='bbox 2304 288 2490 352; x_wconf 91' lang='lat' dir='ltr'>LXV</span> 
     </span>
    </p>
   </div>
   <div class='ocr_carea' id='block_1_2' title="bbox 229 466 2493 4595">
    <p class='ocr_par' dir='ltr' id='par_1_2' title="bbox 229 466 2493 4595">
     <span class='ocr_line' id='line_1_2' title="bbox 260 466 2491 563; baseline 0.002 -24"><span class='ocrx_word' id='word_1_2' title='bbox 260 466 432 556; x_wconf 89' lang='lat' dir='ltr'>dicti,</span> <span class='ocrx_word' id='word_1_3' title='bbox 472 468 585 541; x_wconf 79' lang='lat' dir='ltr'>vel</span> <span class='ocrx_word' id='word_1_4' title='bbox 625 467 936 543; x_wconf 89' lang='lat' dir='ltr'>alterius</span> <span class='ocrx_word' id='word_1_5' title='bbox 975 466 1275 560; x_wconf 90' lang='lat' dir='ltr'>ordinis,</span> <span class='ocrx_word' id='word_1_6' title='bbox 1300 467 1352 545; x_wconf 84' lang='lat' dir='ltr'>J</span> <span class='ocrx_word' id='word_1_7' title='bbox 1356 468 1752 563; x_wconf 86' lang='lat' dir='ltr'>auriensis,</span> <span class='ocrx_word' id='word_1_8' title='bbox 1776 468 1897 544; x_wconf 85' lang='lat' dir='ltr'>vel</span> <span class='ocrx_word' id='word_1_9' title='bbox 1937 469 2246 544; x_wconf 83' lang='lat' dir='ltr'>alterius</span> <span class='ocrx_word' id='word_1_10' title='bbox 2272 468 2491 543; x_wconf 93' lang='lat' dir='ltr'>Dioe—</span> 
     </span>
     <span class='ocr_line' id='line_1_3' title="bbox 254 592 2493 692; baseline 0.001 -25"><span class='ocrx_word' id='word_1_11' title='bbox 254 593 461 684; x_wconf 85' lang='lat' dir='ltr'>cesis,</span> <span class='ocrx_word' id='word_1_12' title='bbox 518 592 719 689; x_wconf 91' lang='lat' dir='ltr'>quod</span> <span class='ocrx_word' id='word_1_13' title='bbox 774 600 854 668; x_wconf 91' lang='lat' dir='ltr'>ut</span> <span class='ocrx_word' id='word_1_14' title='bbox 908 592 1330 692; x_wconf 90' lang='lat' dir='ltr'>accepimus</span> <span class='ocrx_word' id='word_1_15' title='bbox 1388 616 1483 668; x_wconf 82' lang='lat' dir='ltr'>ex</span> <span class='ocrx_word' id='word_1_16' title='bbox 1539 594 2019 670; x_wconf 75' lang='lat' dir='ltr'>concessione</span> <span class='ocrx_word' id='word_1_17' title='bbox 2078 593 2493 690; x_wconf 86' lang='lat' dir='ltr'>apostolica</span> 
     </span>
     <span class='ocr_line' id='line_1_4' title="bbox 250 717 2493 817; baseline 0.002 -26"><span class='ocrx_word' id='word_1_18' title='bbox 250 717 316 791; x_wconf 92' lang='lat' dir='ltr'>in</span> <span class='ocrx_word' id='word_1_19' title='bbox 349 717 847 793; x_wconf 78' lang='lat' dir='ltr'><strong>commendam</strong></span> <span class='ocrx_word' id='word_1_20' title='bbox 886 717 1287 810; x_wconf 79' lang='lat' dir='ltr'>obtinuisti,</span> <span class='ocrx_word' id='word_1_21' title='bbox 1328 727 1402 794; x_wconf 92' lang='lat' dir='ltr'>et</span> <span class='ocrx_word' id='word_1_22' title='bbox 1441 722 1652 817; x_wconf 88' lang='lat' dir='ltr'>cujus</span> <span class='ocrx_word' id='word_1_23' title='bbox 1692 719 1995 801; x_wconf 88' lang='lat' dir='ltr'>fructus,</span> <span class='ocrx_word' id='word_1_24' title='bbox 2046 718 2379 795; x_wconf 85' lang='lat' dir='ltr'>redditus</span> <span class='ocrx_word' id='word_1_25' title='bbox 2417 728 2493 795; x_wconf 92' lang='lat' dir='ltr'>et</span> 
     </span>
     <span class='ocr_line' id='line_1_5' title="bbox 250 841 2485 939; baseline 0 -21"><span class='ocrx_word' id='word_1_26' title='bbox 250 852 627 939; x_wconf 85' lang='lat' dir='ltr'>proventus</span> <span class='ocrx_word' id='word_1_27' title='bbox 668 852 964 920; x_wconf 91' lang='lat' dir='ltr'>centum</span> <span class='ocrx_word' id='word_1_28' title='bbox 1005 845 1434 920; x_wconf 80' lang='lat' dir='ltr'><strong>ducatorum</strong></span> <span class='ocrx_word' id='word_1_29' title='bbox 1492 843 1698 919; x_wconf 90' lang='lat' dir='ltr'>aurei</span> <span class='ocrx_word' id='word_1_30' title='bbox 1737 844 1827 920; x_wconf 91' lang='lat' dir='ltr'>de</span> <span class='ocrx_word' id='word_1_31' title='bbox 1867 841 2191 921; x_wconf 84' lang='lat' dir='ltr'>Camera</span> <span class='ocrx_word' id='word_1_32' title='bbox 2231 868 2485 921; x_wconf 88' lang='lat' dir='ltr'>secuu-</span> 
     </span>
     <span class='ocr_line' id='line_1_6' title="bbox 249 968 2488 1061; baseline 0 -20"><span class='ocrx_word' id='word_1_33' title='bbox 249 969 399 1044; x_wconf 86' lang='lat' dir='ltr'>dum</span> <span class='ocrx_word' id='word_1_34' title='bbox 448 991 908 1045; x_wconf 90' lang='lat' dir='ltr'>communem</span> <span class='ocrx_word' id='word_1_35' title='bbox 949 969 1615 1046; x_wconf 89' lang='lat' dir='ltr'>aestimationalem</span> <span class='ocrx_word' id='word_1_36' title='bbox 1657 968 1987 1046; x_wconf 85' lang='lat' dir='ltr'>valorem</span> <span class='ocrx_word' id='word_1_37' title='bbox 2028 993 2366 1061; x_wconf 88' lang='lat' dir='ltr'>annuum,</span> <span class='ocrx_word' id='word_1_38' title='bbox 2406 977 2488 1045; x_wconf 92' lang='lat' dir='ltr'>ut</span> 
     </span>
     <span class='ocr_line' id='line_1_7' title="bbox 249 1094 2479 1195; baseline 0 -25"><span class='ocrx_word' id='word_1_39' title='bbox 249 1094 444 1170; x_wconf 79' lang='lat' dir='ltr'>etiam</span> <span class='ocrx_word' id='word_1_40' title='bbox 480 1094 925 1192; x_wconf 88' lang='lat' dir='ltr'>accepimus,</span> <span class='ocrx_word' id='word_1_41' title='bbox 964 1117 1110 1170; x_wconf 90' lang='lat' dir='ltr'>non</span> <span class='ocrx_word' id='word_1_42' title='bbox 1148 1094 1534 1189; x_wconf 83' lang='lat' dir='ltr'>excedunt,</span> <span class='ocrx_word' id='word_1_43' title='bbox 1556 1102 1636 1170; x_wconf 95' lang='lat' dir='ltr'>ut</span> <span class='ocrx_word' id='word_1_44' title='bbox 1654 1095 1862 1195; x_wconf 89' lang='lat' dir='ltr'>prius</span> <span class='ocrx_word' id='word_1_45' title='bbox 1896 1095 2141 1194; x_wconf 87' lang='lat' dir='ltr'>quoad</span> <span class='ocrx_word' id='word_1_46' title='bbox 2182 1095 2479 1188; x_wconf 80' lang='lat' dir='ltr'>vixeris,</span> 
     </span>
     <span class='ocr_line' id='line_1_8' title="bbox 248 1219 2481 1319; baseline 0.001 -24"><span class='ocrx_word' id='word_1_47' title='bbox 248 1219 444 1295; x_wconf 80' lang='lat' dir='ltr'>etiam</span> <span class='ocrx_word' id='word_1_48' title='bbox 481 1243 631 1296; x_wconf 87' lang='lat' dir='ltr'>una</span> <span class='ocrx_word' id='word_1_49' title='bbox 668 1242 832 1296; x_wconf 92' lang='lat' dir='ltr'>cum</span> <span class='ocrx_word' id='word_1_50' title='bbox 872 1221 1067 1296; x_wconf 89' lang='lat' dir='ltr'>dicta</span> <span class='ocrx_word' id='word_1_51' title='bbox 1104 1220 1473 1312; x_wconf 74' lang='lat' dir='ltr'>Ecclesia,</span> <span class='ocrx_word' id='word_1_52' title='bbox 1511 1221 1861 1318; x_wconf 88' lang='lat' dir='ltr'>quamdiu</span> <span class='ocrx_word' id='word_1_53' title='bbox 1892 1219 2004 1295; x_wconf 92' lang='lat' dir='ltr'>illi</span> <span class='ocrx_word' id='word_1_54' title='bbox 2036 1222 2481 1319; x_wconf 87' lang='lat' dir='ltr'>praefueris,</span> 
     </span>
     <span class='ocr_line' id='line_1_9' title="bbox 247 1344 2482 1424; baseline 0 -1"><span class='ocrx_word' id='word_1_55' title='bbox 247 1351 536 1423; x_wconf 82' lang='lat' dir='ltr'>retinere</span> <span class='ocrx_word' id='word_1_56' title='bbox 596 1347 837 1422; x_wconf 90' lang='lat' dir='ltr'>libere</span> <span class='ocrx_word' id='word_1_57' title='bbox 892 1355 969 1423; x_wconf 90' lang='lat' dir='ltr'>et</span> <span class='ocrx_word' id='word_1_58' title='bbox 1028 1347 1228 1423; x_wconf 90' lang='lat' dir='ltr'>licite</span> <span class='ocrx_word' id='word_1_59' title='bbox 1267 1348 1548 1423; x_wconf 89' lang='lat' dir='ltr'>valeas.</span> <span class='ocrx_word' id='word_1_60' title='bbox 1609 1344 2013 1424; x_wconf 79' lang='lat' dir='ltr'>Generalis</span> <span class='ocrx_word' id='word_1_61' title='bbox 2053 1345 2368 1422; x_wconf 84' lang='lat' dir='ltr'>Concilii</span> <span class='ocrx_word' id='word_1_62' title='bbox 2406 1356 2482 1423; x_wconf 91' lang='lat' dir='ltr'>et</span> 
     </span>
     <span class='ocr_line' id='line_1_10' title="bbox 247 1470 2479 1570; baseline 0 -25"><span class='ocrx_word' id='word_1_63' title='bbox 247 1471 395 1546; x_wconf 81' lang='lat' dir='ltr'>aliis</span> <span class='ocrx_word' id='word_1_64' title='bbox 446 1471 1096 1548; x_wconf 89' lang='lat' dir='ltr'>constitutionibus</span> <span class='ocrx_word' id='word_1_65' title='bbox 1135 1481 1210 1549; x_wconf 91' lang='lat' dir='ltr'>et</span> <span class='ocrx_word' id='word_1_66' title='bbox 1262 1471 1850 1548; x_wconf 83' lang='lat' dir='ltr'>ordinationibus</span> <span class='ocrx_word' id='word_1_67' title='bbox 1888 1470 2349 1570; x_wconf 92' lang='lat' dir='ltr'>Apostolicis</span> <span class='ocrx_word' id='word_1_68' title='bbox 2387 1496 2479 1548; x_wconf 89' lang='lat' dir='ltr'>ac</span> 
     </span>
     <span class='ocr_line' id='line_1_11' title="bbox 249 1596 2468 1697; baseline 0.002 -28"><span class='ocrx_word' id='word_1_69' title='bbox 249 1596 656 1674; x_wconf 83' lang='lat' dir='ltr'>Monasterii</span> <span class='ocrx_word' id='word_1_70' title='bbox 696 1606 771 1673; x_wconf 90' lang='lat' dir='ltr'>et</span> <span class='ocrx_word' id='word_1_71' title='bbox 808 1597 1089 1673; x_wconf 86' lang='lat' dir='ltr'>ordinis</span> <span class='ocrx_word' id='word_1_72' title='bbox 1124 1598 1676 1697; x_wconf 90' lang='lat' dir='ltr'>praedictorum</span> <span class='ocrx_word' id='word_1_73' title='bbox 1719 1601 2168 1695; x_wconf 78' lang='lat' dir='ltr'>Juramento,</span> <span class='ocrx_word' id='word_1_74' title='bbox 2209 1600 2468 1674; x_wconf 89' lang='lat' dir='ltr'>confir-</span> 
     </span>
     <span class='ocr_line' id='line_1_12' title="bbox 245 1723 2473 1822; baseline 0 -23"><span class='ocrx_word' id='word_1_75' title='bbox 245 1725 536 1801; x_wconf 84' lang='lat' dir='ltr'>matione</span> <span class='ocrx_word' id='word_1_76' title='bbox 558 1723 1001 1822; x_wconf 83' lang='lat' dir='ltr'>Apostolica</span> <span class='ocrx_word' id='word_1_77' title='bbox 1038 1727 1157 1801; x_wconf 91' lang='lat' dir='ltr'>vel</span> <span class='ocrx_word' id='word_1_78' title='bbox 1197 1726 1463 1822; x_wconf 89' lang='lat' dir='ltr'>quavis</span> <span class='ocrx_word' id='word_1_79' title='bbox 1501 1724 1850 1801; x_wconf 87' lang='lat' dir='ltr'>firmitate</span> <span class='ocrx_word' id='word_1_80' title='bbox 1890 1725 2040 1799; x_wconf 91' lang='lat' dir='ltr'>alia</span> <span class='ocrx_word' id='word_1_81' title='bbox 2078 1726 2473 1816; x_wconf 87' lang='lat' dir='ltr'>roboratis,</span> 
     </span>
     <span class='ocr_line' id='line_1_13' title="bbox 247 1850 2473 1951; baseline 0.002 -27"><span class='ocrx_word' id='word_1_82' title='bbox 247 1850 540 1949; x_wconf 80' lang='lat' dir='ltr'>statutis,</span> <span class='ocrx_word' id='word_1_83' title='bbox 578 1860 658 1928; x_wconf 87' lang='lat' dir='ltr'>et</span> <span class='ocrx_word' id='word_1_84' title='bbox 693 1852 1365 1940; x_wconf 87' lang='lat' dir='ltr'>consuetudinibus,</span> <span class='ocrx_word' id='word_1_85' title='bbox 1406 1852 1871 1951; x_wconf 87' lang='lat' dir='ltr'>caeterisque</span> <span class='ocrx_word' id='word_1_86' title='bbox 1920 1852 2313 1927; x_wconf 82' lang='lat' dir='ltr'>contrariis</span> <span class='ocrx_word' id='word_1_87' title='bbox 2350 1877 2473 1928; x_wconf 89' lang='lat' dir='ltr'>ne-</span> 
     </span>
     <span class='ocr_line' id='line_1_14' title="bbox 245 1977 2466 2075; baseline -0.001 -22"><span class='ocrx_word' id='word_1_88' title='bbox 245 1998 580 2075; x_wconf 83' lang='lat' dir='ltr'>quaquam</span> <span class='ocrx_word' id='word_1_89' title='bbox 640 1978 1115 2055; x_wconf 84' lang='lat' dir='ltr'>obstantibus</span> <span class='ocrx_word' id='word_1_90' title='bbox 1172 1977 1370 2054; x_wconf 89' lang='lat' dir='ltr'>dicta</span> <span class='ocrx_word' id='word_1_91' title='bbox 1443 1978 1889 2054; x_wconf 89' lang='lat' dir='ltr'>auctoritate</span> <span class='ocrx_word' id='word_1_92' title='bbox 1946 1984 2201 2053; x_wconf 90' lang='lat' dir='ltr'>tenore</span> <span class='ocrx_word' id='word_1_93' title='bbox 2257 1999 2466 2075; x_wconf 88' lang='lat' dir='ltr'>prae·</span> 
     </span>
     <span class='ocr_line' id='line_1_15' title="bbox 248 2103 2465 2202; baseline 0.001 -27"><span class='ocrx_word' id='word_1_94' title='bbox 248 2103 530 2177; x_wconf 81' lang='lat' dir='ltr'>sentium</span> <span class='ocrx_word' id='word_1_95' title='bbox 589 2103 683 2178; x_wconf 91' lang='lat' dir='ltr'>de</span> <span class='ocrx_word' id='word_1_96' title='bbox 738 2103 1092 2202; x_wconf 90' lang='lat' dir='ltr'>specialis</span> <span class='ocrx_word' id='word_1_97' title='bbox 1148 2103 1342 2179; x_wconf 89' lang='lat' dir='ltr'>dono</span> <span class='ocrx_word' id='word_1_98' title='bbox 1415 2103 1711 2201; x_wconf 83' lang='lat' dir='ltr'>gratiae</span> <span class='ocrx_word' id='word_1_99' title='bbox 1766 2103 2306 2201; x_wconf 85' lang='lat' dir='ltr'>dispensamus.</span> <span class='ocrx_word' id='word_1_100' title='bbox 2372 2149 2465 2159; x_wconf 94' lang='lat'><strong>—</strong></span> 
     </span>
     <span class='ocr_line' id='line_1_16' title="bbox 252 2225 2468 2327; baseline 0.002 -27"><span class='ocrx_word' id='word_1_101' title='bbox 252 2225 729 2304; x_wconf 72' lang='lat' dir='ltr'>Decet-nentes</span> <span class='ocrx_word' id='word_1_102' title='bbox 803 2235 1205 2327; x_wconf 87' lang='lat' dir='ltr'>propterea</span> <span class='ocrx_word' id='word_1_103' title='bbox 1278 2230 1782 2306; x_wconf 91' lang='lat' dir='ltr'>commendam</span> <span class='ocrx_word' id='word_1_104' title='bbox 1845 2227 2258 2326; x_wconf 86' lang='lat' dir='ltr'>hujusmodi</span> <span class='ocrx_word' id='word_1_105' title='bbox 2322 2253 2468 2304; x_wconf 89' lang='lat' dir='ltr'>non</span> 
     </span>
     <span class='ocr_line' id='line_1_17' title="bbox 248 2353 2468 2453; baseline 0.001 -25"><span class='ocrx_word' id='word_1_106' title='bbox 248 2374 535 2429; x_wconf 80' lang='lat' dir='ltr'>cessare.</span> <span class='ocrx_word' id='word_1_107' title='bbox 579 2353 881 2429; x_wconf 83' lang='lat' dir='ltr'>Irritum</span> <span class='ocrx_word' id='word_1_108' title='bbox 919 2376 1212 2451; x_wconf 89' lang='lat' dir='ltr'>quoque</span> <span class='ocrx_word' id='word_1_109' title='bbox 1246 2362 1323 2430; x_wconf 91' lang='lat' dir='ltr'>et</span> <span class='ocrx_word' id='word_1_110' title='bbox 1358 2356 1580 2432; x_wconf 89' lang='lat' dir='ltr'>inane</span> <span class='ocrx_word' id='word_1_111' title='bbox 1618 2355 1687 2431; x_wconf 92' lang='lat' dir='ltr'>si</span> <span class='ocrx_word' id='word_1_112' title='bbox 1725 2377 1942 2431; x_wconf 91' lang='lat' dir='ltr'>secus</span> <span class='ocrx_word' id='word_1_113' title='bbox 2000 2376 2224 2453; x_wconf 92' lang='lat' dir='ltr'>super</span> <span class='ocrx_word' id='word_1_114' title='bbox 2263 2355 2381 2428; x_wconf 91' lang='lat' dir='ltr'>his</span> <span class='ocrx_word' id='word_1_115' title='bbox 2421 2380 2468 2431; x_wconf 85' lang='lat' dir='ltr'>a</span> 
     </span>
     <span class='ocr_line' id='line_1_18' title="bbox 246 2478 2467 2577; baseline 0.001 -24"><span class='ocrx_word' id='word_1_116' title='bbox 246 2500 575 2577; x_wconf 86' lang='lat' dir='ltr'>quoquam</span> <span class='ocrx_word' id='word_1_117' title='bbox 633 2478 902 2576; x_wconf 88' lang='lat' dir='ltr'>quavis</span> <span class='ocrx_word' id='word_1_118' title='bbox 976 2479 1419 2556; x_wconf 89' lang='lat' dir='ltr'>auctoritate</span> <span class='ocrx_word' id='word_1_119' title='bbox 1476 2479 1796 2555; x_wconf 87' lang='lat' dir='ltr'>scienter</span> <span class='ocrx_word' id='word_1_120' title='bbox 1854 2480 1975 2568; x_wconf 86' lang='lat' dir='ltr'>vel</span> <span class='ocrx_word' id='word_1_121' title='bbox 2033 2480 2467 2577; x_wconf 84' lang='lat' dir='ltr'>ignoranter</span> 
     </span>
     <span class='ocr_line' id='line_1_19' title="bbox 245 2603 2464 2704; baseline 0.002 -26"><span class='ocrx_word' id='word_1_122' title='bbox 245 2606 607 2703; x_wconf 84' lang='lat' dir='ltr'>contigerit</span> <span class='ocrx_word' id='word_1_123' title='bbox 643 2606 1150 2704; x_wconf 88' lang='lat' dir='ltr'>attemperari.</span> <span class='ocrx_word' id='word_1_124' title='bbox 1193 2603 1557 2682; x_wconf 90' lang='lat' dir='ltr'>Volumus</span> <span class='ocrx_word' id='word_1_125' title='bbox 1596 2614 1863 2700; x_wconf 92' lang='lat' dir='ltr'>autem,</span> <span class='ocrx_word' id='word_1_126' title='bbox 1903 2605 2098 2704; x_wconf 88' lang='lat' dir='ltr'>quod</span> <span class='ocrx_word' id='word_1_127' title='bbox 2154 2606 2228 2681; x_wconf 93' lang='lat' dir='ltr'>in</span> <span class='ocrx_word' id='word_1_128' title='bbox 2266 2605 2464 2682; x_wconf 90' lang='lat' dir='ltr'>dicto</span> 
     </span>
     <span class='ocr_line' id='line_1_20' title="bbox 243 2731 2467 2826; baseline 0.002 -24"><span class='ocrx_word' id='word_1_129' title='bbox 243 2731 679 2826; x_wconf 83' lang='lat' dir='ltr'>monasterio,</span> <span class='ocrx_word' id='word_1_130' title='bbox 716 2732 1013 2808; x_wconf 87' lang='lat' dir='ltr'>divinus</span> <span class='ocrx_word' id='word_1_131' title='bbox 1069 2732 1308 2808; x_wconf 90' lang='lat' dir='ltr'>cultus</span> <span class='ocrx_word' id='word_1_132' title='bbox 1366 2738 1441 2807; x_wconf 92' lang='lat' dir='ltr'>et</span> <span class='ocrx_word' id='word_1_133' title='bbox 1495 2731 1761 2809; x_wconf 89' lang='lat' dir='ltr'>solitus</span> <span class='ocrx_word' id='word_1_134' title='bbox 1818 2731 2351 2808; x_wconf 89' lang='lat' dir='ltr'>Monachorum</span> <span class='ocrx_word' id='word_1_135' title='bbox 2390 2739 2467 2807; x_wconf 90' lang='lat' dir='ltr'>et</span> 
     </span>
     <span class='ocr_line' id='line_1_21' title="bbox 243 2853 2464 2957; baseline 0.001 -27"><span class='ocrx_word' id='word_1_136' title='bbox 243 2853 714 2936; x_wconf 76' lang='lat' dir='ltr'>Ministrorum</span> <span class='ocrx_word' id='word_1_137' title='bbox 767 2881 1117 2935; x_wconf 89' lang='lat' dir='ltr'>numerus</span> <span class='ocrx_word' id='word_1_138' title='bbox 1186 2859 1609 2934; x_wconf 89' lang='lat' dir='ltr'>nullatenus</span> <span class='ocrx_word' id='word_1_139' title='bbox 1666 2856 2053 2952; x_wconf 86' lang='lat' dir='ltr'>minuatur,</span> <span class='ocrx_word' id='word_1_140' title='bbox 2108 2857 2245 2933; x_wconf 91' lang='lat' dir='ltr'>sed</span> <span class='ocrx_word' id='word_1_141' title='bbox 2301 2860 2464 2957; x_wconf 89' lang='lat' dir='ltr'>ejus</span> 
     </span>
     <span class='ocr_line' id='line_1_22' title="bbox 242 2982 2459 3082; baseline 0.001 -26"><span class='ocrx_word' id='word_1_142' title='bbox 242 3004 318 3056; x_wconf 75' lang='lat' dir='ltr'>sc</span> <span class='ocrx_word' id='word_1_143' title='bbox 347 2982 765 3062; x_wconf 88' lang='lat' dir='ltr'>dilectorum</span> <span class='ocrx_word' id='word_1_144' title='bbox 819 2983 1140 3061; x_wconf 88' lang='lat' dir='ltr'>filiorum</span> <span class='ocrx_word' id='word_1_145' title='bbox 1195 2984 1398 3061; x_wconf 90' lang='lat' dir='ltr'>illius</span> <span class='ocrx_word' id='word_1_146' title='bbox 1454 2990 1863 3062; x_wconf 86' lang='lat' dir='ltr'>conventus</span> <span class='ocrx_word' id='word_1_147' title='bbox 1920 3006 2252 3081; x_wconf 86' lang='lat' dir='ltr'>congrue</span> <span class='ocrx_word' id='word_1_148' title='bbox 2289 3005 2459 3082; x_wconf 88' lang='lat' dir='ltr'>sup-</span> 
     </span>
     <span class='ocr_line' id='line_1_23' title="bbox 241 3110 2460 3209; baseline -0 -23"><span class='ocrx_word' id='word_1_149' title='bbox 241 3118 587 3202; x_wconf 82' lang='lat' dir='ltr'>portentur</span> <span class='ocrx_word' id='word_1_150' title='bbox 625 3134 856 3188; x_wconf 88' lang='lat' dir='ltr'>onera</span> <span class='ocrx_word' id='word_1_151' title='bbox 893 3118 1266 3188; x_wconf 89' lang='lat' dir='ltr'>consueta.</span> <span class='ocrx_word' id='word_1_152' title='bbox 1327 3111 1431 3185; x_wconf 90' lang='lat' dir='ltr'>Et</span> <span class='ocrx_word' id='word_1_153' title='bbox 1475 3110 1780 3209; x_wconf 86' lang='lat' dir='ltr'>insuper</span> <span class='ocrx_word' id='word_1_154' title='bbox 1838 3110 2060 3185; x_wconf 73' lang='lat' dir='ltr'>eliam</span> <span class='ocrx_word' id='word_1_155' title='bbox 2100 3110 2460 3204; x_wconf 84' lang='lat' dir='ltr'>volumus,</span> 
     </span>
     <span class='ocr_line' id='line_1_24' title="bbox 241 3234 2462 3333; baseline 0 -24"><span class='ocrx_word' id='word_1_156' title='bbox 241 3242 304 3309; x_wconf 90' lang='lat' dir='ltr'>et</span> <span class='ocrx_word' id='word_1_157' title='bbox 332 3236 572 3313; x_wconf 83' lang='lat' dir='ltr'>eadem</span> <span class='ocrx_word' id='word_1_158' title='bbox 630 3237 1075 3316; x_wconf 88' lang='lat' dir='ltr'>anctoritate</span> <span class='ocrx_word' id='word_1_159' title='bbox 1130 3235 1541 3330; x_wconf 88' lang='lat' dir='ltr'>statuimus,</span> <span class='ocrx_word' id='word_1_160' title='bbox 1599 3243 1675 3311; x_wconf 89' lang='lat' dir='ltr'>et</span> <span class='ocrx_word' id='word_1_161' title='bbox 1731 3235 2212 3329; x_wconf 88' lang='lat' dir='ltr'>decernimus,</span> <span class='ocrx_word' id='word_1_162' title='bbox 2261 3234 2462 3333; x_wconf 89' lang='lat' dir='ltr'>quod</span> 
     </span>
     <span class='ocr_line' id='line_1_25' title="bbox 238 3360 2459 3463; baseline 0.003 -29"><span class='ocrx_word' id='word_1_163' title='bbox 238 3360 298 3434; x_wconf 84' lang='lat' dir='ltr'>si</span> <span class='ocrx_word' id='word_1_164' title='bbox 342 3386 475 3440; x_wconf 91' lang='lat' dir='ltr'>non</span> <span class='ocrx_word' id='word_1_165' title='bbox 526 3371 834 3463; x_wconf 89' lang='lat' dir='ltr'>recepto</span> <span class='ocrx_word' id='word_1_166' title='bbox 891 3389 938 3440; x_wconf 86' lang='lat' dir='ltr'>a</span> <span class='ocrx_word' id='word_1_167' title='bbox 989 3371 1066 3441; x_wconf 90' lang='lat' dir='ltr'>te</span> <span class='ocrx_word' id='word_1_168' title='bbox 1119 3387 1257 3463; x_wconf 90' lang='lat' dir='ltr'>per</span> <span class='ocrx_word' id='word_1_169' title='bbox 1309 3363 1554 3461; x_wconf 90' lang='lat' dir='ltr'>ipsum</span> <span class='ocrx_word' id='word_1_170' title='bbox 1613 3361 2022 3438; x_wconf 88' lang='lat' dir='ltr'>antistitem</span> <span class='ocrx_word' id='word_1_171' title='bbox 2074 3363 2459 3460; x_wconf 90' lang='lat' dir='ltr'>praedicto</span> 
     </span>
     <span class='ocr_line' id='line_1_26' title="bbox 235 3484 2451 3587; baseline 0 -25"><span class='ocrx_word' id='word_1_172' title='bbox 235 3484 636 3567; x_wconf 81' lang='lat' dir='ltr'>Jnrsmento</span> <span class='ocrx_word' id='word_1_173' title='bbox 671 3490 868 3566; x_wconf 91' lang='lat' dir='ltr'>idem</span> <span class='ocrx_word' id='word_1_174' title='bbox 905 3489 1220 3566; x_wconf 86' lang='lat' dir='ltr'>antistes</span> <span class='ocrx_word' id='word_1_175' title='bbox 1261 3510 1521 3565; x_wconf 89' lang='lat' dir='ltr'>munus</span> <span class='ocrx_word' id='word_1_176' title='bbox 1557 3487 1803 3587; x_wconf 89' lang='lat' dir='ltr'>ipsum</span> <span class='ocrx_word' id='word_1_177' title='bbox 1839 3486 1977 3562; x_wconf 90' lang='lat' dir='ltr'>tibi</span> <span class='ocrx_word' id='word_1_178' title='bbox 2021 3485 2451 3586; x_wconf 88' lang='lat' dir='ltr'>impendere</span> 
     </span>
     <span class='ocr_line' id='line_1_27' title="bbox 238 3609 2456 3715; baseline 0 -29"><span class='ocrx_word' id='word_1_179' title='bbox 238 3620 303 3686; x_wconf 86' lang='lat' dir='ltr'>et</span> <span class='ocrx_word' id='word_1_180' title='bbox 328 3620 401 3690; x_wconf 88' lang='lat' dir='ltr'>tu</span> <span class='ocrx_word' id='word_1_181' title='bbox 431 3613 611 3691; x_wconf 87' lang='lat' dir='ltr'>illud</span> <span class='ocrx_word' id='word_1_182' title='bbox 669 3613 1053 3714; x_wconf 87' lang='lat' dir='ltr'>suscipere</span> <span class='ocrx_word' id='word_1_183' title='bbox 1105 3611 1785 3715; x_wconf 89' lang='lat' dir='ltr'>praesumpseritis,</span> <span class='ocrx_word' id='word_1_184' title='bbox 1844 3609 2085 3688; x_wconf 90' lang='lat' dir='ltr'>dictus</span> <span class='ocrx_word' id='word_1_185' title='bbox 2142 3611 2456 3687; x_wconf 88' lang='lat' dir='ltr'>antistes</span> 
     </span>
     <span class='ocr_line' id='line_1_28' title="bbox 237 3736 2458 3835; baseline 0 -23"><span class='ocrx_word' id='word_1_186' title='bbox 237 3746 298 3813; x_wconf 83' lang='lat' dir='ltr'>et</span> <span class='ocrx_word' id='word_1_187' title='bbox 344 3737 794 3817; x_wconf 86' lang='lat' dir='ltr'>Pontificalis</span> <span class='ocrx_word' id='word_1_188' title='bbox 849 3740 1076 3819; x_wconf 83' lang='lat' dir='ltr'>officii</span> <span class='ocrx_word' id='word_1_189' title='bbox 1130 3738 1507 3833; x_wconf 82' lang='lat' dir='ltr'>exercitio,</span> <span class='ocrx_word' id='word_1_190' title='bbox 1564 3746 1639 3814; x_wconf 92' lang='lat' dir='ltr'>et</span> <span class='ocrx_word' id='word_1_191' title='bbox 1697 3743 1850 3814; x_wconf 89' lang='lat' dir='ltr'>tam</span> <span class='ocrx_word' id='word_1_192' title='bbox 1896 3736 2081 3835; x_wconf 91' lang='lat' dir='ltr'>ipse,</span> <span class='ocrx_word' id='word_1_193' title='bbox 2122 3760 2338 3834; x_wconf 88' lang='lat' dir='ltr'>quam</span> <span class='ocrx_word' id='word_1_194' title='bbox 2376 3745 2458 3813; x_wconf 89' lang='lat' dir='ltr'>tu</span> 
     </span>
     <span class='ocr_line' id='line_1_29' title="bbox 236 3862 2455 3967; baseline 0.001 -31"><span class='ocrx_word' id='word_1_195' title='bbox 236 3862 316 3937; x_wconf 78' lang='lat' dir='ltr'>sb</span> <span class='ocrx_word' id='word_1_196' title='bbox 354 3865 984 3944; x_wconf 72' lang='lat' dir='ltr'>administratione</span> <span class='ocrx_word' id='word_1_197' title='bbox 1040 3876 1195 3944; x_wconf 87' lang='lat' dir='ltr'>tam</span> <span class='ocrx_word' id='word_1_198' title='bbox 1251 3864 1748 3967; x_wconf 89' lang='lat' dir='ltr'>spiritualium</span> <span class='ocrx_word' id='word_1_199' title='bbox 1812 3885 2033 3961; x_wconf 88' lang='lat' dir='ltr'>quam</span> <span class='ocrx_word' id='word_1_200' title='bbox 2091 3870 2455 3961; x_wconf 90' lang='lat' dir='ltr'>tempora-</span> 
     </span>
     <span class='ocr_line' id='line_1_30' title="bbox 237 3985 2451 4088; baseline -0.004 -22"><span class='ocrx_word' id='word_1_201' title='bbox 237 3986 385 4066; x_wconf 82' lang='lat' dir='ltr'>lium</span> <span class='ocrx_word' id='word_1_202' title='bbox 436 3991 943 4071; x_wconf 83' lang='lat' dir='ltr'>Ecclesiarum</span> <span class='ocrx_word' id='word_1_203' title='bbox 1004 3998 1423 4070; x_wconf 87' lang='lat' dir='ltr'>vestrarum</span> <span class='ocrx_word' id='word_1_204' title='bbox 1488 3989 1838 4088; x_wconf 90' lang='lat' dir='ltr'>suspensi</span> <span class='ocrx_word' id='word_1_205' title='bbox 1893 3987 2059 4063; x_wconf 90' lang='lat' dir='ltr'>sitis</span> <span class='ocrx_word' id='word_1_206' title='bbox 2116 4009 2204 4061; x_wconf 93' lang='lat' dir='ltr'>eo</span> <span class='ocrx_word' id='word_1_207' title='bbox 2259 3985 2451 4085; x_wconf 91' lang='lat' dir='ltr'>ipso.</span> 
     </span>
     <span class='ocr_line' id='line_1_31' title="bbox 235 4112 2457 4216; baseline -0.001 -26"><span class='ocrx_word' id='word_1_208' title='bbox 235 4114 331 4191; x_wconf 81' lang='lat' dir='ltr'>Ac</span> <span class='ocrx_word' id='word_1_209' title='bbox 359 4117 573 4197; x_wconf 81' lang='lat' dir='ltr'>ctiam</span> <span class='ocrx_word' id='word_1_210' title='bbox 609 4121 967 4213; x_wconf 75' lang='lat' dir='ltr'>volumus,</span> <span class='ocrx_word' id='word_1_211' title='bbox 1006 4118 1203 4216; x_wconf 89' lang='lat' dir='ltr'>quod</span> <span class='ocrx_word' id='word_1_212' title='bbox 1240 4119 1553 4195; x_wconf 81' lang='lat' dir='ltr'>formam</span> <span class='ocrx_word' id='word_1_213' title='bbox 1589 4113 2011 4215; x_wconf 90' lang='lat' dir='ltr'>hujusmodi</span> <span class='ocrx_word' id='word_1_214' title='bbox 2038 4113 2091 4191; x_wconf 89' lang='lat' dir='ltr'><strong>J</strong></span> <span class='ocrx_word' id='word_1_215' title='bbox 2094 4112 2457 4189; x_wconf 88' lang='lat' dir='ltr'>uramenti</span> 
     </span>
     <span class='ocr_line' id='line_1_32' title="bbox 234 4240 2454 4345; baseline -0.002 -29"><span class='ocrx_word' id='word_1_216' title='bbox 234 4249 352 4318; x_wconf 69' lang='lat' dir='ltr'>nte</span> <span class='ocrx_word' id='word_1_217' title='bbox 373 4251 544 4322; x_wconf 85' lang='lat' dir='ltr'>tunc</span> <span class='ocrx_word' id='word_1_218' title='bbox 578 4244 951 4345; x_wconf 83' lang='lat' dir='ltr'>praestiti,</span> <span class='ocrx_word' id='word_1_219' title='bbox 978 4244 1197 4320; x_wconf 89' lang='lat' dir='ltr'>nobis</span> <span class='ocrx_word' id='word_1_220' title='bbox 1235 4244 1328 4320; x_wconf 91' lang='lat' dir='ltr'>de</span> <span class='ocrx_word' id='word_1_221' title='bbox 1366 4243 1598 4319; x_wconf 86' lang='lat' dir='ltr'>verbo</span> <span class='ocrx_word' id='word_1_222' title='bbox 1637 4242 1737 4318; x_wconf 90' lang='lat' dir='ltr'>ad</span> <span class='ocrx_word' id='word_1_223' title='bbox 1772 4240 2076 4316; x_wconf 86' lang='lat' dir='ltr'>verbum</span> <span class='ocrx_word' id='word_1_224' title='bbox 2110 4260 2248 4337; x_wconf 88' lang='lat' dir='ltr'>per</span> <span class='ocrx_word' id='word_1_225' title='bbox 2284 4244 2454 4313; x_wconf 91' lang='lat' dir='ltr'>tuas</span> 
     </span>
     <span class='ocr_line' id='line_1_33' title="bbox 230 4362 2451 4469; baseline -0.006 -20"><span class='ocrx_word' id='word_1_226' title='bbox 230 4376 539 4466; x_wconf 63' lang='lat' dir='ltr'>patentes</span> <span class='ocrx_word' id='word_1_227' title='bbox 591 4371 910 4467; x_wconf 81' lang='lat' dir='ltr'>litteras,</span> <span class='ocrx_word' id='word_1_228' title='bbox 964 4378 1093 4449; x_wconf 88' lang='lat' dir='ltr'>tuo</span> <span class='ocrx_word' id='word_1_229' title='bbox 1148 4368 1420 4469; x_wconf 77' lang='lat' dir='ltr'>sigillo</span> <span class='ocrx_word' id='word_1_230' title='bbox 1474 4368 1832 4461; x_wconf 87' lang='lat' dir='ltr'>munitas,</span> <span class='ocrx_word' id='word_1_231' title='bbox 1887 4388 2025 4465; x_wconf 91' lang='lat' dir='ltr'>per</span> <span class='ocrx_word' id='word_1_232' title='bbox 2070 4362 2451 4464; x_wconf 89' lang='lat' dir='ltr'>proprium</span> 
     </span>
     <span class='ocr_line' id='line_1_34' title="bbox 229 4484 2450 4595; baseline -0.004 -28"><span class='ocrx_word' id='word_1_233' title='bbox 229 4496 532 4573; x_wconf 81' lang='lat' dir='ltr'>nuncium</span> <span class='ocrx_word' id='word_1_234' title='bbox 586 4503 863 4595; x_wconf 85' lang='lat' dir='ltr'>quanto</span> <span class='ocrx_word' id='word_1_235' title='bbox 918 4518 1172 4595; x_wconf 38' lang='lat' dir='ltr'>ocyus,</span> <span class='ocrx_word' id='word_1_236' title='bbox 1205 4494 1581 4573; x_wconf 86' lang='lat' dir='ltr'>destinare</span> <span class='ocrx_word' id='word_1_237' title='bbox 1636 4511 2015 4590; x_wconf 87' lang='lat' dir='ltr'>procures.</span> <span class='ocrx_word' id='word_1_238' title='bbox 2090 4484 2450 4582; x_wconf 79' lang='lat' dir='ltr'>Quodque</span> 
     </span>
    </p>
   </div>
  </div>
 </body>
</html>
