3293 5219
2371 274 2526 353 375

280 492 856 590 responderunt:
948 495 1054 570 uti
1118 494 1407 589 justitia
1481 503 1555 569 et
1634 495 1986 590 judicium
2064 496 2154 571 de
2229 503 2517 593 praete·

279 619 446 694 ritis
468 620 1123 710 administraretur,
1138 628 1358 717 atque
1398 621 1492 695 ad
1513 619 1933 697 libertatem
1972 630 2045 696 et
2085 623 2294 716 leges
2334 623 2519 696 anti-

278 769 468 843 quas
510 746 752 820 omnia
786 752 1332 820 revocarentur.
1386 747 1658 821 Iterum
1699 768 1961 821 caesar
2002 745 2281 839 eadem,
2321 767 2510 842 quae

273 871 925 970 prius,respondit,
950 872 1040 945 de
1080 871 1606 945 commissariis
1626 872 2024 964 mittendis,
2066 896 2226 949 cum
2265 880 2517 948 tamen

269 998 644 1097 posterius
682 998 1135 1072 affirmasset
1191 1021 1274 1071 se
1322 998 1555 1072 inscio
1614 997 1797 1074 illud
1855 999 2229 1096 scriptum.
2286 999 2501 1075 Ideo·

272 1149 415 1222 quc
469 1126 735 1199 iterum
791 1123 1118 1198 universi
1192 1134 1360 1200 sunt
1437 1126 1929 1221 consternati3
1970 1150 2201 1223 eoque
2254 1126 2516 1222 magis,

273 1253 471 1349 quod
510 1274 670 1324 cum
727 1250 1064 1342 doniiuiS,
1144 1275 1451 1347 quorum
1483 1253 1758 1352 oppida
1814 1261 1939 1328 aut
1979 1254 2203 1327 villae
2244 1262 2513 1341 essent,

267 1403 439 1454 sese
458 1385 942 1453 tractaturum
973 1379 1404 1455 addidisset:
1427 1379 1521 1454 iis
1548 1379 1741 1454 enim
1779 1382 1941 1480 ipse
1980 1381 2077 1455 ad
2116 1402 2329 1455 arces
2351 1380 2506 1454 fini-

262 1509 484 1583 timas
500 1505 888 1601 indigeret.
906 1506 1138 1580 Nemo
1165 1530 1343 1601 ergo
1365 1515 1545 1598 erat,
1564 1506 1688 1603 qui
1693 1509 1725 1603 j
1736 1531 1854 1580 am
1892 1507 2037 1581 sibi
2073 1527 2219 1581 non
2239 1514 2510 1582 metue-

266 1641 399 1725 ret,
446 1632 641 1730 quod
663 1632 1152 1709 eodemmodo
1174 1633 1385 1708 bonis
1430 1632 2059 1730 expelleretur3eo
2097 1639 2509 1731 praetextu,

271 1762 467 1856 quod
505 1760 597 1834 iis
638 1760 735 1833 ad
775 1782 988 1834 arces
1010 1759 1358 1835 finitimas
1398 1760 1787 1854 indigeret.
1827 1760 2294 1857 Rursumque
2334 1783 2502 1858 sup·

261 1887 646 1984 plicarunt,
724 1892 801 1958 ut
875 1884 969 1977 id,
1050 1886 1244 1982 quod
1284 1888 1468 1984 ipsis
1542 1886 2036 1982 justissimum
2113 1885 2506 1977 videretur,

263 2021 336 2086 et
445 2015 657 2109 cujus
750 2013 912 2110 ipse
1011 2012 1474 2119 deliberandi
1546 2021 1990 2112 potestatem
2072 2014 2301 2087 semel
2392 2014 2498 2087 fe-

260 2140 510 2230 cisset,
548 2138 1024 2236 permitteret.
1088 2139 1289 2214 ldem
1327 2146 1574 2214 tamen
1631 2148 1802 2214 tunc
1859 2161 2146 2235 quoque
2200 2161 2502 2237 respon-

259 2267 384 2358 dit,
431 2264 844 2362 adjecitque
906 2287 996 2338 ne
1053 2268 1366 2363 posthac
1421 2265 1646 2341 ullum
1685 2267 2035 2364 scriptum
2110 2267 2499 2359 offeratur3

254 2417 421 2469 nam
473 2415 555 2467 se
611 2415 745 2466 nec
802 2399 1261 2489 recepturum
1321 2393 1691 2492 deinceps»,
1755 2416 1892 2466 nec
1933 2392 2319 2488 quicquam
2396 2414 2489 2467 ex

254 2519 622 2595 sententia
693 2525 1150 2593 mutaturum.
1212 2516 1395 2595 Cum
1453 2543 1632 2616 ergo
1683 2522 1842 2616 jam
1901 2518 2073 2615 quid
2132 2519 2486 2611 facerent,

250 2670 397 2722 non
451 2646 831 2721 haberent:
874 2645 1281 2721 consiliarii
1342 2647 1482 2722 soli
1541 2647 1908 2744 privatim,
1954 2669 2170 2741 quam
2228 2647 2497 2741 gravia

248 2780 501 2849 essent
535 2770 718 2846 haec
737 2793 1124 2869 responsa,
1166 2773 1452 2864 docent,
1494 2794 1902 2870 precesque
1922 2771 2215 2845 addunt.
2240 2770 2487 2868 Atque

248 2901 353 2975 ita
429 2899 713 2973 demum
770 2899 1001 2972 verba
1058 2907 1277 2996 atque
1336 2897 1707 2996 promissa
1765 2897 2248 2994 necquiquam
2307 2897 2482 2972 data

243 3034 434 3113 sunt,
475 3026 731 3120 gnaris
770 3025 1126 3116 omnibus,
1167 3033 1240 3100 et
1281 3050 1468 3123 quae
1510 3034 1780 3115 essent,
1806 3032 1877 3099 et
1920 3049 2110 3122 quae
2153 3025 2479 3100 diceren-

240 3161 379 3241 tur,
442 3152 726 3225 nemine
782 3158 908 3225 aut
965 3152 1420 3226 assentiente
1484 3160 1611 3227 aut
1669 3160 2008 3246 negante,
2072 3151 2500 3248 aliquando

240 3278 555 3368 fremitu,
597 3277 992 3373 aliquando
1034 3278 1352 3369 silentio,
1395 3278 1621 3352 altum
1664 3275 1992 3352 dolorem
2035 3275 2260 3352 veluti
2301 3286 2486 3356 atto-

242 3405 419 3479 nitis
478 3405 984 3503 prodentibus.
1048 3403 1230 3479 Cum
1272 3414 1513 3480 autem
1575 3411 1648 3479 et
1686 3404 1981 3503 publice
2025 3413 2097 3479 et
2134 3405 2481 3501 privatim

238 3555 755 3628 nonnunquam
844 3533 917 3605 in
996 3531 1659 3630 supplicationibus
1743 3530 2144 3627 juramenti
2238 3529 2484 3607 admo-

238 3665 557 3749 neretur,
600 3659 796 3754 quod
833 3666 1162 3756 tempore
1205 3658 1588 3734 electionis
1625 3655 2147 3755 praestitisset,
2202 3656 2275 3730 in
2318 3681 2480 3734 con-

248 3782 416 3860 silio
457 3785 1118 3882 frequentizsaepe
1193 3785 1388 3877 mihi,
1430 3786 1685 3881 inquit,
1728 3784 2083 3880 objiciunt
2109 3787 2482 3880 Juramen-

240 3919 409 4003 tum,
452 3911 585 3985 sed
659 3910 1027 3999 videbitis,
1111 3912 1304 4007 quod
1361 3936 1501 4007 ego
1558 3935 1674 3985 me
1751 3911 2082 3986 liberabo
2153 3913 2248 3986 ab
2276 3914 2478 4007 Jura-

237 4045 498 4111 mento.
542 4035 756 4126 Quod
794 4037 1085 4132 quidem
1124 4038 1227 4111 ita
1284 4037 1677 4135 praestitit,
1717 4046 1794 4111 ut
1833 4061 2198 4133 nunquam
2237 4038 2450 4112 memi

162 4186 169 4192 ·
232 4162 423 4236 uerit
462 4183 734 4253 eorum,
794 4163 1094 4258 quaein
1153 4164 1634 4259 jureJuraudo
1697 4164 2181 4260 promisisset.
2240 4161 2476 4259 Siqui-

239 4289 399 4364 dem
440 4288 661 4378 etiam
704 4289 996 4363 solebat
1052 4289 1317 4380 dicere,
1358 4312 1527 4364 sese
1568 4291 1663 4363 ad
1718 4288 2133 4364 laudabiles
2170 4296 2476 4364 tantum·

235 4415 448 4489 modo
503 4416 714 4510 leges
763 4417 1089 4511 J’urasse3
1122 4417 1450 4515 perinde,
1512 4441 1601 4491 ac
1640 4417 1704 4491 si
1763 4440 1896 4491 eae
1955 4416 2161 4490 solae
2220 4426 2472 4491 esseut

230 4542 673 4636 laudabiles,
697 4565 886 4638 quae
909 4542 1211 4620 sibisoli
1234 4545 1675 4640 viderentur,
1701 4552 1771 4619 et
1795 4567 1935 4620 uon
1973 4566 2162 4642 quae
2200 4545 2470 4643 populo
