3293 5219
2291 279 2443 357 149

207 500 405 568 nocte
443 517 488 567 e
509 494 779 571 castris
816 493 1269 571 discesserat
1287 489 1395 590 *);
1439 494 1607 570 ideo
1646 495 1879 586 miles,
1911 497 2035 594 qui
2057 497 2314 575 ducum
2334 500 2440 575 in·
2473 543 2475 545 v

204 620 403 696 scitia
442 622 685 698 victus
712 631 893 717 erat,
914 624 1106 699 hunc
1159 623 1397 698 solum
1455 621 1830 697 clamabat
1849 647 1939 699 ac
1995 627 2437 722 quaerebat3

207 772 364 822 nam
403 748 715 826 ducibus
752 749 1009 848 primis
1028 749 1103 825 in
1139 749 1392 847 fugam
1450 748 1860 843 conversis,
1934 749 2149 825 miles
2187 751 2443 828 ducem

203 876 515 974 aliquem
552 877 1209 976 circumspiciebat,
1233 883 1309 951 et
1326 876 1641 951 maxime
1680 898 1865 970 eum,
1904 899 2121 973 quem
2159 878 2444 977 lingva·

204 1027 347 1082 rum
383 1005 678 1105 peritia,
718 1005 905 1081 artis
942 1002 1285 1080 militaris
1326 1004 1659 1098 scientia,
1698 1005 2158 1099 auctoritate,
2193 1002 2440 1083 huma-

201 1135 441 1225 nitate,
482 1131 874 1231 plurimum
912 1133 1163 1207 valere
1202 1130 1506 1206 sciebat.
1566 1129 1718 1206 Sed
1741 1132 1900 1228 jam
1957 1130 2260 1208 duarum
2297 1132 2445 1209 Va-

204 1259 602 1337 lachiarum
675 1257 1047 1356 principes
1112 1257 1188 1331 in
1266 1257 1678 1354 Ungariam
1735 1266 2263 1356 pervenerant,
2320 1260 2444 1356 qui

206 1388 407 1462 ambo
426 1387 507 1461 in
548 1385 819 1462 castris
849 1384 1346 1483 quadraginta
1363 1385 1597 1462 millia
1616 1384 1987 1460 hominum
2024 1385 2442 1462 habebant:

204 1514 371 1591 nihil
389 1525 647 1592 tamen
665 1514 935 1590 hostile
954 1515 1285 1590 fecerunt
1307 1513 1481 1607 ,nisi
1499 1513 1696 1611 qnod
1714 1512 2064 1612 oppidum
2084 1520 2159 1589 et
2178 1514 2444 1590 castel-

209 1644 342 1720 lum
397 1641 711 1734 Bathor,
770 1639 1119 1716 Andreae
1175 1641 1460 1739 Batory
1499 1637 2072 1735 conflagrarunt,
2112 1649 2186 1717 et
2220 1640 2445 1718 homi-

208 1770 410 1845 nibus
429 1768 770 1867 exceptis
809 1767 1284 1866 diripuerunt.
1340 1768 1459 1842 Ita
1493 1765 1759 1863 regina
1777 1788 2067 1865 quoque
2117 1768 2447 1845 Isabella,

213 1921 355 1974 cum
392 1897 550 1972 filio
590 1897 666 1970 in
704 1895 1349 1972 Transsilvaniam
1423 1893 1795 1994 proficisci
1832 1893 2176 1987 decrevit,
2214 1897 2448 1995 copiis

215 2023 680 2100 caesareanis
697 2022 909 2099 foede
949 2021 1355 2121 dissipatis,
1377 2029 1488 2098 tot
1525 2020 1975 2098 exercitibus
2009 2023 2085 2098 in
2104 2031 2446 2123 promptu

214 2150 732 2227 exsistentibus
772 2157 971 2225 metu
1008 2149 1202 2226 omni
1242 2152 1557 2245 sublat0,
1580 2147 1776 2246 qnod
1815 2152 1978 2247 ejus
2015 2149 2333 2248 amplius
2370 2150 2444 2226 in

216 2299 510 2375 regnum
620 2277 1009 2374 ingressus
1099 2275 1456 2376 impedire
1586 2284 1867 2374 posset.
1938 2278 2203 2374 Itaque
2286 2297 2446 2352 cum

226 2404 635 2504 quingentis
653 2404 1023 2502 equitibus
1043 2404 1500 2503 etpeditibus
1521 2402 2080 2501 quadringentis
2090 2402 2452 2501 polonicis

217 2532 391 2608 viam
426 2533 880 2630 ingreditur3
955 2532 1071 2607 cui
1096 2533 1282 2608 fines
1320 2531 1733 2628 ingressae,
1789 2552 2140 2628 proceres
2189 2528 2448 2629 Unga-

218 2660 357 2737 riae
394 2660 693 2737 obviam
730 2658 1156 2759 procedunt.
1195 2660 1473 2735 Eorum
1530 2658 1976 2733 'Polonorum
2033 2664 2253 2754 atque
2298 2656 2454 2749 Un7

220 2813 553 2887 garorum
571 2797 784 2888 parte
824 2812 1070 2864 secum
1091 2797 1492 2887 assumpta,
1533 2787 1861 2885 reliquos
1898 2785 2252 2884 bipartito
2274 2785 2452 2861 divi-

221 2917 332 3009 dit,
367 2925 808 3017 partemqne
848 2915 1032 2991 duce
1089 2913 1391 2991 Andrea
1446 2915 1733 3013 Batory
1773 2913 1864 2988 de
1885 2909 2164 2987 Somlio
2204 2909 2299 2986 ad
2319 2911 2450 2985 ob-

222 3044 567 3122 sidionem
603 3044 801 3120 Hust
882 3042 1286 3140 urgendam
1320 3041 1580 3131 mittit,
1637 3049 1925 3140 partem
1965 3036 2451 3113 Waradinum

227 3172 450 3248 acrius
533 3171 1123 3271 oppugnandum.
1179 3173 1363 3269 Ipsa
1416 3190 1596 3244 vero
1655 3168 1729 3242 in
1804 3163 2447 3241 Transsilvaniam

223 3319 492 3376 summo
549 3298 861 3373 omnium
937 3296 1180 3373 studio
1256 3320 1346 3372 ac
1393 3294 1681 3371 laetitia
1732 3291 2091 3391 pervenit.
2149 3289 2454 3366 Interim

225 3424 429 3502 Dobo
509 3424 813 3500 crebras
890 3424 986 3500 ad
1040 3424 1591 3500 Ferdinandum
1664 3421 1955 3497 litteras
2030 3416 2297 3511 dabat,
2357 3415 2453 3491 ad

224 3575 395 3649 quas
432 3554 543 3629 ita
583 3552 1103 3651 respondebat,
1160 3559 1242 3627 ut
1294 3574 1500 3650 spem
1576 3550 1789 3625 daret
1826 3544 2265 3623 auxiliorum
2303 3562 2451 3620 ma-

226 3680 500 3773 ximam,
523 3678 787 3755 deinde
822 3678 1224 3769 mandaret,
1278 3684 1358 3753 ut
1409 3676 1814 3752 fortissime
1852 3675 2447 3772 propugnarent:

230 3804 414 3883 illinc
473 3805 789 3904 scriptis,
851 3804 1023 3880 hinc
1096 3827 1250 3903 spe,
1310 3799 1434 3878 diu
1488 3799 1778 3877 obsidio
1864 3802 2280 3874 sustentata
2316 3803 2453 3887 est,

228 3931 446 4010 donec
556 3933 909 4026 Isabella,
973 3931 1168 4029 quod
1238 3931 1477 4030 ipsum
1525 3932 1684 4027 jam
1762 3924 2086 4002 autumni
2158 3931 2444 4020 tempus

232 4069 394 4157 erat,
433 4060 752 4138 advenit.
794 4062 986 4135 Tum
1025 4081 1203 4134 vero
1242 4080 1449 4157 spem
1477 4077 1767 4153 quoque
1790 4053 2211 4129 amiserunt.
2253 4047 2456 4125 Scie-

404 4461 463 4531 *)
491 4456 756 4533 Forgach
777 4455 832 4512 S.
855 4459 1161 4529 jegyzete:
1214 4456 1304 4512 De
1325 4453 1455 4527 meg
1492 4472 1563 4510 az
1607 4450 1774 4507 torek
1799 4450 1849 4504 is
1876 4443 2179 4520 magyarul
2205 4447 2299 4499 azt
2322 4436 2464 4501 kiel-

237 4551 400 4605 ωηατ
435 4552 600 4606 niues
628 4554 792 4613 mast,
829 4548 1019 4613 mond,
1048 4547 1121 4604 itt
1165 4543 1426 4621 For-gach
1466 4544 1676 4603 Simon.
