3293 5219
778 237 883 314 24

785 454 1085 529 brosius
1124 452 1499 526 Bosniak.
1542 452 1617 526 in
1659 451 1938 548 campis
1981 451 2385 545 varjasinis
2425 450 2818 523 adversum
2855 470 3024 546 pro-

779 580 994 669 fecti,
1046 602 1091 650 a
1130 578 1395 674 quibus
1436 578 1755 652 Uluman
1796 577 2031 670 begus
2056 632 2072 665 ‚
2119 575 2452 673 pluribus
2482 596 2772 650 suorum
2812 574 3028 648 amis-

781 707 906 795 sis,
942 705 1256 804 impigre
1292 712 1536 778 tamen
1576 725 1748 777 sese
1784 708 2100 787 tutatus,
2139 702 2214 775 in
2253 701 2729 776 Melchiorem
2769 698 3030 773 Balas-

783 854 941 907 sam
1004 839 1075 905 et
1135 831 1613 904 Franciscum
1673 830 2005 917 Horvat,
2065 852 2154 903 ex
2196 829 2463 904 castris
2500 850 2633 927 per
2671 826 2906 901 noctis
2938 825 3035 898 si·

784 958 1085 1033 lentium
1142 956 1330 1030 clam
1390 956 1818 1051 digressos,
1877 955 2149 1029 incidit.
2238 954 2384 1028 Hic
2439 953 2628 1027 enim
2686 950 3033 1035 Balassa,

786 1108 971 1160 unus
1010 1082 1463 1167 mortalium,
1503 1106 1742 1178 neque
1784 1082 2065 1165 edicto,
2125 1104 2361 1177 neque
2403 1080 2753 1178 principi,
2794 1101 3037 1174 neque

785 1210 1123 1308 religioni
1163 1208 1409 1306 paruit
1444 1231 1782 1304 unquam.
1826 1231 1917 1280 ex
1958 1207 2268 1303 quodam
2311 1206 2568 1299 gentis
2606 1206 2783 1296 fato;
2822 1227 3037 1302 prae·

785 1337 1027 1433 lioque
1066 1335 1490 1434 congressi,
1532 1344 1605 1409 et
1642 1335 1938 1408 amissis
1979 1334 2226 1408 multis
2268 1356 2599 1421 suorum,
2639 1333 3038 1407 Balassam

787 1484 921 1562 per
977 1462 1308 1536 dextrum
1369 1459 1626 1557 pedem
1669 1461 1940 1553 glande
1981 1460 2292 1557 sclopeti
2333 1461 2733 1555 trajecere,
2795 1459 2857 1532 F
2864 1481 3038 1533 ran-

789 1588 986 1663 cisco
1026 1587 1315 1663 Horvat
1372 1586 1681 1683 clypeus
1733 1586 2172 1682 perforatus:
2220 1607 2361 1681 quo
2403 1586 2725 1683 periculo
2764 1585 3039 1663 affecti.

794 1714 1084 1788 hostem
1124 1710 1487 1784 dimisere.
1564 1708 1801 1785 Paulo
1858 1718 2027 1807 post
2068 1710 2389 1784 Michael
2431 1710 2598 1799 Tot,
2677 1710 2863 1784 civis
2921 1733 3041 1785 ze·

797 1838 1145 1936 gedinus,
1204 1846 1277 1910 et
1335 1835 1774 1911 Ambrosius
1832 1836 2072 1932 Nagi,
2132 1837 2596 1935 popularium
2635 1837 3044 1912 fortissima

798 1986 1035 2052 manu,
1062 1984 1299 2037 serum
1323 1962 1671 2036 auxilium
1709 1963 1924 2036 venit.
1953 1962 2269 2038 Uluman
2290 1963 2529 2059 begus
2565 1971 2808 2037 tamen
2845 1964 3045 2036 fame

800 2098 875 2166 et
926 2088 1233 2188 praeliis
1291 2089 1622 2162 omnibus
1679 2090 1836 2162 fere
1877 2089 2227 2163 militibus
2285 2089 2363 2162 in
2404 2089 2663 2165 itinere
2721 2088 3049 2179 amissis,

792 2215 988 2291 haud
1026 2217 1250 2290 multo
1310 2214 1642 2312 pluribus
1723 2239 1935 2311 quam
1995 2217 2345 2289 trecentis
2406 2216 2529 2289 vix
2588 2216 3048 2311 Belgi-adum

796 2343 1151 2443 pervenit.
1233 2340 1607 2435 Georgius
1666 2342 1956 2416 interim
2016 2342 2324 2440 Lippam
2382 2343 2595 2417 novis
2633 2343 3051 2418 munitioni-

796 2471 935 2544 bus
972 2470 1452 2549 restauravit,
1496 2477 1569 2542 et
1607 2468 2059 2542 Bernaldum
2119 2468 2509 2550 Aldanam,
2588 2492 2744 2545 cum
2784 2471 3047 2546 cohor-

797 2604 870 2670 te
910 2594 1451 2694 Hispanorum,
1509 2602 2033 2671 tormentorum
2112 2604 2184 2670 et
2243 2605 2768 2672 commeatuum
2827 2598 3048 2697 copia

798 2720 1179 2819 imposita,
1235 2742 1369 2819 pro
1431 2721 1804 2819 praesidio
1864 2722 2179 2818 reliquit.
2261 2720 2407 2796 Sed
2463 2730 2670 2797 tanta
2728 2730 2890 2798 erat
2946 2725 3050 2798 ab

804 2846 1141 2921 omnibus
1180 2846 1589 2941 indignatio
1628 2847 1700 2921 in
1728 2845 2133 2944 Georgium
2173 2857 2356 2938 orta,
2402 2858 2478 2924 ut
2509 2851 2730 2925 duces
2770 2851 2843 2924 in
2883 2854 3050 2947 ejus

799 2993 1050 3046 necem
1107 2972 1651 3058 consenserint,
1738 2981 1810 3047 et
1868 2974 1961 3046 ad
2019 2974 2563 3050 Ferdinandum
2622 2977 3053 3067 retulerint,

807 3098 929 3195 qui
970 3097 1385 3173 Mercadum
1431 3095 1815 3195 hispanum
1854 3099 2038 3194 regii
2082 3102 2366 3200 aucupii
2407 3104 2880 3199 praefectum,
2921 3126 3048 3177 ve-

803 3222 1283 3299 tustissimum
1325 3225 1710 3314 alumnum,
1752 3233 1826 3299 et
1864 3250 1951 3302 eo
1989 3228 2441 3317 fidissimum,
2482 3252 2641 3304 cum
2681 3229 3054 3305 mandatis

805 3348 1184 3424 celerrime
1246 3350 1627 3444 ablegavit
1666 3375 1682 3442 3
1741 3375 1882 3426 non
1963 3376 2142 3448 ergo
2203 3354 2675 3431 differendum
2733 3357 3054 3431 arbitra-

804 3478 1107 3566 bantur,
1168 3474 1299 3549 sed
1354 3498 1488 3573 per
1527 3498 1869 3553 cursores
1909 3485 2198 3578 tempus
2239 3489 2460 3579 atque
2501 3482 2790 3558 modum
2830 3505 3056 3578 quae-

805 3603 1085 3740 rebffnt.
1182 3601 1539 3676 Melchior
1597 3603 1921 3678 Balassa
1978 3608 2162 3680 tanti
2222 3631 2374 3682 rem
2431 3607 2786 3684 facinoris
2843 3607 3046 3685 ultro

810 3728 961 3838 sib4
989 3728 1415 3802 demandari
1458 3730 1794 3825 petebat,
1846 3738 1921 3806 et
1956 3731 2028 3805 in
2068 3732 2232 3831 ipso
2272 3743 2492 3832 ponte
2535 3735 2856 3809 civitatis
2895 3759 3054 3810 rem

805 3852 1280 3952 patrandam,
1322 3877 1413 3927 ac
1455 3852 1824 3929 civitatem
1866 3858 2362 3955 occupandam
2400 3861 2789 3950 censebat,
2831 3860 3053 3936 homo

812 4002 1025 4078 quem
1066 3981 1392 4055 exsulem
1433 3979 1561 4055 ille
1601 4004 1692 4054 ac
1728 3982 2115 4078 profugum
2156 3987 2249 4059 ab
2271 3984 2737 4061 Ferdinando
2779 3986 3057 4086 spolia-

809 4113 961 4182 tum
1019 4107 1354 4182 omnibus
1411 4106 1723 4182 fortunis
1762 4132 1906 4183 non
1945 4119 2329 4210 receperat
2367 4112 2617 4201 modo,
2661 4114 2792 4187 sed
2832 4138 3055 4190 auxe-

811 4238 930 4304 rat
974 4239 1193 4329 atque
1233 4241 1629 4309 ornaverat
1703 4235 2035 4311 omnibus
2097 4237 2434 4313 fortunae
2472 4245 2694 4336 atque
2734 4239 3053 4336 dignita-

817 4356 916 4431 tis
954 4357 1372 4434 honoribus.
1413 4357 1818 4436 Consilium
1856 4370 2119 4453 tamen,
2143 4365 2314 4461 quia
2352 4366 2842 4463 periculosum
2864 4376 3050 4456 erat,

813 4506 970 4558 cum
1008 4481 1135 4558 ille
1156 4481 1376 4580 longe
1413 4485 1815 4581 majoribus
1837 4488 2066 4586 copiis
2087 4489 2558 4584 fulciebatur,
2583 4493 2655 4567 in
2703 4500 3051 4592 opportu-
