3293 5219
2461 382 2619 458 515

351 599 629 692 juvare
680 594 931 685 nollet,
993 598 1217 672 liceat
1276 598 1550 673 milites
1593 600 2084 685 conscribere,
2126 608 2200 673 et
2253 623 2386 697 per
2443 601 2629 675 fines

358 722 576 817 regni
615 722 1226 797 'l'ranssilvaniei
1272 724 1344 797 in
1401 722 1846 799 Moldaviam
1928 725 2217 799 ducere.
2311 725 2430 798 Ex
2489 749 2634 822 qua

358 849 736 944 legatione
774 873 937 923 611111
973 849 1202 925 facile
1272 860 1691 950 appareret,
1732 876 1950 949 quam
1990 875 2258 947 magno
2300 850 2628 948 periculo

358 998 498 1049 sua
568 996 796 1049 eausa
872 975 1525 1051 Transsilvaniam
1617 977 2055 1075 implicaret,
2138 976 2625 1072 maritimique
2713 969 2717 974 ’

358 1102 540 1176 belli
581 1102 794 1177 clade
847 1098 1300 1200 Stephanum
1360 1127 1497 1179 sua
1555 1105 1989 1181 auctoritate
2047 1104 2120 1177 in
2179 1102 2620 1177 sententiam

359 1236 775 1303 tracturum
813 1228 1224 1304 credidisse
1260 1260 1276 1303 ε
1326 1228 1747 1329 Stephanus
1789 1230 2033 1305 omnia
2069 1252 2152 1303 se
2208 1227 2618 1325 maJestatis

361 1355 621 1451 regiae
662 1378 887 1429 631163
924 1355 1290 1432 facturum
1330 1359 1734 1456 respoudit,
1777 1381 1966 1454 quae
2008 1356 2219 1433 modo
2259 1361 2465 1430 recto
2497 1356 2614 1452 ju-

363 1481 582 1570 dicio,
624 1487 699 1555 et
737 1503 923 1555 sano
965 1481 1297 1573 consilio,
1345 1483 1785 1580 magnisque
1839 1480 2333 1556 fundamentis
2407 1502 2618 1578 prae·

363 1608 553 1684 stari
573 1629 799 1706 posse
820 1616 1046 1705 putet.
1074 1608 1291 1699 Quod
1312 1632 1487 1684 vero
1511 1608 1791 1685 auxilia
1831 1608 1974 1700 det,
2002 1616 2127 1683 aut
2159 1634 2253 1684 ex
2274 1627 2407 1682 suo
2446 1629 2613 1701 reg-

359 1757 456 1808 no
504 1735 775 1808 bellum
816 1732 1089 1809 Selimo
1148 1736 1402 1810 inferri
1440 1737 1808 1834 patiatur:
1845 1736 1920 1810 id
1958 1734 2138 1811 nihil
2177 1734 2379 1811 aliud
2417 1755 2610 1825 esse,

361 1883 583 1957 quam
658 1861 1353 1959 opportunissimam
1429 1863 1883 1960 provinciam
1964 1871 2036 1936 et
2108 1862 2463 1937 Poloniae
2540 1868 2616 1935 et

360 1986 907 2078 christianitati,
950 1989 1290 2064 hostibus
1328 1991 1846 2088 intempestive
1887 1990 2246 2087 objicere3
2272 2012 2613 2088 praeser-

360 2114 492 2187 tim
550 2114 743 2210 quod
801 2139 1071 2211 magno
1130 2112 1383 2190 Selimi
1439 2124 1512 2190 et
1566 2118 1805 2215 patris
1845 2116 2204 2192 beneficio
2257 2117 2611 2191 haetenus

363 2240 703 2313 immunis
781 2249 1224 2316 conservata
1274 2244 1389 2316 sit.
1450 2242 1570 2335 At,
1621 2244 1718 2316 ad
1790 2244 2073 2339 regiam
2149 2246 2611 2339 majestatem

362 2366 759 2464 pertinere,
802 2369 924 2465 qui
956 2369 1512 2466 potentissimus
1551 2369 1897 2466 princeps
1939 2367 2353 2461 haberetur,
2397 2378 2472 2444 et
2493 2371 2610 2444 6111

368 2492 775 2587 Bogdanus
800 2516 881 2565 se
905 2502 1128 2590 atque
1153 2516 1455 2588 regnum
1482 2494 2090 2583 commendasset,
2106 2518 2197 2569 ne
2214 2493 2612 2569 Polonicae

362 2619 732 2695 amicitiae
771 2645 996 2695 causa
1034 2645 1265 2717 regno
1308 2623 1590 2717 ejectus
1630 2631 1986 2720 perpetuo
2030 2629 2303 2696 careat.

578 2749 838 2842 Itaque
880 2746 1196 2821 Russiae
1238 2756 1314 2821 et
1352 2746 1713 2821 Podoliae
1759 2747 2077 2821 i'alatiui
2114 2748 2209 2821 ad
2247 2747 2602 2822 Hutinum

361 2896 520 2947 eum
579 2873 906 2947 exercitu
962 2881 1342 2970 venerunt,
1402 2881 1475 2947 et
1512 2897 1750 2969 parva
1788 2875 2076 2971 praelia
2113 2874 2600 2971 nequicquam

365 3008 775 3088 tentavere,
814 2998 1061 3073 multis
1102 3022 1397 3074 suorum
1438 3000 1755 3089 amissis,
1794 2999 2232 3096 praesertim
2270 2999 2344 3072 in
2380 2998 2609 3073 flumi-

370 3149 482 3213 ne,
543 3146 701 3198 eum
760 3125 940 3221 fuga
996 3126 1387 3222 praecipiti
1447 3125 1521 3198 in
1576 3122 1848 3198 flumen
1903 3133 2218 3199 ruerent.
2310 3127 2430 3200 lta
2485 3149 2609 3201 eo-

372 3259 594 3325 natus
649 3251 854 3346 regis
912 3274 1379 3347 nequaquam
1435 3252 1832 3346 successit3
1873 3274 2034 3324 611111
2094 3258 2476 3348 sperasset
2515 3275 2608 3324 ex

372 3376 585 3450 clade
640 3376 891 3450 navali
950 3400 1073 3468 se,
1131 3384 1258 3451 aut
1316 3400 1449 3475 per
1506 3375 1862 3471 gratiam,
1923 3383 2049 3449 aut
2103 3375 2462 3451 intentata
2515 3376 2609 3467 vi,

368 3503 807 3599 Bogdanum
866 3503 940 3576 in
996 3526 1303 3599 regnum
1360 3523 1586 3600 posse
1643 3502 2058 3575 restituere.
2130 3501 2235 3574 At
2289 3499 2608 3577 Selimus

366 3632 594 3704 misso
637 3637 934 3705 oratore
973 3631 1512 3727 expostulando
1534 3629 1868 3725 graviter
1890 3628 2378 3718 denunciavit,
2396 3636 2477 3703 ut
2513 3631 2609 3703 ab

364 3757 745 3832 Moldavia
784 3757 1214 3847 abstineret,
1253 3763 1326 3830 et
1360 3756 1795 3852 Bogdanum
1834 3777 1992 3827 611111
2030 3753 2264 3828 fratre
2304 3754 2447 3828 sibi
2488 3756 2609 3830 de·

366 3885 600 3960 deret.
658 3884 822 3959 Rex
883 3884 1076 3959 intra
1134 3908 1439 3980 regnum
1501 3907 1708 3958 suurn
1750 3881 2185 3977 Bogdanum
2220 3904 2364 3955 nou
2401 3905 2609 3980 repe·

373 4011 506 4086 riri
546 4011 966 4109 respondit3
1022 4012 1330 4085 fratrem
1369 4019 1632 4102 autem,
1673 4008 1793 4105 qui
1835 4007 2173 4103 Bogdani
2212 4008 2427 4104 eulpa
2467 4030 2608 4083 uon

385 4139 841 4227 attineretur,
916 4162 1051 4235 per
1110 4146 1472 4211 oratorem
1534 4134 1810 4226 Selimi,
1881 4135 2280 4233 stipulante
2335 4132 2462 4207 illo
2520 4133 2609 4208 de

379 4268 621 4339 salute
660 4257 935 4359 ejus*)3
976 4285 1191 4358 quem
1248 4261 1707 4337 Mehemetus
1800 4260 2194 4359 primarius
2267 4259 2609 4349 vezirius,

360 4394 714 4468 attributo
788 4389 856 4463 ei
932 4388 1253 4462 honesto
1330 4389 1645 4480 salario,
1724 4388 2135 4462 liberaliter
2221 4386 2605 4482 amplexus

581 4654 640 4724 ²²)
673 4654 971 4708 Kimarailt
1002 4671 1069 4708 az
1099 4655 1207 4722 ige.

2248 4744 2392 4821 33*
