3293 5219
2351 341 2507 422 345

269 572 893 669 circumscriptum
963 595 1151 647 esse.
1194 571 1293 647 At
1350 571 1472 668 qui
1509 592 1686 646 usus
1744 571 1840 645 sit
1878 573 2095 647 etia-m
2150 571 2340 645 levis
2399 597 2511 648 ar-

272 711 608 781 maturae
648 701 953 774 militum
992 722 1458 796 ungarorum,
1537 721 1913 773 caesarem
1927 702 2082 796 jam
2122 677 2370 773 coram
2413 698 2513 771 vi·

188 823 191 828 ’
271 832 497 917 disse,
537 849 671 899 nee
711 827 869 900 sine
907 825 1056 899 illis
1096 844 1450 923 prospere
1490 824 1762 897 bellum
1820 825 2021 919 geri3
2081 825 2508 920 conquiren-

268 958 408 1031 dos
447 956 693 1049 igitur,
753 954 1065 1028 alendos
1124 957 1343 1047 atque
1381 952 1777 1043 fovendos3
1849 961 1998 1026 tum
2055 953 2349 1027 amissis
2408 951 2516 1028 Si-

267 1092 443 1178 geto
522 1093 595 1158 et
652 1080 898 1167 (Mula,
957 1079 1676 1175 circumspiciendum
1741 1103 1927 1176 quae
1986 1082 2148 1155 loca
2205 1080 2516 1155 maxime

267 1221 685 1310 opportuna
723 1210 890 1299 sint,
912 1217 990 1282 ut
1026 1206 1198 1281 novi
1238 1208 1512 1296 obices,
1556 1230 1748 1282 nova
1787 1210 2112 1284 claustra
2152 1232 2519 1306 opponan-

264 1314 409 1413 tur.
452 1336 863 1434 Sequentes
904 1335 1157 1409 eadem
1214 1334 1539 1410 modeste
1581 1343 1656 1410 et
1692 1337 1969 1436 paucis.
2009 1334 2294 1412 Caesar
2333 1333 2519 1410 Ger·

264 1485 529 1539 manos
568 1468 941 1558 sequutus?
1009 1483 1197 1556 quae
1237 1461 1327 1533 de
1366 1462 1577 1534 novis
1617 1461 2081 1537 munimentis
2105 1462 2340 1559 deque
2371 1464 2520 1538 levi

267 1599 650 1665 armatura
686 1588 904 1679 dicta,
946 1587 1294 1662 laudavit.
1356 1587 1673 1663 Postero
1712 1611 1890 1684 ergo
1930 1589 2047 1663 die
2087 1591 2521 1666 transmisso

265 1726 518 1815 ponte,
563 1741 652 1790 ac
706 1714 964 1814 paucis
1002 1712 1475 1789 familiarium
1528 1739 1618 1790 ex
1682 1714 2125 1814 praecipuis,
2182 1741 2326 1791 una
2365 1741 2522 1793 cum

268 1852 442 1919 ortu
499 1844 680 1916 solis
720 1839 1109 1916 Comarum
1153 1842 1542 1918 abscessit.
1568 1844 1670 1918 Et
1705 1845 2059 1942 proxima,
2102 1867 2288 1940 quae
2329 1846 2521 1920 inse-

272 1979 446 2046 cuta
507 1976 640 2061 est,
702 1970 893 2066 quod
933 1970 1334 2044 aulicorum
1408 1995 1497 2045 ac
1534 1972 1906 2060 Italorum,
1949 1992 2038 2043 ac
2072 1978 2235 2047 octo
2275 1972 2528 2047 cohor-

282 2108 422 2186 tes,
523 2096 703 2171 duce
777 2096 1114 2186 RemerO,
1213 2095 1567 2172 Ovarum.
1683 2098 1959 2173 Eodem
2018 2121 2280 2174 caesar
2355 2120 2529 2196 quo·

269 2248 415 2321 que
455 2246 591 2322 per
657 2223 993 2311 insulam,
1071 2229 1145 2295 et
1200 2222 1407 2296 illinc
1465 2223 1826 2298 Viennam
1881 2224 2119 2298 rediit.
2181 2223 2525 2298 Andreas

269 2350 551 2425 Taiffel
610 2357 683 2423 et
758 2323 1206 2443 Sullenburg·
1265 2372 1423 2422 cum
1479 2349 1814 2445 reliquiis
1869 2372 2161 2425 suorum
2202 2350 2524 2447 equitum

283 2475 498 2550 missi
625 2474 699 2547 in
761 2537 767 2544 .
810 2451 1223 2552 comitatum
1321 2471 1797 2548 Castriferrei
1910 2484 1983 2550 et
2074 2472 2533 2575 Sopronium.

285 2602 459 2677 Duo
512 2597 790 2674 vexilla
827 2599 1147 2699 peditum
1192 2597 1533 2675 Svendae
1573 2600 1821 2676 missa.
1864 2601 2352 2701 Besprimium
2391 2602 2532 2678 dis·

276 2729 579 2805 trahere
673 2728 1021 2825 placebat
1095 2728 1424 2823 caesari3
1481 2752 1648 2802 nam
1708 2730 1801 2804 ob
1878 2729 2531 2826 conflagrationem

267 2857 759 2958 praeteritam
796 2855 1126 2932 invalida
1176 2864 1338 2932 erat
1385 2880 1735 2955 prorsus3
1773 2866 1923 2932 tum
1962 2859 2183 2935 etiam
2222 2868 2527 2957 propter

270 2987 421 3062 loci
464 2986 705 3079 situm,
770 3005 931 3059 cum
972 2985 1047 3057 in
1088 2993 1329 3059 monte
1389 2984 1604 3059 situm
1664 2985 1769 3059 ita
1808 2994 2029 3077 esset,
2103 2994 2184 3061 ut
2218 3009 2355 3062 nec
2391 2987 2539 3063 fos-

268 3138 431 3220 sam
471 3113 788 3211 alicujus
843 3112 1205 3205 momenti,
1256 3136 1443 3219 quae
1480 3110 1794 3188 hostiles
1832 3114 2147 3189 insultus
2186 3115 2516 3189 retarda-

270 3251 412 3334 ret,
453 3240 791 3332 haberet,
830 3262 966 3313 nec
1005 3239 1228 3314 aliam
1276 3240 1768 3316 munitionem.
1813 3240 2103 3337 Ungari
2140 3248 2385 3315 tamen
2423 3265 2536 3316 re-

272 3370 659 3446 tinendum
715 3374 1162 3444 censuerunt
1217 3367 1288 3441 in
1347 3367 1526 3441 belli
1580 3369 1969 3459 fortunam,
2028 3373 2101 3440 et
2155 3367 2530 3466 praesidio

272 3496 749 3587 firmandum3
811 3518 978 3569 nam
1039 3517 1129 3568 ex
1182 3516 1267 3568 eo
1308 3518 1621 3590 magnae
1681 3493 1996 3568 ditiones
2055 3495 2528 3590 regebantur3

270 3647 464 3721 quae
524 3624 775 3698 statim
814 3622 973 3696 sine
1013 3619 1297 3721 praelio
1355 3621 1430 3694 in
1468 3621 1791 3695 hostium
1829 3628 2269 3719 potestatem
2312 3620 2527 3694 deve-

272 3750 433 3824 nire
474 3748 692 3822 nimis
729 3748 1074 3824 miserum
1117 3746 1529 3822 videbatur.
1568 3748 1749 3822 Ideo
1787 3748 2018 3822 missa
2057 3754 2224 3822 sunt
2262 3770 2349 3821 eo
2389 3748 2530 3822 duo

279 3877 563 3953 vexilla
586 3873 1148 3950 Germanorum.
1174 3874 1531 3971 Reliquus
1553 3876 1923 3951 exercitus
1964 3883 2039 3951 et
2058 3882 2529 3972 aegrotorum

270 4008 539 4101 ingens
579 4024 925 4079 numerus
1000 4003 1296 4097 trajecit
1352 4009 1573 4099 ponte
1613 4003 1686 4075 in
1726 4003 2063 4078 insulam.
2106 4001 2207 4076 At
2262 4024 2524 4077 caesar

272 4130 584 4228 alicujus
622 4131 867 4204 famae
907 4128 1323 4223 vulgandae
1365 4150 1609 4215 causa,
1675 4126 2087 4205 Sechenum
2143 4151 2386 4204 arcem
2441 4128 2516 4201 in

273 4259 631 4340 Ulteriori
674 4256 1044 4353 Ungaria‚
1102 4256 1227 4331 ubi
1264 4255 1652 4331 Johannes
1710 4257 2030 4331 Balassa
2084 4255 2527 4355 profligatus

274 4390 427 4481 fuit,
495 4386 591 4461 ad
633 4392 979 4459 montana
1019 4384 1462 4458 minerarum
1502 4384 1915 4481 expugnari
1953 4386 2336 4458 statuerat.
2380 4376 2541 4455 Sed

280 4513 682 4591 Germanis
706 4511 1077 4610 stipendia
1115 4509 1651 4608 flagitantibu8‚
1676 4511 1960 4585 interea
1982 4507 2315 4604 Ungaris
2335 4531 2383 4604 q
2412 4529 2544 4583 uo-

277 4668 411 4743 qne
451 4642 549 4717 ad
592 4662 729 4715 sua
784 4637 1132 4732 reversis,
1175 4637 1335 4712 sine
1376 4637 1641 4739 quibus
1698 4637 1878 4712 nihil
1936 4634 2363 4713 tentandum
2399 4655 2538 4731 pu·
2603 4706 2608 4713 .
