3293 5219
2438 309 2592 390 263

338 538 408 607 te
444 530 1136 631 praestantissimos
1159 532 1430 609 auxilio
1469 531 1615 606 sibi
1654 532 1884 623 daret,
1960 532 2142 623 fore,
2218 539 2297 607 ut
2372 539 2593 630 caput

339 657 682 732 Tomsae
764 658 834 732 ei
932 659 1407 734 adducerent.
1519 655 1949 732 Demetrius
2007 666 2081 732 et
2137 680 2272 756 spe
2312 681 2475 747 sua,
2518 665 2591 731 et

339 784 626 858 illorum
766 784 1080 883 polliciti
1182 807 1612 883 persvasus,
1707 806 1990 857 omnem
2104 785 2593 858 conditionem

337 909 684 1009 deinceps
735 912 1014 1005 renuit3
1074 912 1246 1009 quin
1311 912 1536 986 etiam
1594 933 1755 985 cum
1818 908 2048 1007 aliqui
2107 934 2198 984 ex
2240 934 2412 984 arce
2450 933 2585 1008 pro

336 1039 781 1114 necessariis
823 1040 896 1112 in
935 1039 1279 1137 oppidum
1322 1039 1699 1131 exiissent,
1737 1063 1955 1113 unum
1995 1061 2087 1112 ex
2126 1038 2237 1112 eis
2274 1037 2589 1113 trucida·

333 1175 514 1257 runt,
556 1172 631 1239 et
669 1163 859 1240 alios
899 1165 973 1239 in
1012 1166 1176 1239 unis
1235 1164 1546 1238 aedibus
1601 1164 2068 1257 obsidebant,
2110 1187 2293 1260 quos
2334 1188 2427 1238 ex
2467 1187 2583 1237 ar·

334 1314 411 1366 ce
483 1290 715 1364 misso
792 1290 1098 1382 auxilio,
1156 1297 1231 1364 et
1285 1289 1566 1387 fugatis
1643 1288 1954 1364 Polonis
2031 1298 2581 1364 conservarunt.

337 1417 798 1513 Quingentos
854 1440 1032 1492 vero
1128 1438 1314 1513 quos
1371 1417 1703 1492 habebat
1758 1417 2396 1513 prestantissimos
2452 1416 2581 1489 mi-

329 1545 519 1635 lites,
557 1542 921 1619 Valachis
961 1543 1236 1617 auxilio
1278 1542 1501 1616 dedit.
1581 1542 1724 1633 Qui
1766 1566 1927 1618 cum
1968 1552 2265 1641 pontem
2304 1544 2575 1617 transi-

328 1672 578 1763 issent,
638 1669 1113 1744 circumventi
1155 1695 1201 1742 a
1241 1669 1610 1744 Valachis
1652 1670 1744 1743 ad
1803 1694 2021 1744 unum
2062 1692 2314 1743 omnes
2353 1671 2573 1744 truci·

328 1797 606 1871 dantur.
645 1796 746 1869 Et
804 1794 1055 1869 statim
1113 1803 1371 1869 contra
1431 1795 1894 1870 Demetrium
1953 1795 2371 1881 adveniunt,
2449 1797 2573 1893 qui

325 1942 454 2019 pro
549 1919 822 1995 castris
917 1920 1459 2017 circumpositis
1500 1920 1759 2012 carris,
1872 1920 2346 1995 munitionum
2407 1918 2570 1995 loco

325 2045 865 2146 propugnabat.
925 2042 1076 2119 Sed
1135 2053 1483 2142 quantum
1555 2046 1791 2120 virtus
1906 2046 2072 2143 ipsa
2125 2046 2569 2122 multitudini

324 2181 670 2274 praestet,
709 2173 880 2246 hinc
919 2179 1034 2246 est
1091 2194 1570 2267 cognoscere,
1613 2174 1808 2269 quod
1856 2174 2191 2249 Jacobus
2230 2197 2390 2248 cum
2429 2183 2573 2248 ter-

323 2300 420 2373 tia
456 2307 696 2398 parte,
740 2322 956 2395 quam
996 2299 1423 2374 Demetrius
1461 2298 1812 2391 habebat,
1838 2300 2134 2373 eosdem
2170 2300 2452 2389 hostes,
2496 2308 2571 2374 et

322 2426 538 2501 multo
575 2425 830 2523 plures
885 2446 1029 2499 non
1069 2432 1349 2500 tantum
1407 2425 1812 2523 superavit,
1871 2424 2004 2499 sed
2061 2425 2280 2499 etiam
2321 2423 2568 2498 debel-

321 2550 496 2627 lavit
510 2546 603 2650 ²⁸¹).
628 2551 1056 2628 Demetrius
1080 2558 1344 2644 autem,
1369 2551 1489 2648 qui
1515 2552 1739 2648 longe
1759 2550 2338 2626 numerosiorem
2358 2574 2568 2626 exer·

318 2680 529 2755 citum
566 2679 928 2771 habebat,
969 2680 1063 2752 ab
1104 2677 1255 2752 illis
1295 2685 1411 2753 est
1478 2679 1756 2773 victus3
1799 2685 1874 2752 et
1929 2701 2089 2751 cum
2127 2676 2566 2776 profligatos

318 2830 485 2881 suos
525 2806 839 2898 videret,
863 2806 1237 2903 velletque
1277 2807 1351 2880 in
1392 2830 1635 2881 arcem
1679 2806 1774 2880 ad
1800 2829 1950 2896 eos,
1994 2828 2177 2902 quos
2217 2807 2378 2903 ipse
2420 2805 2564 2878 sibi

311 2933 559 3009 hostes
598 2934 794 3008 ultro
833 2941 1252 3031 paraverat,
1317 2934 1757 3031 profugere:
1800 2935 1895 3008 ab
1934 2933 2274 3009 hostibus
2316 2942 2560 3006 tamen

317 3059 783 3158 undiquaque
807 3058 1346 3133 circumventus
1368 3067 1441 3133 et
1459 3056 1899 3157 prohibitus,
1933 3059 2005 3133 in
2032 3059 2224 3133 silva
2246 3056 2559 3153 quadam

307 3187 662 3284 profugus
703 3193 776 3258 et
813 3184 1137 3278 latitans,
1178 3185 1273 3259 ab
1312 3184 1614 3258 rusticis
1654 3185 1752 3258 ad
1777 3186 2129 3260 Tomsam
2166 3191 2556 3271 retractus,

305 3312 545 3386 statim
603 3310 699 3385 ad
737 3309 1215 3410 Solymanum
1256 3311 1529 3386 missus
1570 3319 1707 3402 est,
1762 3333 1910 3385 una
1966 3334 2126 3384 cum
2186 3309 2549 3399 Piscoci0,

312 3459 490 3534 quos
532 3435 980 3535 Solymanus
1037 3437 1134 3512 ad
1170 3435 1580 3535 patibulum
1618 3459 1805 3512 unco
1860 3438 2106 3510 ferreo
2147 3457 2554 3534 suspensos

305 3564 567 3639 misere
605 3565 855 3639 necari
894 3563 1291 3638 mandavit.
1369 3561 1653 3654 Quodsi
1729 3562 2283 3639 immoderatam
2323 3585 2551 3660 spem,

305 3709 540 3762 rerum
602 3688 1111 3783 ambiguarum
1153 3696 1515 3777 eventum,
1572 3687 1976 3763 moderatis
2016 3688 2344 3763 consiliis
2403 3687 2552 3763 vel-

307 3812 406 3885 uti
478 3836 828 3889 mensura
882 3814 1302 3911 ponderare
1361 3814 1735 3902 voluisset,
1795 3836 1878 3888 se
1920 3821 2143 3911 atque
2181 3815 2550 3891 Jacobum

307 3958 605 4016 servare
648 3949 964 4039 poterat.
1003 3940 1136 4015 ·At
1171 3941 1351 4016 nihil
1394 3965 1713 4040 unquam
1753 3942 2236 4039 perniciosius
2294 3943 2431 4017 fuit
2473 3943 2548 4017 in

305 4061 650 4162 imperiis,
712 4090 928 4163 quam
983 4068 1184 4142 vasti
1238 4067 1461 4142 animi
1521 4067 1809 4142 infinita
1866 4069 2245 4166 cupiditas.
2308 4071 2424 4143 Ita
2464 4092 2547 4143 se

304 4191 522 4286 prius,
566 4214 785 4288 quam
824 4194 1113 4270 hostem
1152 4192 1451 4268 vincere
1491 4194 1722 4269 dccet.

470 4495 509 4529 ¹*
547 4494 788 4552 lstvdnfi
803 4499 1115 4570 jegyzete:
1161 4500 1286 4557 Hoc
1313 4518 1424 4555 non
1463 4501 1702 4566 Jacobo,
1739 4501 1841 4557 scd
1870 4501 2119 4558 Antonio
2150 4500 2345 4557 Siculo
2374 4519 2537 4558 acce·

298 4586 454 4650 ptum
491 4584 627 4642 ferri
657 4585 856 4643 debet.
