3293 5219
849 357 1000 433 144

839 571 1218 672 provincia
1255 568 1820 670 praegrediendi
1862 569 2036 642 data
2072 568 2229 660 fuit,
2268 569 2718 666 speculatum
2759 589 2917 643 cum
2954 587 3082 639 sex

840 700 1038 774 mille
1114 697 1481 794 equitibus
1556 695 1980 769 lectissimis
2033 696 2477 793 praemittit3
2535 696 2660 792 qui
2714 693 2812 766 ad
2851 693 3082 766 locum

844 837 1259 903 castrorum
1353 824 1707 921 principis
1814 822 2292 919 pervenienS‚
2389 823 2514 897 ubi
2606 844 2842 895 vacua
2919 840 3082 894 esse

839 953 1059 1044 videt,
1098 952 1481 1026 castellum
1541 946 1842 1038 Chorgo
1898 947 2367 1023 tumultuarie
2407 968 2842 1043 aggressus,
2884 954 3083 1042 post-

841 1103 1055 1179 quam
1097 1103 1232 1178 spe
1274 1081 1433 1175 ejus
1472 1075 2265 1175 potiundidestituitnr‚
2307 1075 2615 1172 direptis
2653 1073 2940 1170 aliquot
2976 1070 3081 1142 vi-

841 1208 1025 1282 cinis
1038 1207 1258 1305 pagis
1288 1206 1382 1279 ad
1408 1204 1940 1301 beglerbegum
1955 1204 2366 1278 revertitur.
2392 1201 2781 1276 Palatinus
2820 1199 3079 1273 itinere

838 1332 1159 1429 quotidie
1183 1331 1622 1421 continuato,
1680 1329 1806 1403 ubi
1843 1328 2096 1426 copias
2155 1327 2623 1423 germanicas
2685 1325 3076 1402 Jaurinum

845 1459 1337 1554 perduxisset,
1370 1457 1597 1531 milite
1638 1455 2096 1553 expeditiore
2136 1454 2418 1552 Papam
2475 1452 2833 1552 praesidii
2855 1475 3084 1526 causa

842 1587 1107 1660 misso:
1149 1586 1310 1682 ipse
1348 1584 1752 1682 principem
1794 1581 2232 1682 Sopronium
2277 1604 2536 1657 versus
2586 1579 3082 1676 subsequitur,

845 1711 967 1808 qui
998 1714 1152 1808 jam
1195 1718 1413 1784 antea
1469 1707 1987 1806 impedimenta
2045 1716 2118 1781 et
2191 1706 2734 1806 praetorianum
2775 1704 3080 1779 militem

846 1836 1198 1913 Gracium
1282 1833 1580 1934 Styriae
1672 1835 2178 1933 praemiserat.
2275 1833 2604 1925 Quocum
2676 1832 2750 1905 in
2807 1830 3084 1930 oppido

846 1962 1322 2055 Quismarton
1359 1963 1568 2038 brevi
1625 1959 2160 2038 consultatione
2197 1960 2471 2051 habita,
2525 1958 2869 2055 princeps
2930 1957 3085 2054 qni·

838 2089 1001 2165 dem
1078 2090 1462 2181 Viennam,
1523 2086 1897 2187 palatinus
1938 2085 2365 2162 Sarvarium
2405 2110 2648 2162 arcem
2686 2108 2921 2175 suam,
2962 2086 3086 2158 ba-

835 2238 973 2291 nus
1014 2238 1176 2289 cum
1217 2214 1673 2289 Leukovicio
1732 2215 1806 2287 in
1858 2236 2032 2287 suas
2074 2211 2384 2308 quisque
2423 2211 2785 2288 stationes
2825 2234 3083 2285 conce-

835 2345 1049 2422 dunt:
1092 2340 1434 2439 belloque
1512 2343 1671 2436 eJus
1693 2340 1865 2414 anni
1903 2341 2095 2415 hunc
2127 2340 2342 2413 finem
2382 2338 2781 2436 imponunt.
2825 2339 3083 2413 Turca

829 2469 1081 2546 audita
1117 2477 1534 2545 nostrarum
1573 2468 1834 2542 virium
1858 2468 2239 2556 solutione,
2262 2476 2336 2541 et
2371 2467 2533 2565 ipse
2555 2466 2765 2567 equis
2805 2465 3076 2540 milite-

828 2620 967 2694 que
1023 2595 1275 2694 pabuli
1333 2603 1406 2669 et
1464 2619 1798 2671 annonae
1860 2592 2114 2693 inopia
2172 2593 2545 2688 confectis,
2603 2592 2857 2692 copias
2901 2616 3082 2669 suas

821 2721 1283 2798 hibernatum
1324 2722 1710 2797 contrahit.

1030 2842 1126 2923 'In
1202 2848 1773 2922 Transsilvania
1791 2870 1991 2940 vero,
2035 2845 2520 2946 Inferiorique
2578 2852 2654 2921 et
2694 2841 3081 2941 Superiori

829 2973 1177 3081 Ungaria*
1244 2974 1351 3047 sic
1425 2998 1508 3050 se
1554 2998 1679 3050 res
1716 2974 2129 3049 habebant:
2186 2974 2403 3049 simul
2440 2973 2628 3048 enim
2666 2980 2891 3069 atque
2930 2996 3079 3048 mu-

824 3102 1007 3175 tatio
1048 3101 1309 3200 coepit,
1350 3101 1426 3175 in
1468 3100 1849 3199 Superiori
1905 3100 2247 3197 Ungaria
2307 3124 2400 3175 ex
2494 3099 2790 3175 arcibus
2829 3096 3074 3175 Geor-

826 3226 931 3322 gii
969 3228 1335 3326 Tarczay,
1395 3228 1779 3303 Francisci
1839 3228 2129 3324 Perenj‚
2188 3253 2277 3303 ac
2325 3229 2704 3303 amborum
2740 3225 3074 3302 Bebeco-

830 3354 1010 3447 rum,
1048 3354 1123 3427 in
1164 3355 1481 3452 quinque
1521 3355 1865 3430 civitates
1906 3378 2299 3452 earumque
2356 3353 2546 3430 fines
2588 3354 3076 3431 excursiones

820 3479 980 3555 fieri
1019 3490 1326 3580 coeptae
1386 3490 1575 3557 sunt.
1616 3482 1854 3579 Igitur
1929 3480 2300 3558 Cibinium
2372 3481 2650 3559 Simoni
2713 3480 3068 3577 Forgach

827 3607 1357 3683 demandatur:
1396 3606 1809 3684 Cassoviae
1865 3619 2106 3685 autem
2182 3610 2655 3709 praefectura
2712 3608 2942 3684 Petro
2984 3608 3073 3682 de

825 3733 1266 3808 Macedonia
1293 3733 1623 3829 Ungaro.
1645 3733 1889 3829 Hujus
1910 3728 1977 3830 ²¹⁸)
2002 3737 2318 3830 majores
2340 3736 2794 3811 Macedones
2834 3744 3071 3817 erant,

818 3954 1065 3964 w--rffl—-
1112 3955 1121 3959 ,

997 4005 1057 4072 ⁵)
1087 4003 1325 4061 Istvanfi
1346 4007 1619 4077 jegyzete
1642 4025 1656 4059 :
1683 4006 1739 4060 Is
1766 4021 1991 4078 quoque
2051 4011 2178 4062 erat
2203 4025 2272 4061 ex
2298 4022 2491 4064 sorore
2530 4006 2715 4078 patris
2743 4007 2855 4063 mei
2890 4007 3069 4063 Anna

818 4094 1057 4152 Istvanfi
1083 4096 1330 4166 conjuge
1357 4096 1575 4151 Nicolai
1598 4094 1987 4166 Macedoniay
2006 4101 2196 4166 natus,
2235 4098 2324 4152 vir
2367 4099 2552 4154 bonus
2597 4104 2655 4153 et
2697 4095 3072 4153 Fet-dinamio

820 4187 1151 4258 imperatori
1180 4185 1404 4249 charus,
1450 4187 1613 4258 eique
1659 4205 1695 4241 a
1740 4186 2023 4251 cubiculo,
2076 4190 2301 4244 demum
2345 4188 2401 4243 in
2447 4186 2813 4257 praefectura.
2857 4186 3070 4244 cas-o·

815 4277 1005 4334 vieusi
1033 4275 1343 4348 apoplexia
1372 4284 1674 4348 correptus
1703 4276 1858 4345 obiit,
1887 4278 2105 4333 revictis
2127 4296 2194 4333 ex
2225 4276 2530 4335 Felicitate
2567 4276 2750 4347 Velsy
2775 4278 3066 4332 Leonardi

812 4366 951 4437 filia,
978 4370 1141 4422 unico
1168 4363 1284 4421 filio
1310 4368 1566 4433 Nicolao,
1595 4374 1654 4421 et
1683 4366 1852 4423 Anna
1901 4367 2037 4433 filia,
2085 4386 2231 4439 quae
2260 4370 2314 4423 in
2343 4386 2637 4442 gynaeceo
2664 4367 2851 4423 Caroli
2880 4367 3064 4424 arohi-

813 4460 977 4515 ducis
1003 4459 1164 4531 virgo
1217 4460 1464 4513 nondum
1493 4464 1668 4531 nupta
1715 4477 1745 4513 e
1777 4458 1925 4515 vivis
1974 4458 2436 4530 excessit31ilius
2484 4477 2621 4517 vero
2673 4459 2902 4516 Patavii
2929 4476 3061 4513 cum

815 4551 1019 4606 litteris
1040 4567 1266 4621 operam
1313 4549 1514 4616 daret,
1556 4552 1858 4606 immatura
1902 4558 2082 4606 morte
2111 4559 2341 4622 ereptus
2389 4556 2492 4607 est.
2543 4561 2602 4606 et
2647 4568 2720 4607 ea
2748 4550 3059 4624 progenies

821 4638 1046 4696 defecit.
