3293 5219
2348 226 2450 307 23

258 446 382 518 cios
414 442 769 520 alimentis
808 442 980 520 illos
1019 443 1346 540 juvabat,
1395 452 1468 519 et
1507 445 1931 523 disserebat
1966 446 2161 546 apud
2202 444 2451 538 duces,

256 594 458 646 arcem
491 595 622 670 per
661 570 1109 646 deditionem
1143 571 1662 670 recipiendam,
1704 573 1899 671 quod
1937 570 2160 670 longe
2199 570 2451 650 utilius

252 698 442 790 foret3
495 721 661 772 nam
716 705 826 772 tot
883 696 1218 774 hostibus
1275 705 1401 773 aut
1438 696 1707 773 deditis
1774 704 1904 773 aut
1963 695 2197 789 victis,
2254 696 2452 797 quod

255 823 380 898 sine
412 824 795 900 multorum
835 823 1059 899 caede
1097 823 1259 898 fieri
1296 848 1442 900 non
1479 832 1775 923 posset,
1834 848 2144 923 parvum
2182 826 2450 902 emolu-

254 957 544 1035 mentum3
583 948 758 1046 quin
798 949 1104 1025 similem
1143 972 1393 1025 casum
1429 972 1656 1050 posse
1694 957 1769 1026 et
1805 951 2082 1028 nostris
2119 951 2449 1051 aliquan-

253 1076 322 1150 do
353 1076 768 1172 contingere
810 1076 1002 1150 inter
1040 1074 1382 1152 continua
1422 1076 1661 1169 bella,
1722 1085 1797 1153 et
1850 1099 1993 1154 non
2051 1076 2448 1155 absurdum

251 1202 634 1277 clementiae
688 1201 1100 1301 exemplum
1174 1224 1410 1299 neque
1466 1203 1912 1295 nociturum,
1991 1205 2186 1302 apud
2239 1205 2446 1304 ipsos

252 1327 432 1402 etiam
470 1326 729 1404 hostes
768 1327 1181 1403 valiturum.
1204 1329 1364 1404 Nec
1400 1352 1483 1405 se
1519 1353 1800 1429 negare
1823 1330 2142 1408 Uluman
2179 1331 2446 1429 begam

245 1454 542 1551 privatim
600 1480 646 1530 a
703 1477 786 1529 se
841 1455 1161 1551 gratiam
1219 1456 1572 1550 meritum,
1612 1455 1753 1531 nisi
1793 1457 2088 1555 publice
2125 1460 2285 1555 ejus
2320 1482 2448 1558 po·

249 1579 365 1655 tior
429 1581 619 1656 ratio
687 1580 1031 1655 habenda
1088 1576 1326 1657 hostis
1384 1588 1623 1677 esset;
1700 1606 1936 1680 neque
2010 1606 2094 1658 se
2150 1584 2449 1676 moveri,

247 1706 401 1803 quod
436 1706 644 1781 Buda
681 1705 1092 1803 egredienti
1132 1706 1275 1781 sibi
1336 1730 1495 1783 cum
1553 1707 1819 1805 regina
1877 1716 1953 1784 et
1986 1707 2139 1783 filio
2179 1709 2274 1785 ad
2314 1706 2445 1786 So·

244 1830 568 1929 lymanum
627 1831 954 1906 consiliis
1012 1839 1088 1906 et
1145 1855 1283 1931 ope
1322 1832 1544 1908 saluti
1581 1833 1824 1908 fuerit.
1883 1832 2238 1909 Persvasi
2277 1842 2447 1911 sunt

245 1958 466 2047 duces,
528 1982 842 2056 namque
882 1958 1193 2034 aderant
1231 1959 1389 2035 viro
1430 1967 1504 2034 et
1541 1960 1947 2036 auctoritas
1985 1969 2059 2036 et
2094 1962 2447 2060 potentia,

240 2084 466 2181 quibus
520 2107 667 2160 non
722 2091 1068 2184 poterant
1103 2085 1491 2181 refragari.
1548 2084 1698 2160 Per
1736 2085 2222 2162 conditionem
2263 2109 2443 2185 ergo

241 2222 504 2311 recepta
543 2235 742 2301 arce,
782 2210 932 2285 dati
974 2219 1142 2286 sunt
1179 2235 1225 2287 a
1264 2208 1597 2309 Georgio
1640 2235 1920 2303 currus,
1972 2213 2180 2310 queis
2220 2236 2444 2304 arma,

237 2338 568 2437 selopeta,
625 2336 866 2436 pilae,
923 2337 1230 2412 lanceae
1268 2337 1697 2436 impositae,
1754 2337 1922 2414 aliis
1979 2346 2445 2429 commeatus,

234 2463 430 2539 additi
465 2462 758 2542 ducenti
799 2461 1082 2561 equites
1121 2460 1457 2562 plerique
1496 2462 1850 2538 Rasciani
1888 2462 1964 2537 in
2002 2464 2440 2540 comitatum.

233 2590 478 2667 Eadem
515 2590 656 2682 die,
698 2614 842 2688 qua
882 2587 1203 2666 Uluman
1242 2590 1480 2687 begus
1522 2590 2099 2688 (Egrediebatur,
2140 2614 2442 2669 munera

232 2715 531 2816 Georgio
572 2704 887 2814 quatuor
946 2714 1444 2791 nobilissimos
1487 2738 1752 2814 equos,
1801 2715 2076 2815 pictam
2110 2715 2435 2812 rhedam,

229 2847 607 2943 pugionem,
645 2844 1041 2934 sudarium,
1080 2844 1463 2932 laternam,
1503 2850 1577 2918 et
1614 2842 1966 2919 candelas
2006 2841 2190 2920 duas
2231 2867 2441 2922 aura-

233 2981 329 3046 tas
365 2973 575 3047 misit.
636 2971 849 3046 Haec
888 2976 1093 3060 sunt,
1160 2992 1347 3066 quae
1381 2967 1712 3066 Georgio
1753 2970 2242 3069 suspicionem
2294 2995 2442 3048 mo-

231 3108 481 3190 verunt,
521 3122 714 3197 quae
752 3096 1092 3196 opinione
1131 3095 1494 3171 hominum
1533 3097 1818 3193 majora
1853 3098 2056 3172 facta
2090 3106 2442 3198 suntzper

235 3223 638 3302 Ulnmanum
678 3224 970 3299 litteras
1036 3221 1129 3298 ad
1188 3220 1661 3321 Solymanum
1719 3225 2240 3323 composuisse,
2298 3226 2449 3325 qui·

229 3352 343 3427 bus
377 3376 454 3428 se
518 3360 591 3428 et
634 3350 1046 3447 Ungariam
1086 3348 1193 3424 illi
1235 3350 1815 3440 commendaret,
1857 3359 1929 3425 et
1965 3350 2326 3427 Joannem
2365 3351 2439 3427 in

227 3480 579 3577 pristinum
639 3486 906 3554 statum
958 3476 1419 3552 reducturum
1459 3484 1948 3552 asseveraret.
2010 3476 2201 3552 Huic
2236 3500 2441 3553 acce-

229 3604 422 3681 debat
457 3607 826 3706 potentia,
869 3627 1084 3702 quam
1123 3605 1592 3679 vehementer
1631 3605 2091 3695 metuebant,
2131 3612 2204 3678 et
2243 3626 2435 3703 quae

224 3730 432 3808 invisa
483 3741 666 3825 erat,
725 3732 947 3806 etiam
1002 3730 1114 3822 iis,
1174 3730 1436 3828 quibus
1492 3731 1695 3807 utilis
1751 3731 2034 3806 fuisset.
2094 3730 2302 3807 Mille
2364 3737 2438 3805 et

228 3860 502 3934 trecenti
525 3857 825 3935 Turcae
847 3880 1005 3932 cum
1039 3855 1356 3932 Uluman
1397 3858 1588 3952 bego
1628 3856 1897 3948 exiere,
1938 3881 2027 3931 ac
2063 3857 2138 3932 in
2177 3854 2445 3932 millia-f

231 3984 318 4061 rio
374 3987 769 4062 consedere
826 3982 1244 4059 reficiendis
1303 3983 1771 4080 corporibus,
1813 3983 2181 4080 armisque
2220 4005 2437 4081 expe-

232 4109 521 4204 diendis,
579 4111 780 4188 anxii
817 4109 1308 4211 periculorum
1345 4109 1537 4185 inter
1576 4106 1894 4183 confinia
1935 4167 1949 4200 ,
2045 4132 2136 4183 ex
2175 4107 2437 4205 quibus

231 4247 460 4314 metum
515 4238 712 4315 cauti
766 4236 1067 4311 barbari
1127 4235 1696 4336 praevidebant,
1752 4242 2109 4333 nocteque
2145 4235 2441 4310 tandem

233 4382 541 4461 magnum
598 4365 740 4440 iter
798 4363 1110 4456 emensi,
1152 4364 1606 4439 Temesvaro
1681 4360 2001 4437 Michael
2053 4360 2436 4459 Dombay,

231 4484 640 4566 Benedictus
683 4491 965 4578 Kosar,
1022 4489 1340 4565 Fellako
1402 4487 1818 4587 Gregorius
1859 4489 2071 4563 Vitez
2131 4496 2204 4564 et
2262 4486 2429 4566 Am-
