3293 5219
696 344 854 426 196

690 566 785 639 ad
895 561 1487 663 perlustrandum
1600 558 1840 637 locum
1953 571 2371 639 castrorum
2493 553 2930 663 praemittit,

688 692 804 767 cui
844 691 1137 767 obviam
1213 697 1527 787 quatuor
1603 688 1849 765 Mauri
1906 690 2109 782 facti,
2186 689 2430 766 nuncii
2500 690 2595 764 ad
2630 713 2931 786 genera-

688 819 829 891 lem
905 817 1317 911 venientes3
1410 816 1746 891 comitari
1822 816 1915 889 ad
1973 839 2133 890 cum
2213 815 2518 909 curavit,
2592 814 2935 890 nuncian-

689 943 802 1036 do,
864 944 1101 1019 videri
1157 943 1302 1019 sibi
1361 944 1456 1017 ad
1496 942 2030 1042 explorandum
2089 942 2363 1031 venire,
2403 949 2475 1017 et
2531 941 2805 1016 idcirco
2846 964 2933 1014 ne

687 1077 1083 1169 antequam
1119 1070 1195 1143 in
1236 1076 1488 1145 castra
1525 1070 2039 1167 perveniretur
2128 1092 2256 1144 eos
2300 1069 2717 1144 dimitteret.
2759 1067 2934 1143 Per·

687 1198 1026 1274 lustratis
1049 1197 1316 1272 castris
1338 1221 1428 1271 ac
1466 1198 1708 1295 puteis
1750 1197 2156 1289 renunciat,
2200 1196 2417 1272 situm
2440 1219 2608 1272 esse
2649 1218 2795 1269 non
2834 1195 2935 1268 in-

690 1323 1165 1415 commodum,
1190 1330 1454 1421 puteos
1477 1329 1721 1398 autem
1749 1321 2121 1421 lapidibus
2145 1330 2218 1398 et
2239 1346 2486 1415 arena,
2511 1344 2653 1396 uno
2692 1327 2938 1395 tamen

686 1457 1019 1546 excepte,
1078 1449 1409 1547 repletos
1451 1470 1641 1540 esse,
1703 1470 1956 1521 verum
1998 1437 2259 1523 missis
2316 1447 2826 1523 instrumentis
2867 1452 2939 1520 et

686 1574 1103 1651 hominibus
1163 1598 1388 1674 posse
1446 1583 1616 1650 ante
1649 1574 2041 1651 adventum
2082 1575 2451 1651 exercitus
2525 1571 2938 1672 repurgari.

706 1701 1089 1778 Dictorum
1111 1702 1534 1777 Maurorum
1576 1702 1768 1776 alter
1789 1708 1952 1776 erat
1988 1702 2317 1777 Mezwar
2358 1702 2503 1776 dux
2560 1700 2939 1798 copiarum

694 1827 977 1917 Xeche,
1017 1826 1287 1902 missus
1330 1834 1407 1902 ut
1445 1824 1778 1902 Xechem
1820 1835 2237 1922 excusaret;
2262 1827 2591 1902 voluisse
2613 1847 2793 1923 ergo
2832 1823 2939 1896 in-

690 1949 845 2046 quit
902 1950 996 2024 ad
1072 1952 1498 2047 generalem
1557 1952 1833 2042 venire,
1917 1959 1989 2025 et
2043 1950 2265 2027 officii
2323 1975 2552 2027 causa
2625 1950 2939 2025 visitare

688 2098 872 2169 eum,
913 2078 977 2151 si
1017 2084 1249 2154 tutum
1288 2078 1553 2154 fuisset
1606 2078 1702 2154 ab
1745 2079 1918 2157 suis,
1986 2101 2145 2153 cum
2189 2079 2455 2176 quibus
2495 2078 2658 2177 ipse
2699 2076 2935 2149 diver-

683 2204 789 2278 sis
830 2204 1158 2280 consiliis
1218 2230 1307 2279 ac
1367 2203 1865 2281 voluntatibus
1925 2204 2427 2304 discreparet;
2487 2203 2619 2279 sed
2661 2224 2820 2276 cum
2859 2202 2935 2275 in

688 2330 957 2406 castris
1018 2333 1504 2420 consedisset,
1563 2340 1715 2407 tum
1755 2354 1838 2405 se
1889 2338 2274 2406 venturum
2335 2331 2431 2404 ad
2468 2328 2935 2427 colloquium.

684 2456 830 2531 Hic
888 2457 1308 2533 missionem
1384 2457 1856 2532 vehementer
1931 2455 2321 2555 postulans
2390 2463 2721 2531 retentus
2779 2460 2935 2548 est3

683 2604 906 2658 unum
945 2589 1190 2658 tamen
1242 2606 1332 2658 ex
1377 2582 1531 2658 suis
1590 2580 1864 2657 remitti
1903 2580 2278 2679 permisit3
2321 2603 2458 2656 nec
2494 2579 2723 2657 multo
2762 2585 2938 2678 post

685 2709 956 2783 castris
997 2708 1663 2807 appropinquatum
1717 2715 1851 2801 est,
1913 2716 1987 2783 et
2026 2731 2249 2784 sonus
2291 2708 2510 2784 etiam
2549 2716 2933 2806 tympano·

677 2817 837 2910 rum
893 2834 1448 2920 barbaricorum
1488 2832 1771 2909 duobus
1811 2834 2136 2909 millibus
2188 2829 2598 2932 (passuum)
2657 2833 2933 2909 distan-

682 2958 861 3033 tium
901 2957 1474 3034 exaudiebatur:
1535 2982 1695 3035 cum
1737 2959 1877 3035 duo
1919 2959 2163 3035 nuncii
2199 2959 2462 3035 iterum
2501 2958 2823 3051 veniunt,
2863 2966 2936 3034 et

683 3082 1012 3160 referunt
1104 3084 1393 3161 nomine
1480 3083 1779 3177 Xeche,
1860 3092 2092 3163 totam
2168 3086 2485 3162 insulam
2575 3085 2937 3182 gratulari

683 3209 1000 3286 adventu
1059 3211 1457 3308 generalis,
1497 3220 1571 3287 et
1609 3234 1693 3287 se
1721 3212 1917 3287 velle
1956 3212 2026 3286 in
2053 3211 2501 3309 colloquium
2541 3233 2705 3287 cum
2745 3209 2930 3287 solis

682 3342 997 3433 quatuor
1055 3336 1422 3433 equitibus
1535 3337 1630 3412 ad
1688 3334 2000 3412 medium
2060 3338 2250 3412 inter
2312 3336 2496 3410 duos
2559 3337 2928 3412 exercitus

680 3462 998 3561 spatium
1037 3463 1310 3555 venire,
1350 3469 1430 3537 ut
1467 3463 1660 3538 idem
1701 3470 1777 3537 et
1814 3461 2193 3560 generalis
2227 3462 2512 3538 faceret
2553 3484 2791 3556 orare,
2833 3485 2918 3537 se

683 3587 974 3687 quidem
1039 3588 1343 3687 propius
1405 3588 1566 3664 fore
1623 3595 2046 3682 venturum,
2091 3589 2225 3665 sed
2283 3610 2458 3665 suos
2517 3585 2925 3664 voluntatis

680 3735 861 3789 suae
901 3716 1328 3790 facultatem
1366 3714 1510 3790 sibi
1548 3739 1693 3791 nou
1750 3716 2064 3814 amplius
2122 3714 2568 3814 permittere.
2609 3714 2728 3789 Ex
2769 3715 2927 3812 qui·

677 3842 816 3915 bus
876 3865 1033 3917 cum
1095 3842 1470 3937 generalis
1543 3842 1765 3918 facile
1844 3844 2243 3942 conjiceret
2338 3843 2672 3918 Xechem
2731 3840 2925 3917 male

679 3966 1096 4060 animatum,
1138 3974 1211 4043 et
1249 3969 1430 4044 nihil
1469 3970 1563 4045 ab
1604 3992 1691 4045 eo
1750 3971 2060 4046 amicum
2104 3968 2684 4068 exspectandum
2711 3990 2924 4043 esse:

676 4096 1011 4170 remissis
1065 4096 1350 4171 nunciis
1389 4098 1808 4195 respondit:
1850 4096 2460 4195 Quandoquidem
2501 4095 2746 4172 Mauri
2798 4117 2923 4170 ne·

680 4243 1046 4318 quaquam
1082 4223 1616 4321 permitterent,
1656 4233 1734 4300 ut
1771 4225 1935 4323 ipse
1957 4224 2053 4299 ad
2095 4248 2176 4300 se
2216 4223 2526 4316 veniret,
2567 4246 2711 4297 non
2750 4244 2923 4297 esse

678 4368 861 4444 opus
923 4356 1001 4422 ut
1057 4355 1270 4423 extra
1327 4372 1464 4424 sua
1504 4358 1753 4426 castra
1808 4351 2349 4450 progrediendi
2411 4373 2658 4426 curam
2699 4357 2927 4446 atque

672 4469 1004 4548 laborem
1052 4475 1502 4572 susciperet3
1542 4499 1625 4551 se
1682 4477 1871 4552 enim
1918 4500 2053 4575 pro
2092 4476 2472 4575 praesenti
2507 4482 2921 4554 castrorum

687 4597 977 4697 quidem
1016 4599 1184 4676 loca
1245 4623 1403 4675 cum
1459 4601 1814 4678 militibus
1854 4603 2354 4702 occupavisse,
2377 4603 2702 4680 crastina
2740 4624 2923 4677 vero
