3293 5219
2308 311 2461 390 211

212 529 571 623 ficiemus,
630 537 706 605 et
758 530 1195 606 alterutrum
1248 530 1444 605 forte
1502 527 1782 622 ducum,
1842 536 2122 605 certum
2159 537 2296 623 est,
2337 518 2461 604 ne-

212 678 431 731 cesse
485 653 675 754 ipsis
728 636 1049 731 futurum
1124 666 1249 732 aut
1303 654 1572 730 milites
1646 678 2005 731 revocare
2064 656 2137 731 in
2201 678 2464 747 naves,

210 792 340 860 aut
379 783 664 858 relictis
703 783 1079 879 plerisque
1136 782 1658 858 munitionibus
1709 782 1784 856 in
1822 803 2042 858 unum
2080 783 2321 857 locum
2360 782 2464 855 in-

211 933 357 1006 que
431 932 582 984 una
666 917 921 983 castra
986 908 1445 1002 contrahere,
1517 916 1919 1006 propterea
1992 907 2190 1006 quod
2264 907 2464 983 acies

208 1044 521 1135 propter
538 1034 920 1111 raritatem
959 1033 1291 1112 ordinum
1347 1035 1771 1110 imminutae
1827 1034 2262 1131 singillatim
2301 1057 2468 1108 con-

210 1162 486 1236 sistere
519 1170 909 1259 nequeant.
968 1162 1231 1260 Itaque
1288 1170 1363 1237 et
1421 1162 1893 1260 aquationem
1967 1164 2183 1238 nobis
2241 1163 2462 1239 relin-

212 1295 463 1384 quent,
492 1294 569 1362 et
604 1287 832 1383 lignis
904 1296 1208 1379 utemur,
1288 1312 1477 1386 quae
1514 1288 1855 1363 triremes
1899 1288 2310 1363 dissolutae
2348 1312 2472 1363 no·

212 1414 332 1488 bis
373 1414 668 1489 abunde
706 1415 1305 1514 suppeditabunt.
1364 1412 1641 1490 Curate
1681 1437 1866 1510 ergo
1906 1436 2240 1513 corpora,
2279 1422 2354 1489 et
2391 1413 2468 1485 iu

213 1546 555 1637 tempore
590 1540 837 1637 parati
873 1540 1152 1617 adeste.

438 1664 768 1741 Alvarus
804 1689 939 1763 per
977 1674 1267 1765 portam
1306 1666 1749 1741 maritimam
1786 1666 2058 1742 milites
2093 1664 2356 1756 educit,
2395 1671 2471 1738 et

212 1789 345 1864 vix
418 1790 625 1866 acies
718 1799 1273 1889 composuerat,
1333 1815 1496 1868 cum
1587 1794 1845 1868 hostes
1919 1790 2469 1893 persentiscere

222 1925 669 2014 coeperunt3
726 1919 1201 1998 nihilominus
1221 1922 1461 2016 prima
1500 1921 1703 1995 acies
1741 1921 2148 1995 fortissime
2178 1918 2474 1991 invecta

214 2050 362 2135 est,
404 2050 481 2117 et
518 2046 784 2120 omnes
814 2047 1251 2122 munitiones
1309 2046 1580 2121 Turcis
1638 2043 2057 2144 profligatis
2096 2064 2328 2139 usque
2376 2041 2473 2118 ad

214 2168 707 2244 tabernacula
816 2173 1075 2247 ducum
1171 2180 1560 2270 ceperunt;
1662 2172 1827 2270 ipse
1939 2192 2116 2245 vcro
2228 2175 2473 2243 custo-

220 2293 411 2386 dias,
455 2318 644 2392 quae
701 2321 834 2394 pro
905 2300 1224 2374 statione
1282 2297 1720 2395 vigilabant,
1779 2296 1987 2387 fudit,
2044 2292 2480 2370 festinabat-

222 2442 366 2516 que
426 2444 589 2496 cum
645 2424 886 2521 prima
943 2426 1104 2500 acic
1160 2426 1338 2500 totis
1379 2424 1664 2500 viribus
1725 2422 2092 2519 conjungi,
2151 2427 2227 2494 et
2281 2419 2479 2517 apud

221 2546 491 2638 duces,
566 2548 690 2623 ubi
785 2549 1304 2626 confertissimi
1362 2557 1575 2626 erant
1648 2549 1927 2638 hostes,
1989 2542 2478 2624 continuando

219 2672 635 2766 victoriam,
675 2684 749 2750 et
841 2685 1174 2775 stragem
1250 2677 1572 2752 hostium
1646 2674 1951 2768 edendO,
2028 2673 2475 2771 depugnare.

221 2797 514 2890 Quodsi
550 2809 930 2898 postrema
968 2804 1168 2880 acies
1219 2826 1509 2901 quoque
1549 2801 1860 2877 eundem
1897 2805 2215 2897 sequuta
2251 2798 2478 2893 impe-

219 2932 373 2998 tum
429 2923 719 3016 fuisset,
775 2929 1143 3027 pot-uisset
1213 2925 1344 3002 illo
1390 2935 1754 3002 momento
1814 2926 1909 3001 de
2003 2923 2321 3000 victoria
2358 2920 2479 2994 de-

227 3049 454 3124 cerni.
495 3050 807 3127 Interim
864 3056 1132 3150 globus
1192 3054 1509 3129 hostium
1569 3051 1910 3143 occurrit,
1952 3072 2258 3147 quorum
2295 3066 2484 3121 unus

223 3173 611 3269 Alvarum,
650 3202 865 3275 quem
902 3181 1065 3277 ipse
1084 3179 1505 3270 transfodit,
1550 3177 1857 3276 cuspide
1895 3175 2117 3267 feriit,
2157 3172 2293 3247 sed
2327 3170 2483 3246 nul-

225 3302 378 3376 lum
422 3304 713 3398 vulnus,
754 3304 1193 3381 defendente
1267 3304 1595 3395 thorace,
1638 3302 1947 3400 accepit.
1987 3301 2037 3375 J
2045 3323 2164 3374 am
2200 3303 2489 3394 postre-

224 3427 324 3502 mi
361 3428 439 3502 in
480 3429 738 3526 fugam
783 3434 1121 3507 conversi
1140 3439 1372 3523 erant,
1396 3430 1594 3527 quod
1634 3454 1726 3505 ex
1755 3427 2073 3524 strepitu
2111 3432 2186 3499 et
2203 3422 2475 3496 clamo·

221 3578 305 3630 re
380 3556 659 3633 milites
716 3561 1417 3651 animadvertentes,
1530 3558 1677 3655 ipsi
1735 3576 2024 3651 quoque
2099 3551 2324 3645 fugae
2398 3570 2480 3622 se

224 3681 698 3777 mandarunt,
739 3710 976 3784 neque
1032 3688 1285 3786 plures
1344 3709 1435 3760 ex
1476 3681 1840 3766 omnibus,
1882 3701 2101 3775 quam
2141 3675 2282 3750 duo
2322 3694 2484 3747 cum

223 3829 313 3881 eo
348 3823 936 3906 permanserunt,
996 3838 1156 3890 cum
1204 3811 1533 3887 Alvarus
1590 3807 1977 3883 victoriam
2015 3824 2185 3878 esse
2223 3823 2356 3899 pro
2399 3819 2481 3872 se

223 3933 603 4028 clamaret,
644 3946 718 4012 et
734 3939 1015 4015 frustra
1035 3937 1369 4035 siugulos
1381 3942 1804 4010 retentaret.
1845 3933 2109 4026 Itaque
2148 3924 2480 4000 Alvarus

221 4057 495 4134 videns
535 4061 756 4139 etiam
775 4064 1088 4141 reditum
1129 4062 1603 4139 interclusum
1642 4053 2158 4134 obsidentibus
2215 4047 2489 4123 Turcis

224 4185 482 4260 omnia
500 4187 666 4263 loca
702 4213 790 4265 ac
828 4192 1014 4282 vias,
1040 4189 1573 4284 dubitaretque,
1612 4181 1956 4258 Pervicio
1998 4175 2352 4254 Niciardo
2392 4174 2491 4249 ad

216 4309 569 4387 triremes
592 4336 674 4389 se
694 4337 855 4392 eum
875 4316 1392 4415 perducturum
1405 4311 1842 4398 affirmante,
1883 4328 2017 4404 per
2079 4299 2498 4377 obscuritae

214 4454 366 4521 tem
444 4445 679 4520 noctis
720 4442 980 4540 adjuti,
1057 4440 1284 4531 salvi,
1383 4435 1822 4535 quibusdam
1882 4429 2155 4507 Turcis
2229 4437 2501 4508 tamen

218 4572 827 4668 insequentibus,
849 4569 1064 4643 ambo
1093 4571 1607 4665 pervenerunt.
1651 4563 2050 4638 Marottum
2091 4563 2244 4630 tum
2282 4554 2490 4652 prius

874 4715 881 4724 ·
2033 4681 2170 4756 14*
