3293 5219
794 327 951 405 348

791 547 867 619 in
905 550 1479 644 supplementum
1546 552 2087 644 Janiciarornm,
2129 552 2351 648 quiin
2392 553 2585 625 bello
2645 551 2999 626 occubuis-

791 684 975 764 sent,
1016 686 1226 750 extra
1262 679 1514 751 urbem
1572 679 2119 764 amandaverat.
2186 679 2245 751 li
2286 680 2474 752 enim
2512 680 2581 753 in
2628 688 2854 752 morte
2888 680 3001 752 im·

793 810 1212 899 peratorum
1257 804 1572 898 judaeos
1631 829 1717 878 ac
1775 803 2239 892 christianos,
2298 829 2689 903 eorumque
2750 806 3003 892 domoS,

794 927 1106 1024 quadam
1145 930 1418 1038 usitata
1455 929 1752 1006 licentia
1808 932 1880 1006 in
1916 931 2265 1027 praedam
2304 940 2731 1006 convertere
2771 933 3007 1004 solent.

793 1055 1029 1148 Igitur
1067 1058 1546 1150 pronunciata
1603 1067 1832 1132 morte
1874 1060 2270 1158 Solymani,
2328 1061 2577 1134 statim
2635 1061 3008 1157 imperator

799 1182 1184 1274 salutatus,
1207 1190 1279 1256 et
1300 1187 1798 1260 conclamatus
1820 1193 1953 1278 est,
1992 1187 2149 1260 sine
2186 1183 2335 1260 ullo
2374 1186 2673 1260 militari
2710 1186 3013 1268 tumultu,

798 1306 900 1381 At
938 1307 1614 1386 Mehemetintentis
1636 1313 1988 1388 custodiis
2005 1320 2356 1398 vetuerat.
2394 1312 2671 1408 nequis
2711 1313 3014 1387 occultus

795 1436 1100 1511 nuncius
1122 1437 1482 1534 Byzantio
1503 1440 1578 1512 in
1594 1448 1847 1515 castra
1862 1449 2030 1514 ante
2046 1440 2437 1524 adventum
2460 1438 2715 1515 Selimi
2736 1440 3016 1513 veniret:

798 1563 1067 1661 quippe
1081 1564 1424 1640 simulata
1442 1575 1693 1658 morte,
1718 1566 1992 1641 Pertan
2011 1571 2261 1658 bassa,
2286 1591 2551 1666 corpus
2571 1566 3011 1665 imperatoris

797 1689 1092 1784 navigio
1112 1713 1246 1787 per
1265 1689 1687 1766 Danubium
1702 1689 2409 1794 Constantinopolim
2434 1694 2842 1782 demiserat,
2878 1693 3012 1766 the·

720 1915 726 1922 .
803 1848 1098 1900 saurum
1120 1827 1381 1901 inbelli
1399 1837 1728 1926 sumptus
1751 1830 2057 1903 allatum
2100 1798 2311 1919 (siff
2371 1827 2734 1904 milliones
2757 1828 3012 1906 dicunt]

797 1952 1025 2027 variis
1119 1955 1350 2028 modis
1442 1956 1888 2052 Belgradum
1985 1956 2201 2029 misit.
2278 1957 2571 2030 Interea
2648 1954 3014 2030 exercitum

799 2079 1170 2153 detinebat
1261 2081 1640 2156 laboribus
1733 2084 1807 2155 in
1900 2082 2421 2179 repurgatione
2510 2084 2874 2156 fossarum
2956 2087 3016 2154 et

796 2207 1334 2284 restauratione
1392 2209 1868 2285 munitionum
1946 2207 2205 2306 Sigeti,
2280 2209 3013 2309 populationibusque,

798 2335 1273 2416 tabernaculo
1386 2337 1460 2409 in
1539 2337 1732 2412 edito
1828 2339 2211 2427 collocato,
2322 2345 2670 2434 tanquam
2741 2337 3018 2433 impera-

798 2466 914 2534 tor
953 2462 1350 2554 mandaret,
1392 2465 2005 2561 inspectaretque3
2047 2488 2139 2538 ne
2178 2465 2323 2538 otio
2364 2464 2745 2538 materiam
2784 2482 3017 2536 sermo-

802 2587 1018 2662 nibus
1063 2612 1152 2663 ac
1188 2593 1401 2666 novis
1441 2593 1665 2666 rebus
1724 2593 2130 2691 praebente
2164 2591 2437 2666 curiosi
2477 2598 2804 2687 agerent.
2860 2587 3021 2662 Dein

804 2711 1120 2791 Selimus
1157 2736 1327 2816 post
1367 2727 1705 2816 quartam
1746 2728 1819 2793 et
1876 2720 2521 2817 quadragesimam
2563 2719 2750 2793 diem
2789 2742 2833 2790 a
2865 2736 3019 2788 mor-

800 2847 876 2913 te
913 2838 1763 2941 SolymaniBelgradum
1785 2847 2140 2944 pervenit,
2180 2847 2428 2943 ibique
2470 2845 2883 2919 donativum
2916 2840 3016 2914 mi-

800 2967 1050 3044 litibus
1071 2971 1342 3045 viritim
1383 2973 1773 3063 distribuit,
1835 2982 1906 3047 et
1979 2996 2137 3047 cum
2178 2973 2504 3047 exercitu
2548 2973 2825 3046 victore
2866 2966 3022 3043 Con·

812 3097 1362 3192 stantinopolim
1401 3108 1516 3174 est
1551 3122 1925 3175 reversus.

1019 3221 1458 3321 Congruens
1517 3226 1950 3300 crediderim
2007 3248 2380 3300 numerum
2439 3248 2729 3322 quoque
2769 3218 3012 3299 exerci-

804 3357 1003 3445 tuum
1060 3352 1398 3449 prodere,
1441 3376 1532 3427 ne
1588 3351 1869 3451 posteri
1928 3352 2330 3447 ambigant,
2390 3376 2548 3426 cum
2591 3354 2804 3428 etiam
2860 3345 3021 3446 apud

803 3477 1190 3553 modernos
1247 3478 1578 3585 homines
1619 3478 1828 3551 vario
1869 3500 2158 3552 rumore
2189 3480 2584 3573 jactentur.
2624 3475 3021 3553 Germania·

802 3630 960 3681 rum
984 3603 1264 3680 auxilia
1281 3605 1486 3679 fuere
1523 3611 1679 3678 tres
1701 3604 2060 3701 legioneS‚
2087 3605 2428 3678 cohortes
2471 3612 2655 3699 octo;
2699 3611 3019 3702 quaterna

802 3731 1034 3806 millia
1125 3731 1200 3803 in
1256 3731 1571 3827 legione,
1614 3732 2101 3828 quadringeni
2156 3752 2291 3830 pro
2333 3729 2650 3805 cohorte.
2700 3726 3023 3805 Florenti·

805 3880 892 3933 ae
915 3860 1119 3935 ducis
1139 3858 1649 3965 peditum'tria
1687 3858 1935 3949 millia,
1979 3879 2281 3955 quorum
2321 3858 2468 3932 dux
2491 3857 2833 3932 Aurelius
2874 3855 3023 3929 Fre·

808 4008 1058 4082 gosus.
1100 3987 1152 4061 J
1158 3987 1272 4060 oh.
1333 3985 1761 4084 Alphonsus
1803 3982 2224 4075 Castaldus‚
2268 3994 2340 4059 et
2380 4009 2627 4060 comes
2669 3979 3024 4060 Camerani

800 4114 1141 4188 italorum
1181 4114 1508 4211 peditum
1549 4113 1689 4187 dno
1730 4112 1961 4186 millia
1998 4120 2071 4187 et
2129 4112 2485 4187 ducentos
2524 4112 2883 4210 pontificis
2922 4106 3027 4180 sti·

806 4239 1098 4343 pendiis
1138 4222 1534 4315 adduxere.
1598 4238 1900 4313 Pedites
1940 4246 2066 4312 tot.
2107 4240 2453 4336 Equitum
2511 4238 3027 4314 auxiliariorum

811 4367 1395 4468 germanicorum
1437 4358 1568 4440 sex
1609 4366 1863 4454 millia,
1905 4364 2211 4440 ducibus
2253 4362 2638 4441 Gunthero
2681 4364 2923 4439 comite
2958 4359 3029 4431 de

812 4494 1352 4590 Svarcenburg,
1468 4491 1887 4567 marchione
1997 4492 2344 4566 badense.
2441 4492 2701 4568 comite
2808 4486 3026 4599 Barbia

813 4618 1336 4715 Sullenburgo,
1421 4619 1793 4693 Ludovico
1861 4616 2224 4714 Ungnodo
2283 4628 2356 4693 et
2433 4620 2733 4694 Andrea
2770 4611 3022 4693 Taiffel.
