3293 5219
773 287 928 366 356

774 504 1109 599 omnibus
1203 503 1425 575 rebus
1519 504 1674 572 tuto
1787 502 2109 570 tractare
2167 501 2241 568 et
2326 492 2791 587 concludere3
2894 491 2993 568 vel

774 632 839 704 si
880 627 1254 705 commodo
1316 648 1447 699 suo
1509 632 1731 714 esset,
1770 632 1850 696 ut
1907 631 2209 717 uterque
2250 619 2609 715 'PocaJum
2648 621 2897 712 veniat3
2933 629 2993 693 et

773 780 855 828 se
956 754 1212 828 eodem
1320 760 1672 846 tempore,
1770 742 1911 844 quo
2027 747 2122 820 ad
2229 769 2389 818 eum
2505 746 2991 843 expedivisset,

774 880 1058 953 Budam
1099 877 1194 951 ad
1233 876 1534 949 bassam
1596 873 1938 947 celeriter
1997 872 2349 964 abivisse,
2400 899 2444 947 a
2486 873 2991 948 Transsilvano

775 1006 1105 1097 invitum,
1143 1002 1264 1076 vel
1305 999 1630 1074 adversa
1670 997 2097 1073 valetudine
2154 1021 2236 1072 se
2295 1007 2768 1073 excusantem
2805 999 2872 1070 in
2908 995 2989 1069 le·

776 1130 1146 1227 gationem
1184 1128 1509 1201 missum.
1550 1122 1919 1199 Svendius
1960 1124 2362 1221 respondit,
2412 1125 2806 1199 absurdum
2844 1144 2989 1196 esse

774 1258 844 1330 ei
881 1255 1167 1330 salvum
1206 1251 1636 1327 conductum
1697 1250 1875 1342 dari,
1945 1250 2066 1346 qui
2108 1252 2203 1323 ab
2247 1251 2394 1326 alia
2448 1260 2664 1348 parte
2704 1251 2792 1325 ad
2830 1249 2991 1322 Tur-

779 1405 908 1456 cas
947 1380 1459 1479 proficiscatur
1498 1384 1759 1453 contra
1798 1400 1879 1449 se
1925 1376 2598 1474 adducendos;sed
2638 1379 2703 1452 si
2739 1376 2810 1450 id
2846 1401 2992 1452 con-

775 1508 988 1604 sequi
1027 1508 1228 1596 velit,
1308 1507 1403 1580 ad
1443 1506 1684 1580 Baion
1761 1513 2198 1580 revertatur.
2257 1505 2423 1580 Hoc
2480 1529 2834 1604 responso
2873 1505 2993 1578 Lo·

770 1633 1109 1708 rantffius
1187 1633 1604 1708 Zadvarum
1720 1632 1814 1705 ad
1887 1655 2190 1706 uxorem
2268 1633 2544 1707 Bebeci
2622 1635 2993 1738 profectnS‚

771 1785 1209 1858 responsum
1285 1757 1586 1834 Svendii
1657 1759 1938 1832 Budam
2016 1759 2309 1833 Bebeco
2387 1759 2609 1834 misit.
2726 1763 2990 1835 Interea

776 1884 1141 1961 Sveudius
1201 1908 1280 1958 re
1338 1908 1498 1958 cum
1560 1880 1858 1957 Simone
1898 1883 2246 1979 Forgach
2304 1884 2737 1982 disceptata,
2795 1894 2988 1978 atque

773 2011 1208 2104 deliberata,
1265 2105 1280 2120 κ
1326 2010 1742 2104 Forgacius
1821 2033 1902 2098 se
2014 2010 2250 2107 ipsum
2344 2011 2441 2085 ad
2544 2009 2991 2085 obsidendum

774 2136 1192 2214 Zadvarum
1266 2137 1762 2233 profecturum
1860 2136 2240 2231 promittit,
2346 2125 2638 2211 etiamsi
2745 2144 2990 2231 tempo·

771 2266 875 2338 ris
933 2262 1524 2338 incommoditate
1585 2262 1805 2336 valde
1867 2263 2405 2360 prohiberetur.
2469 2260 2621 2338 Sed
2658 2264 2833 2337 nihil
2868 2283 2992 2334 non

771 2391 1194 2466 tentandum
1233 2397 1439 2464 ratus
1483 2388 1651 2463 dum
1712 2388 1989 2462 auxilia
2027 2388 2519 2486 praeveniret,
2598 2388 2787 2484 quod
2826 2388 2893 2459 in
2928 2408 2991 2456 u-

770 2541 867 2589 na
962 2515 1343 2590 celeritate
1459 2513 1932 2587 constitutum
2008 2536 2176 2587 esse
2260 2513 2565 2588 sciebat.
2643 2515 2757 2587 Ita
2830 2511 2990 2584 For·

770 2643 1030 2737 gacius
1072 2639 1231 2715 cum
1306 2639 1782 2713 vexillatione
1841 2662 2136 2714 suorum
2176 2639 2500 2735 equitum
2539 2639 2634 2713 ad
2673 2658 2989 2712 occasum

769 2766 953 2841 solis
994 2763 1362 2841 Cassovia
1384 2787 1758 2863 egressuS,
1799 2774 2012 2839 nocte
2070 2765 2213 2839 iter
2249 2765 2534 2840 faciens
2574 2767 2670 2839 ad
2709 2762 2989 2859 Gergen

769 2892 1113 2990 oppidum
1188 2889 1529 2965 Zadvaro
1590 2890 2020 2987 proximum,
2072 2891 2147 2964 in
2208 2912 2349 2988 quo
2391 2891 2775 2967 Johannes
2831 2891 2989 2963 Bor·

764 3017 1050 3091 nemiza
1105 3014 1569 3108 hibernabat,
1645 3018 1782 3090 sub
1841 3040 2181 3091 auroram
2239 3016 2479 3113 venit3
2537 3017 2662 3091 ubi
2716 3017 2986 3114 paulum

764 3151 1094 3217 moratus
1153 3143 1633 3217 Bornemizae
1691 3143 2009 3233 mandat,
2045 3149 2124 3216 ut
2162 3165 2319 3217 cum
2360 3142 2514 3218 suis
2546 3141 2890 3216 militibus
2925 3160 2987 3210 o-

764 3290 971 3342 mnes
1011 3268 1251 3343 aditus
1290 3268 1744 3370 praecludat,
1785 3268 2070 3365 duoque
2126 3266 2257 3341 illa
2297 3268 2628 3362 castella,
2669 3274 2987 3364 quantum

763 3393 923 3468 fieri
964 3396 1231 3492 possit,
1262 3402 1463 3468 recte
1522 3395 1800 3470 muniat
1855 3395 2253 3492 praesidio.
2314 3395 2730 3471 Johannem
2772 3393 2987 3467 Rube-

764 3544 923 3595 rum
972 3522 1430 3618 praefectum
1527 3523 1692 3595 alae
1753 3521 2074 3617 equitum
2133 3522 2721 3617 germanicorum
2776 3544 2861 3596 ex
2898 3514 2989 3591 hi-

761 3646 1034 3739 bernis,
1078 3670 1265 3741 quae
1327 3646 1800 3722 Varanoviae
1866 3648 2215 3739 habebat,
2256 3672 2415 3722 cum
2459 3649 2614 3725 suis
2654 3643 2988 3723 evocavit,

758 3780 832 3848 et
869 3797 960 3847 ne
996 3773 1068 3845 111
1128 3773 1388 3847 itinere
1446 3774 1734 3870 uspiam
1790 3775 2234 3867 immoretur,
2301 3775 2536 3870 jubet.
2579 3776 2697 3848 Ex
2738 3771 2985 3849 Sende·

757 3898 967 3974 rovia
1003 3896 1429 3974 Harderum
1468 3921 1630 3973 cum
1692 3895 1820 3973 OG
1859 3899 2231 3996 peditibus
2289 3900 2551 3991 educit,
2611 3900 2987 3992 eodemque

646 4096 655 4104 .
758 4034 1088 4122 tempore
1167 4035 1240 4098 et
1316 4025 1661 4099 Ruberus
1738 4027 1831 4099 ad
1943 4025 2361 4100 Zadvaram
2457 4049 2617 4099 cum
2679 4028 2825 4101 suis
2880 4046 2985 4095 ca-

754 4149 1164 4247 taphractis
1203 4161 1506 4249 praesto
1528 4153 1686 4225 fuit.
1786 4152 1888 4227 At
1926 4154 2112 4227 haec
2152 4152 2573 4245 Forgacius
2604 4159 2985 4226 comeatum

755 4276 1089 4373 expediri
1119 4277 1349 4372 Jubet,
1408 4286 1481 4352 et
1539 4279 2049 4376 speculatores
2092 4278 2186 4351 ad
2262 4278 2815 4372 cognoscendos
2872 4275 2982 4348 ho·

758 4401 974 4476 stium
1027 4412 1334 4477 conatus
1394 4405 1793 4479 coustituit.
1873 4405 2014 4479 His
2071 4406 2175 4479 ita
2230 4406 2463 4502 probe
2524 4405 2795 4479 curatis
2852 4402 2984 4474 An·

753 4526 972 4603 dreas
1011 4527 1305 4623 Balogh
1348 4554 1440 4602 ex
1480 4555 1649 4603 arce
1691 4530 2173 4625 Baloghvara
2213 4530 2594 4624 significat
2634 4530 2983 4604 Bebecum
