3293 5219
778 228 884 352 6'4

773 513 998 590 spem,
1073 489 1289 567 simul
1343 490 1574 586 longa
1611 484 1997 565 obsidione
2048 496 2311 564 cuncta
2348 488 2593 563 minui.
2653 487 3015 564 Divinum

769 625 1012 693 tamen
1086 613 1438 692 auxilium
1505 614 1886 713 virtusque
1980 638 2346 713 nunquam
2441 637 2571 691 eos
2669 615 3021 692 deseruit.

772 741 1110 843 Namque
1168 766 1262 818 ex
1335 741 1623 817 duabus
1699 741 1914 817 molis
1961 764 2180 817 unam
2237 741 2588 836 refecere,
2645 741 3024 817 alimentis

771 868 1301 945 distribuendis
1374 890 1651 964 magna
1706 891 1883 944 cura
1958 865 2313 959 adhibita,
2354 867 2599 966 pulvis
2673 865 3025 967 suppedi-

765 1003 971 1072 tante
1046 995 1356 1073 salnitro
1432 1018 1522 1071 ac
1596 994 1949 1094 sulphure
2026 992 2143 1069 die
2203 1000 2572 1091 nocteque
2608 1000 2843 1068 tusus.
2917 992 3024 1068 At

766 1120 1084 1216 Turcae,
1160 1121 1285 1220 qui
1359 1118 1602 1196 omnia
1675 1117 1933 1195 videre
2026 1124 2394 1218 poterant,
2471 1118 2869 1194 clamorem
2913 1120 3021 1195 in-

767 1254 1068 1349 gentem
1141 1246 1443 1343 tollunt,
1519 1247 1811 1346 cepisse
1874 1248 2035 1345 jam
2121 1270 2204 1321 se
2282 1269 2529 1323 arcem
2604 1246 3018 1323 credentes.

763 1376 843 1453 Is
883 1378 1162 1454 clamor
1183 1375 1326 1452 hoc
1361 1377 1592 1451 ferme
1627 1370 1993 1450 vocabulo
2031 1381 2342 1467 constat,
2383 1373 2583 1467 Alla,
2625 1372 2820 1471 quod
2858 1373 3013 1471 sig-

764 1500 1017 1579 nificat
1052 1502 1314 1598 Deum,
1357 1509 1433 1576 et
1471 1506 1747 1599 quanta
1777 1499 2092 1576 maxime
2132 1507 2447 1598 possunt
2482 1497 3014 1575 vociferatione

764 1630 1062 1729 saepius
1101 1628 1574 1724 ingenimant,
1606 1626 1836 1704 stulta
1863 1629 2374 1726 persvasione,
2413 1628 2654 1703 Deum
2692 1625 3019 1703 clamore

759 1762 833 1830 et
867 1754 1123 1832 auditu
1158 1753 1360 1831 illius
1399 1756 1607 1865 vocis
1666 1756 1762 1829 ab
1804 1778 2058 1860 somno
2100 1753 2545 1854 expergisci.
2607 1754 2714 1829 Et
2760 1751 3018 1828 statim

761 1882 1095 1959 omnibus
1150 1882 1227 1958 in
1262 1881 1450 1958 locis
1491 1885 1847 1961 obsessos
1885 1883 2125 1980 magis
2163 1905 2457 1979 urgere,
2516 1888 2590 1956 et
2627 1880 2724 1958 ad
2762 1878 3015 1954 omnia

759 2007 1032 2084 tuenda
1106 2016 1328 2107 atque
1421 2008 1764 2085 obeunda
1829 2008 2261 2083 ‘multimoda
2380 2016 2540 2082 arte
2653 2005 3017 2081 distinere

761 2142 1183 2234 coeperunt.
1259 2136 1381 2211 Ex
1456 2135 1669 2212 domo
1708 2141 1863 2210 tum
1902 2133 2211 2232 majoris
2249 2134 2814 2232 praepositurae
2852 2154 3017 2206 mu-

757 2286 885 2338 ros
923 2269 1147 2362 atque
1183 2259 1491 2361 palatia,
1532 2284 1723 2360 quae
1775 2260 2228 2338 occidentem
2266 2261 2723 2359 spectabant,
2760 2258 3015 2358 proxi-

759 2412 874 2464 me
911 2389 1009 2464 ad
1083 2388 1619 2484 Bebekianum,
1686 2395 1761 2464 et
1834 2389 2058 2487 paulo
2097 2387 2292 2462 infra
2331 2388 2429 2463 ad
2501 2384 2879 2462 meridiem
2916 2407 3013 2460 ex

756 2517 926 2615 ipsa
997 2515 1302 2591 minoris
1375 2515 1947 2616 praepositurae
2023 2513 2275 2608 domo,
2354 2511 2627 2614 quippe
2702 2508 3014 2613 capituli

758 2641 985 2718 aedes
1021 2644 1405 2741 proximae
1442 2648 1657 2718 erant
1714 2643 1895 2736 arci,
1935 2663 2185 2717 muros
2234 2641 2525 2717 feriunt.
2568 2637 2738 2716 Hae
2773 2662 3019 2715 novae

758 2774 972 2844 erant
1005 2766 1286 2862 ruinae,
1328 2768 1603 2867 quibus
1640 2775 1892 2844 tamen
1932 2767 2377 2843 intrinsecus
2416 2766 2827 2866 aggeribus
2865 2775 3020 2842 sta-

753 2893 883 2970 tim
920 2895 1518 2989 subveniebatur,
1598 2919 1763 2972 cum
1800 2895 2105 2996 insuper
2142 2894 2410 2996 globi
2388 2895 2686 2971 lmmani
2724 2893 3013 2992 magni-

752 3020 1005 3097 tudine
1042 3029 1270 3098 totam
1307 3046 1557 3099 arcem
1630 3024 2168 3123 pervolarent:
2210 3025 2426 3100 simul
2466 3022 2785 3119 sagittas
2821 3022 3014 3119 igni

753 3155 893 3242 tas,
929 3148 1320 3246 ignemque
1359 3149 1718 3225 missilem
1757 3151 2178 3226 cumulatim
2216 3147 2584 3248 ingerere,
2606 3155 2681 3223 et
2717 3156 3010 3247 portam

750 3272 828 3346 in
864 3295 1070 3349 muro
1133 3274 1593 3370 intermedio,
1688 3298 1849 3351 cum
1889 3276 2250 3375 duplicem
2289 3298 2533 3351 arcem
2611 3274 3011 3367 docuimus,

754 3394 1235 3498 hominesque
1310 3423 1445 3504 per
1483 3424 1649 3476 eam
1689 3401 2198 3477 discursantes
2235 3409 2512 3500 petere,
2553 3425 2641 3475 ac
2716 3400 3011 3475 cunicu-

750 3524 866 3599 los
905 3526 1002 3599 ab
1023 3524 1218 3601 Sede
1232 3524 1478 3622 Regia
1514 3527 1959 3626 perducere;
1999 3528 2133 3604 sed
2167 3528 2405 3604 nostri
2440 3525 2817 3627 perfracto
2857 3550 3011 3600 mu-

752 3671 836 3723 ro
856 3650 951 3723 ab
988 3651 1155 3744 imo,
1179 3652 1738 3729 subterraneam
1773 3661 2066 3753 portam
2101 3654 2366 3744 fecere,
2406 3676 2541 3750 per
2581 3673 2799 3748 quam
2843 3651 3008 3726 sine

752 3775 1082 3875 periculo
1122 3777 1666 3870 commeabant3
1753 3786 2011 3855 contra
2045 3778 2359 3853 hostiles
2398 3776 2772 3852 cuniculos
2812 3775 3010 3852 alios

751 3926 845 3978 ex
901 3905 1218 3980 adverso
1292 3904 1633 3997 effodere,
1670 3906 2019 4004 factaque
2054 3929 2190 4004 per
2247 3913 2533 3981 noctem
2593 3903 3003 4002 eruptione,

753 4024 1258 4108 Colomannus
1332 4029 1812 4108 Porkolabus
1890 4039 1964 4108 et
2036 4032 2463 4109 DemetrIus
2522 4028 2852 4129 Philippi
2891 4053 3007 4104 se-

755 4156 1064 4232 cundum
1102 4158 1466 4258 praelium
1504 4159 1961 4252 commisere,
1982 4158 2056 4233 in
2097 4181 2242 4256 quo
2266 4156 2725 4235 Colomanno
2765 4156 3008 4232 letha-

754 4279 926 4358 liter
964 4283 1356 4361 vulnerato
1392 4283 1715 4361 Michael
1758 4283 2175 4384 Grasparics
2217 4281 2734 4377 substituitur3
2778 4283 3007 4382 paulo

753 4416 922 4510 post
970 4417 1046 4485 et
1078 4410 1188 4484 illi
1224 4412 1380 4512 pila
1419 4411 1725 4511 maioris
1761 4414 2109 4488 tormenti
2145 4413 2531 4503 exstinctO,
2609 4411 2663 4486 J
2667 4409 3004 4486 ohannes

753 4531 1090 4614 Sucanus
1127 4535 1204 4612 in
1241 4537 1479 4614 locum
1515 4539 1898 4616 successit.
1940 4537 2224 4616 Eodem
2262 4548 2591 4636 tempore
2629 4535 2727 4612 ad
2763 4534 3006 4611 Bebe-
