3293 5219
2358 307 2513 384 441

276 556 371 607 ne
411 532 732 619 addixit3
807 556 975 607 nam
1027 530 1382 628 pontifex,
1440 551 1628 625 quae
1681 528 1947 604 fuisset
1993 549 2146 628 sua,
2213 527 2510 624 praeter

273 667 432 734 tres
468 658 743 735 nullam
781 657 1059 734 habuit.
2203 651 2216 665 “

342 851 375 878 ,
492 783 648 858 Res
702 782 1116 882 Hispaniae
1155 781 1264 856 sic
1321 803 1404 856 se
1450 780 1762 856 habent:
1818 781 2061 856 Mauri
2114 785 2506 876 granaten-

274 932 402 985 ses
439 935 490 985 a
525 911 792 985 Turcis
849 908 1199 985 africanis
1257 907 1606 983 auxilium
1644 907 1989 1000 habuere,
2052 915 2127 983 et
2172 930 2512 1005 magnum

274 1027 440 1111 cum
479 1034 822 1135 Philippo
863 1035 1134 1112 bellum
1177 1055 1525 1130 gessere:
1566 1032 1927 1129 siquidem
1945 1033 2268 1109 secunda
2304 1054 2514 1131 prae-

271 1161 375 1235 lia
468 1160 791 1239 habuere
846 1162 1013 1254 tria,
1050 1161 1126 1235 in
1166 1161 1373 1258 queis
1430 1161 1482 1237 J
1488 1160 1818 1235 ohannes
1875 1159 1964 1235 de
2020 1159 2326 1236 Austria
2361 1160 2517 1234 vul-

270 1309 413 1364 nus
489 1288 796 1386 accepit,
870 1295 945 1363 et
1014 1289 1238 1381 fugae
1292 1286 1644 1362 beneficio
1686 1308 1770 1361 se
1843 1283 2190 1376 salvavit,
2255 1285 2361 1361 ita
2429 1292 2511 1359 ut

270 1413 662 1514 Philippus
678 1415 900 1489 totius
939 1413 1347 1513 Hispaniae
1368 1413 1649 1488 viribus
1671 1420 1891 1511 atque
1907 1436 2000 1488 ex
2038 1412 2260 1488 Italia
2296 1413 2512 1490 etiam

271 1539 607 1617 deductis
682 1541 916 1639 copiis
991 1540 1065 1614 in
1137 1562 1461 1638 persona
1523 1541 1917 1616 adversum
1991 1541 2102 1614 ire
2158 1539 2513 1616 debuerit.

272 1667 557 1744 Eodem
573 1675 902 1765 tempore
921 1667 1000 1741 in
1022 1665 1287 1741 Africa
1306 1688 1596 1764 quoque
1634 1689 1767 1741 rex
1805 1674 2195 1743 tunetanus
2235 1688 2394 1742 cum
2430 1665 2509 1740 fi-

270 1793 546 1869 nitimis
583 1792 1025 1868 Mauritanis
1068 1789 1415 1868 Goletam
1470 1794 1995 1892 oppugnabam
2059 1800 2134 1868 et
2170 1815 2263 1868 ex
2304 1816 2515 1891 prae-

271 1921 461 1997 sidio
500 1919 596 1996 ad
651 1918 1147 2018 pabulandum
1170 1927 1243 1995 et
1260 1919 1847 1995 frumentandum
1867 1941 2217 2017 egressos
2236 1919 2510 2018 Hispa-

270 2070 409 2122 nos
447 2045 544 2122 ad
579 2045 1041 2143 octingentos
1080 2045 1570 2123 conciderant.
1627 2047 1721 2121 Ei
1762 2070 2188 2124 succurrere
2226 2046 2511 2146 Philip-

270 2196 433 2270 puS,
470 2196 606 2271 per
642 2170 1015 2248 Andream
1056 2173 1146 2248 de
1184 2171 1436 2263 Auria,
1496 2173 1613 2248 bis
1651 2183 1857 2250 terve
1914 2174 2164 2267 voluit,
2208 2175 2340 2249 sed
2377 2175 2508 2249 ad-

270 2300 513 2375 versis
552 2300 791 2375 ventis
831 2322 1122 2398 semper
1177 2301 1519 2397 repulsus
1577 2308 1709 2375 est.
1763 2302 1972 2375 Inter
2009 2302 2314 2377 Mauros
2349 2302 2503 2399 ple·

270 2428 479 2525 rique
516 2427 838 2525 Hispani
875 2427 1018 2502 viri
1054 2427 1384 2503 illustres
1440 2426 1897 2503 militabant:
1940 2448 2126 2501 unus
2164 2426 2354 2502 inter
2394 2449 2508 2502 ce-

269 2564 495 2648 teros,
554 2554 709 2651 qui·
748 2554 1243 2653 inquisitionis
1310 2555 1571 2630 timore
1626 2554 2080 2653 profugerat,
2137 2551 2360 2629 filium
2417 2576 2505 2628 ac

269 2688 620 2780 parentes
677 2682 772 2757 ab
828 2681 1407 2779 inquisitoribus,
1467 2682 1590 2780 qui
1645 2682 1741 2756 ob
1795 2681 2009 2756 unius
2045 2687 2293 2755 notam
2345 2681 2511 2756 stir-

270 2830 439 2907 pem
466 2806 685 2883 etiam
724 2815 950 2883 totam
1010 2808 1261 2884 delere
1298 2810 1559 2900 solent,
1617 2807 1969 2883 trecentis
2004 2805 2504 2906 Hispanorum

268 2931 625 3009 nobilium
665 2933 1031 3032 capitibus
1071 2935 1399 3012 redemit.
1439 2933 1730 3011 Bellum
1769 2941 2015 3010 tamen
2052 2933 2362 3010 induciis
2401 2939 2512 3008 at-

272 3083 413 3157 que
468 3059 1005 3135 conditionibus
1073 3061 1372 3138 dilatum
1447 3061 1688 3158 magis
1781 3061 1855 3135 in
1931 3060 2131 3137 aliud
2200 3069 2508 3158 tempus,

272 3209 487 3284 quam
551 3192 667 3260 est
706 3186 1169 3262 confectum·
1216 3186 1318 3263 At
1352 3188 1427 3262 in
1486 3185 1763 3283 Galliis
1811 3187 2081 3263 bellum
2117 3209 2262 3260 non
2299 3185 2513 3261 modo

269 3313 696 3388 restinctum
733 3337 877 3390 non
929 3321 1114 3409 erat,
1152 3315 1283 3390 sed
1338 3337 1512 3390 aere
1557 3337 1646 3389 ac
1683 3314 1973 3410 magnis
2013 3312 2247 3411 copiis
2283 3311 2509 3387 utrin-

271 3461 412 3537 que
446 3438 863 3534 gerebatur.
903 3437 1053 3514 Sed
1092 3440 1263 3536 quia
1298 3462 1431 3514 rex
1471 3436 1776 3515 Galliae
1813 3439 1889 3513 in
1924 3461 2229 3515 uxorem
2266 3436 2511 3513 Maxi-

267 3564 546 3640 miliani
598 3564 823 3640 filiam
859 3566 1240 3664 poscebat,
1296 3588 1559 3643 caesar
1597 3590 1690 3642 ex
1747 3564 2052 3642 oonsilio
2089 3564 2498 3663 principum

269 3698 490 3789 atque
547 3691 876 3766 ordinum
913 3691 1200 3789 imperii
1237 3692 1343 3767 ita
1379 3693 1802 3792 respondit:
1858 3692 2126 3769 Filiam
2165 3713 2250 3767 se
2303 3691 2509 3790 prius

270 3820 559 3895 minime
615 3819 948 3895 daturum
1023 3819 1112 3911 ei,
1172 3844 1388 3918 quam
1441 3844 1699 3920 pacem
1777 3829 2048 3897 certam
2085 3825 2304 3916 atque
2395 3816 2511 3893 fir-

270 3970 462 4021 mam
500 3947 938 4040 eonstituat3
976 3955 1374 4046 propterea
1412 3948 1606 4045 quod
1645 3947 1917 4023 bellico
1955 3945 2250 4021 eventui
2287 3966 2508 4042 expo-

268 4094 443 4147 nere
500 4071 729 4147 filiam
785 4072 986 4148 nolit.
1048 4074 1165 4150 Ita
1199 4097 1385 4171 pace
1422 4074 1630 4171 prius
1671 4072 1958 4148 firmata
1995 4078 2329 4147 oratores
2349 4068 2506 4143 Au-

268 4204 562 4293 gustam
598 4197 833 4292 misit;
908 4198 1378 4275 Ferdinando
1419 4196 1794 4273 archiduci
1851 4195 2202 4272 Austriae
2249 4202 2502 4293 partes

196 4312 203 4321 ’
268 4345 443 4398 suas
466 4323 561 4399 ad
582 4324 1168 4421 desponsandum
1189 4347 1322 4422 per
1362 4332 1697 4401 oratores
1716 4323 2072 4400 attribuit.
2116 4319 2504 4416 Philippus

269 4470 447 4523 vero
510 4449 733 4524 aliam
788 4449 1015 4524 filiam
1065 4451 1454 4526 maximam
1509 4458 1688 4525 natu
1743 4450 2091 4531 duxerat,
2166 4454 2504 4545 nepotem

271 4595 363 4647 ex
403 4594 660 4647 sorore
698 4596 1051 4668 germana
1105 4597 1335 4672 nuper
1383 4574 1682 4650 sublata
1739 4597 1781 4648 e
1819 4572 2010 4647 vivis
2065 4594 2366 4665 venenO,
2422 4579 2502 4647 ut
