3293 5219
2337 355 2480 435 121

252 598 378 650 sae
418 578 698 654 certior
732 578 995 666 factus,
1034 577 1355 675 equitum
1387 601 1428 651 e
1464 577 1789 674 vestigio
1825 586 2131 676 partem,
2173 577 2296 675 qui
2332 600 2486 652 rem

248 704 467 801 plane
540 710 1110 799 cognoscerent,
1186 703 1281 778 ad
1335 726 1561 800 seque
1620 703 2014 794 deferrent,
2056 704 2490 801 praemittit.

249 827 390 919 Qui
428 829 748 927 profecti
788 851 1213 925 competere
1255 830 1563 919 Turcas‚
1603 830 1892 922 vadum,
1915 853 2060 928 qua
2097 831 2488 925 trajiciant,

243 978 630 1053 quaerere,
669 979 899 1052 seque
934 956 1008 1032 in
1039 955 1372 1032 ulteriori
1412 957 1650 1031 amnis
1690 958 1853 1055 ripa
1875 955 2269 1053 explicatis
2293 957 2482 1031 ordi-

244 1082 462 1158 nibus
504 1087 902 1157 ostentare.
954 1081 1117 1174 Quo
1155 1083 1452 1176 cognito
1493 1084 1759 1158 banum
1811 1106 1968 1156 cum
2009 1082 2490 1180 stipendiario

243 1208 789 1304 provinciarum
813 1209 1128 1306 Styriae,
1151 1206 1601 1298 Carinthiae,
1642 1217 1716 1284 et
1737 1206 2133 1284 Carniolae
2173 1209 2246 1282 in
2287 1191 2491 1284 Scla‘-

244 1335 468 1411 vonia
508 1336 605 1410 ad
646 1336 1230 1432 octingentorum
1269 1361 1641 1414 numerum
1679 1339 2091 1413 intervente
2130 1337 2483 1434 ungarico

244 1463 601 1563 equitata,
623 1462 914 1559 praeire
925 1464 1227 1559 jubetin
1252 1463 1566 1558 hostem;
1603 1465 1892 1539 interim
1916 1464 2080 1540 dum
2100 1464 2262 1563 ipse
2284 1465 2484 1541 acies

245 1593 703 1685 instruxerit,
741 1600 820 1667 ut
837 1593 1151 1667 transitu
1172 1600 1424 1666 arceat
1444 1616 1587 1688 quo
1619 1616 1710 1667 ex
1730 1591 2289 1667 velitationibus
2308 1592 2486 1666 levi-

247 1720 505 1795 oribus
523 1718 615 1793 de
633 1718 963 1816 generali
983 1717 1330 1794 conflictu
1348 1719 1804 1818 propositum
1825 1718 2282 1817 exploratius
2305 1716 2486 1804 fieri,

268 1847 563 1945 ndeque
620 1843 930 1921 consilia
967 1846 1395 1921 necessaria
1449 1845 1521 1919 in
1561 1851 1775 1920 tanta
1831 1843 2360 1942 inaequalitate
2414 1843 2492 1917 in

268 1973 461 2050 diem
501 1980 877 2074 posterum
916 1973 1101 2048 inire
1137 1995 1272 2071 pro
1309 1995 1552 2048 rerum
1587 1972 1873 2047 ratione
1905 1971 2211 2071 possint.

485 2097 655 2190 Qua
672 2111 884 2197 parte
923 2099 1097 2196 quia
1123 2098 1391 2174 mentio
1431 2123 1478 2173 a
1513 2098 1729 2173 nobis
1765 2100 1939 2173 bani
1956 2098 2157 2174 facta
2195 2105 2332 2190 est,
2353 2119 2500 2172 non

251 2227 385 2301 abs
424 2249 513 2301 re
552 2226 869 2301 futurum
909 2226 1251 2316 arbitror,
1275 2224 1453 2301 side
1473 2224 1751 2300 nostris
1770 2224 2085 2300 vetustis
2108 2222 2485 2300 ordinibus

250 2350 533 2450 aliquid
571 2351 1020 2449 adjiciemus.
1084 2350 1427 2428 Omnium
1476 2351 2013 2449 provinciarum
2074 2350 2495 2449 praefectos

250 2480 491 2555 banos
569 2484 695 2552 aut
756 2475 1135 2572 ‚vajvodas
1216 2478 1558 2552 barbaris
1644 2475 2028 2552 vocabulis
2101 2477 2488 2552 vocabant.

256 2603 441 2681 Bani
482 2626 665 2679 vero
722 2609 833 2678 tot
868 2603 1161 2680 fuerant
1198 2628 1652 2704 :regnorum
1710 2602 2095 2697 Oroatiae,
2154 2603 2502 2680 Bosniae‚

258 2731 705 2822 Dalmatiae,
766 2755 955 2828 quae
1013 2733 1258 2808 omnia
1311 2757 1514 2809 mare
1571 2734 2003 2810 adriaticum
2041 2733 2491 2834 pertingunt,

260 2882 389 2959 pro
430 2880 580 2957 quo
622 2882 850 2958 saepe
889 2882 1047 2934 cum
1071 2858 1383 2936 Venetis
1404 2862 1856 2937 decertatum
1896 2869 2049 2956 est;
2077 2861 2252 2935 item
2293 2856 2496 2933 Scla-

257 2987 525 3062 voniae
563 2986 759 3061 inter
818 2984 1092 3062 Savum
1152 2995 1226 3062 et
1262 2989 1638 3080 Dravam3
1699 2989 2032 3063 Moesiae
2090 2984 2492 3084 superioris

255 3136 445 3189 nunc
484 3110 798 3188 Serviae
839 3113 1099 3205 dictae,
1139 3118 1346 3212 cujus
1386 3116 1818 3214 metropolis
1878 3122 1992 3189 est
2030 3114 2488 3203 Taurunum3

262 3239 732 3331 Temesvari‚
775 3263 963 3337 quae
1000 3265 1136 3315 arx
1177 3248 1398 3338 atque
1438 3242 1782 3341 oppidum
1818 3242 2013 3315 intra
2052 3261 2495 3316 communem

255 3366 624 3465 quendam
683 3366 1065 3441 terminum
1128 3367 1221 3441 ad
1279 3366 1734 3443 confluentes
1790 3367 1984 3442 haud
2022 3366 2282 3465 procul
2323 3363 2498 3441 Savi

255 3503 477 3591 atque
518 3491 849 3567 Danubii
888 3513 1026 3590 pro
1068 3494 1427 3568 communi
1464 3518 1609 3583 usu,
1639 3493 2041 3593 prudenter
2080 3491 2502 3580 constituta,

258 3619 709 3709 Pannoniae,
751 3616 1083 3708 Serviae,
1124 3629 1198 3695 et
1235 3620 1569 3696 Moesiae
1607 3621 1980 3695 inferioris
2036 3619 2194 3693 sive
2252 3616 2500 3694 Wala-

254 3743 465 3820 chiae
525 3746 901 3842 utriusque
981 3747 1299 3821 ambitus
1374 3749 1577 3822 velut
1634 3747 2035 3822 claustrum
2092 3746 2500 3844 spectabat.

254 3873 538 3947 Horum
614 3895 1003 3973 regnorum
1082 3874 1574 3969 singulorum,
1654 3876 1776 3971 qui
1850 3882 2178 3950 rectores
2272 3879 2501 3961 erant,

251 3999 420 4074 bani
483 3998 934 4074 dicebantur.
1030 4000 1494 4097 Vajvodatus
1549 4007 1706 4076 tres
1758 4010 1986 4091 erant,
2029 3998 2500 4075 Transsilva·

249 4125 417 4201 niae
495 4148 661 4213 una,
719 4128 925 4221 cuius
985 4127 1125 4202 duo
1201 4127 1430 4203 ferme
1489 4130 1732 4204 latera
1820 4128 2108 4204 Moesia
2164 4126 2501 4213 Inferior,

250 4274 440 4349 quae
480 4272 671 4325 nunc
708 4252 782 4324 in
826 4251 1007 4327 duas
1050 4252 1463 4328 Valachias
1520 4254 1763 4328 divisa
1802 4260 1937 4343 est,
1979 4252 2505 4351 complectitur,

251 4378 437 4454 duae
504 4375 919 4452 Valachiae
980 4379 1486 4477 Transalpina
1558 4391 1633 4454 et
1690 4376 2077 4476 Cisalpina
2168 4378 2505 4475 singulae

256 4505 628 4601 vajvodas
672 4503 961 4591 habent.
1042 4529 1346 4602 quarum
1385 4506 1569 4582 fines
1608 4508 1706 4582 ad
1762 4513 2066 4605 pontum
2141 4506 2504 4582 Euxinum

249 4654 483 4730 usque
519 4632 1073 4731 protenduntur.
1135 4632 1481 4725 Quorum
1540 4635 1856 4717 omnium
1914 4633 2179 4715 officiis
2232 4657 2324 4713 ex
2385 4656 2503 4713 ve-
