3293 5219
2335 323 2492 403 209

235 528 577 604 antennis
649 531 947 624 ferreis,
1006 532 1238 608 clavis
1316 540 1540 631 atque
1598 536 2082 635 compagibus
2160 541 2491 618 firmissi-

232 675 420 730 mam
517 657 613 730 ad
685 658 1221 735 defendendum
1279 670 1570 759 portum
1628 664 2202 757 fabrefecerant,
2263 692 2483 764 quam

228 804 471 879 neque
511 785 917 876 securibus,
957 809 1195 881 neque
1237 788 1407 862 aliis
1465 788 1972 866 instrumentis
2011 793 2477 891 perfringere

226 910 655 1006 quiverant,
732 920 807 986 et
876 935 1109 988 naves
1186 914 1504 991 maximo
1579 939 1947 992 remorum
2030 920 2308 1017 impetu
2384 919 2481 995 ad

224 1037 831 1136 disrumpendum
865 1040 1290 1129 incitabant,
1331 1065 1519 1137 quae
1560 1066 1723 1117 cum
1762 1045 1865 1118 ibi
1906 1042 2322 1139 haererent,
2364 1047 2486 1121 de-

218 1165 749 1260 primebantur,
767 1174 840 1239 et
862 1187 1113 1240 omncs
1132 1138 1692 1243 trucidabantur
1714 1198 1730 1243 :
1752 1193 1888 1267 pro
1912 1194 2002 1245 ea
2023 1193 2205 1266 ergo
2247 1173 2480 1247 utrin-

224 1311 363 1384 que
386 1291 730 1366 maximis
752 1292 1034 1366 viribus
1092 1300 1447 1368 certatum
1489 1301 1623 1387 est,
1677 1297 2300 1393 persuadentibus
2339 1299 2482 1372 sibi

224 1414 518 1505 Turcis,
558 1417 753 1513 quod
790 1418 1104 1493 navibus
1162 1421 1612 1516 expugnatis
1650 1421 1899 1496 statim
1979 1445 2153 1497 arce
2194 1446 2484 1521 quoque

219 1543 655 1638 potirentur.
730 1544 1114 1639 Vigesimo
1156 1553 1418 1619 octavo
1476 1546 1683 1621 Junii
1720 1548 2171 1623 intellectum
2214 1558 2331 1624 est
2386 1551 2484 1624 ab

221 1668 530 1761 Alvaro,
606 1669 811 1764 ligna
848 1694 983 1768 pro
1043 1670 1568 1746 alembicorum
1624 1661 1763 1747 usu
1806 1673 2049 1748 omnia
2107 1696 2278 1749 esse
2318 1697 2486 1751 con·-

219 1803 553 1892 sumpta;
612 1819 746 1893 pro
802 1820 993 1894 pane
1036 1797 1434 1893 coqueudO,
1493 1798 1557 1871 si
1587 1799 2029 1875 munitiones
2079 1809 2482 1895 vastentur,

225 1942 359 1994 sex
402 1919 665 1996 diebus
705 1931 1121 2020 suppetere,
1180 1923 1455 2019 alioqui
1478 1924 1765 1999 duobus
1795 1926 2037 2000 omnia
2075 1927 2282 2023 ligna
2320 1926 2477 2002 fini-

215 2054 443 2121 turos.
507 2045 917 2127 Cisternas.
976 2072 1284 2145 quarum
1323 2050 1565 2124 altera
1630 2058 1795 2124 erat
1831 2050 2231 2146 exsiccata,
2261 2053 2481 2149 jubet

222 2174 410 2248 clam
467 2175 794 2267 lustrari,
852 2182 926 2248 et
981 2174 1300 2249 refertur
1358 2182 1673 2272 quatuor
1731 2177 2143 2273 palmarum
2202 2201 2478 2275 aquam

228 2320 655 2396 superesse,
714 2301 1018 2376 duorum
1075 2300 1378 2391 scilicet,
1436 2298 1558 2374 vel
1613 2302 1834 2377 trium
1890 2301 2168 2377 dierum
2205 2304 2479 2401 portio·

231 2447 419 2498 nem.
480 2427 715 2501 Jubet
807 2447 987 2522 ergo
1045 2426 1379 2521 singulos
1457 2426 1683 2501 duces
1741 2448 2118 2501 numerum
2176 2428 2482 2505 militum

225 2552 515 2652 scripto
557 2552 807 2646 edere3
850 2560 922 2628 ct
979 2574 1071 2626 ex
1131 2552 1468 2629 omnibus
1502 2552 1951 2629 ,nationibus
1992 2561 2163 2630 sunt
2199 2555 2482 2655 reperti

225 2679 657 2776 octingenti,
678 2688 978 2777 praeter
1019 2680 1588 2754 convulneratos
1628 2689 1703 2755 et
1740 2682 2115 2775 infirmos3
2149 2682 2226 2755 in
2266 2683 2479 2758 trire-

225 2805 466 2879 mibus
504 2828 681 2880 vero
722 2804 1013 2880 ducenti
1050 2829 1139 2881 ac
1174 2805 1501 2900 triginta.
1571 2804 1934 2881 Omnibus
1974 2806 2047 2880 in
2085 2829 2249 2882 eam
2288 2806 2480 2882 diem

232 2931 536 3027 duplum
576 2931 737 3006 dari
783 2931 1057 3028 jubens
1098 2938 1170 3004 et
1227 2928 1680 3027 aliquantum
1738 2932 1909 3024 vini,
1951 2932 2060 3006 sic
2097 2934 2244 3008 ait:
2305 2932 2480 3008 Om-

228 3056 353 3130 nia
388 3056 899 3153 praestitimus
938 3055 1228 3147 milites,
1269 3078 1749 3153 quaecunque
1789 3054 2125 3132 humanis
2166 3058 2480 3145 viribus,

231 3181 553 3256 humana
608 3181 893 3257 ratione
947 3180 1321 3279 praestari
1394 3189 1747 3278 possunt3
1808 3182 1943 3256 sed
1984 3191 2058 3258 ct
2095 3184 2482 3258 calamita-

227 3315 377 3381 tum
418 3301 1020 3406 fortunarumque
1073 3330 1354 3382 summa
1409 3315 1483 3382 et
1520 3317 1855 3383 extrema
1892 3310 2137 3383 omnia
2173 3332 2478 3408 perpes-

228 3434 290 3506 si
346 3457 620 3511 sumus.
677 3436 871 3511 Nam
963 3437 1237 3520 fameS,
1313 3433 1498 3516 sitis,
1558 3442 1836 3525 aestuS,
1898 3435 2111 3508 labor
2170 3433 2477 3510 diurnus

227 3569 773 3656 nocturnusque
832 3559 1113 3634 minora
1150 3582 1334 3656 prae
1374 3557 1692 3632 caeteris
1742 3558 1933 3631 forte
1974 3566 2161 3649 sunt,
2202 3558 2475 3633 virtute

227 3695 483 3762 vestra
520 3686 792 3761 milites
832 3686 1073 3760 omnia
1131 3684 1363 3760 ardua
1424 3684 1954 3781 superavimus.
2015 3684 2230 3759 Nunc
2267 3707 2479 3761 cunc-

227 3821 321 3904 ta,
412 3812 710 3889 humani
769 3815 1027 3904 victus,
1088 3815 1450 3889 elementa
1506 3834 1795 3909 quoque
1854 3834 1942 3885 ac
1987 3811 2282 3887 fortuna
2318 3811 2486 3908 ipsa

226 3962 361 4014 nos
403 3939 770 4015 deficiunt.
828 3939 1106 4013 Panem
1166 3937 1261 4016 ad
1298 3937 1522 4011 tridui
1579 3936 2191 4012 sustentationem
2249 3955 2476 4032 aegre

227 4067 625 4142 habemus:
666 4088 933 4163 aquam
1010 4065 1239 4139 nihilo
1314 4064 1670 4162 amplius,
1748 4071 1898 4137 tum
1996 4083 2172 4137 vero
2243 4070 2451 4136 terra

231 4214 424 4288 quae
460 4213 596 4264 nos
636 4197 999 4288 protegat,
1039 4188 1165 4263 ubi
1206 4189 1376 4263 est?
1427 4195 1579 4262 tum
1617 4188 1814 4283 igne,
1855 4187 2001 4260 nisi
2038 4186 2477 4261 munitiones

226 4325 534 4392 nostras
574 4324 1105 4405 vastassemus,
1145 4322 1365 4410 atque
1389 4316 1627 4390 latera
1666 4321 1925 4388 nostra
1963 4313 2474 4399 nudassemus,

220 4446 377 4538 jam
418 4441 540 4516 diu
580 4442 1095 4517 caruissemus.
1139 4439 1335 4531 Quid
1390 4441 1479 4514 de
1520 4449 1693 4515 aere
1733 4438 1992 4529 dicam,
2034 4459 2248 4535 quem
2288 4460 2474 4513 sem-

230 4592 364 4666 per
404 4573 848 4647 contrarium
890 4571 1175 4665 experti
1211 4589 1482 4658 sumus,
1524 4576 1798 4660 aestus,
1838 4574 2103 4642 ventos
2144 4567 2470 4652 nocivos,

333 4720 537 4754 EORUM·
575 4719 738 4755 Ruso.
774 4720 911 4753 ms‘r.
946 4719 1145 4752 SCRH'T.
1180 4717 1291 4750 XV!-
2051 4672 2154 4748 14
