3293 5219
745 329 900 404 496

733 547 892 640 jam
949 549 1271 618 teneret:
1316 542 1576 616 statuit
1632 542 1939 639 propius
1981 564 2143 615 eam
2183 541 2562 633 accedere,
2621 550 2697 616 et
2734 542 2802 615 si
2839 540 2998 615 fieri

742 677 1004 767 posset
1059 667 1326 766 praelii
1381 667 1751 743 fortunam
1812 690 1905 741 ex
1944 666 2323 742 commodo
2365 689 2785 764 capessere.
2849 669 2995 740 Ita·

745 820 884 892 que
962 816 1120 867 cum
1181 792 1606 865 triremibus
1675 788 1906 886 CXL,
1973 800 2045 865 et
2104 792 2467 887 galeaciis
2506 790 2642 877 VI,
2685 790 3000 865 navibus

743 919 1104 994 onerariis
1144 918 1401 1011 XXII,
1442 917 1639 991 circa
1682 914 1988 992 Calend.
2012 915 2335 1014 Augusti
2374 913 2710 1016 Corcyra
2750 917 2998 1004 solvit,

738 1045 1247 1142 intellexitque
1288 1042 1383 1119 ad
1438 1044 1753 1118 insulam
1794 1039 2216 1138 Cytheram,
2257 1041 2794 1118 Horuchalium
2840 1064 2996 1116 cum

750 1168 1079 1245 CCVIII
1171 1169 1485 1244 navibus
1581 1168 1678 1243 ad
1768 1167 2214 1243 Malvasiam
2337 1191 2529 1260 esse,
2604 1192 2751 1244 non
2884 1167 3001 1242 de-

743 1303 1176 1372 trectantem
1214 1293 1594 1393 praelium.
1660 1291 1812 1368 Sed
1847 1294 1976 1368 ille
2016 1301 2256 1369 tamen
2297 1317 2460 1368 cum
2497 1293 2868 1391 galeaciis
2907 1294 3000 1368 ad

746 1444 1030 1497 manum
1071 1420 1323 1494 venire
1360 1420 1680 1512 nolebat,
1705 1440 1893 1515 quae
1931 1425 2043 1493 tot
2079 1421 2550 1495 castellorum
2609 1421 2772 1495 vice
2792 1442 3002 1518 prae·

743 1548 1037 1622 teritam
1093 1545 1376 1621 cladem
1432 1545 1871 1620 intulissent.
1914 1543 2098 1621 Cum
2137 1569 2319 1643 ergo
2362 1548 2649 1622 classes
2689 1548 2765 1619 in
2808 1545 3002 1620 ordi-

754 1697 918 1748 nem
955 1673 1325 1763 redactae,
1344 1670 1532 1745 hora
1569 1672 1794 1746 tertia
1833 1671 1981 1746 diei
2021 1694 2187 1747 sese
2228 1673 2830 1771 conspexissent,
2853 1671 3003 1747 Ho-

751 1796 1125 1876 ruchalius
1184 1805 1345 1873 arte
1381 1797 1728 1871 utendum
1785 1806 2018 1891 ratuS,
2075 1799 2140 1873 si
2195 1799 2388 1873 forte
2445 1820 2538 1873 ex
2597 1798 3005 1897 superioris

756 1926 1112 2001 victoriae
1169 1923 1441 1999 fiducia
1520 1922 1907 1998 christiani
1944 1947 2106 1998 cum
2143 1925 2567 2001 triremibus
2609 1924 2797 2000 solis
2838 1946 3004 1999 con-

756 2050 967 2149 gredi
1024 2049 1400 2141 auderent,
1440 2049 1781 2123 adversis
1821 2048 1918 2123 ad
1955 2050 2244 2124 hostem
2279 2051 2529 2147 proris
2566 2060 2901 2148 paratuS,
2941 2049 3005 2123 si

755 2178 1039 2273 absque
1096 2175 1454 2270 galeaciis
1511 2175 2035 2251 decertandum
2089 2175 2301 2267 foret,
2361 2179 2529 2273 plus
2589 2176 3006 2251 retrocede-

756 2306 901 2389 bat,
946 2325 1160 2399 quam
1194 2301 1306 2375 illi
1343 2300 2016 2399 progrediebantur
2039 2330 2056 2375 ε
2079 2310 2478 2403 propterea
2519 2303 2712 2399 quod
2750 2304 3004 2398 galea-

766 2431 923 2503 ciae
1001 2434 1073 2501 et
1131 2449 1361 2500 naves
1416 2427 1803 2501 onerariae
1880 2429 2202 2502 remulco
2241 2433 2522 2502 tractae
2599 2437 3008 2503 ceterarum

763 2576 1055 2631 cursum
1093 2576 1417 2651 aequare
1456 2577 1600 2631 non
1640 2560 2003 2652 poterant,
2045 2561 2119 2629 et
2158 2577 2287 2629 eas
2326 2554 2765 2651 relinquere,
2812 2554 3007 2652 quod

762 2682 1057 2756 Turcae
1094 2701 1393 2753 numero
1433 2679 1835 2753 triremium
1875 2687 2368 2775 praestarent,
2394 2681 2804 2754 consultum
2862 2703 3006 2754 non

763 2805 1189 2898 videbatur,
1246 2803 1323 2876 id
1380 2803 1574 2899 quod
1629 2812 1838 2878 tanta
1895 2805 1991 2877 ab
2041 2803 2170 2878 illo
2211 2811 2374 2877 arte
2404 2804 2814 2878 institutum
2848 2805 3006 2892 fuit,

664 2998 694 3013 ,,
760 2937 840 3006 ut
879 2937 953 3003 et
988 2935 1294 3025 propter
1334 2927 1566 3002 solem
1604 2928 1994 3003 adversum
2049 2928 2122 3002 in
2183 2927 2437 3003 oculos
2475 2928 2796 3005 hostium
2834 2929 3005 3002 inci-

762 3055 1089 3143 dentem,
1200 3061 1275 3126 et
1364 3054 1744 3147 pulverem
1854 3053 2442 3144 bombardicum,
2555 3076 2767 3150 quem
2861 3062 3007 3127 stu-

765 3179 882 3253 dio
924 3178 1262 3272 edebant,
1298 3177 1444 3251 nisi
1482 3179 1694 3252 tarde
1728 3179 2079 3272 cognosci
2118 3181 2213 3253 ab
2254 3180 2529 3253 nostris
2567 3203 2711 3254 non
2750 3179 3005 3275 potuit,

764 3311 1126 3401 nocteque
1155 3310 1547 3401 appetente
1585 3304 1830 3378 redire
1870 3304 1944 3375 in
1982 3311 2273 3401 portum
2309 3305 2698 3400 potuerint.

980 3427 1164 3505 Cum
1202 3437 1447 3504 autem
1468 3437 1802 3504 neutram
1858 3428 2180 3503 classem
2237 3429 2591 3526 diffugere
2646 3430 3004 3528 praelium

761 3563 1181 3657 appareret,
1253 3565 1499 3631 tamen
1572 3557 1795 3631 aliam
1836 3556 1981 3630 alio
2048 3557 2355 3633 consilio
2393 3557 2744 3647 innixam,
2786 3558 2891 3630 ita
2930 3564 3007 3630 ut

764 3689 1027 3757 neutra
1066 3682 1451 3779 quicquam
1490 3688 1765 3757 temere
1816 3683 2324 3780 committeret;
2361 3691 2585 3780 utque
2627 3708 2771 3759 non
2813 3684 3002 3758 clas·

767 3807 874 3882 sis
912 3808 1126 3882 modo
1168 3829 1326 3880 cum
1368 3807 1635 3900 classe,
1694 3808 1828 3881 sed
1864 3809 2098 3883 virtus
2160 3833 2321 3884 cum
2357 3810 2648 3902 virtute,
2687 3809 3001 3907 pruden-

762 3932 869 4007 tia
908 3955 1067 4006 cum
1104 3930 1495 4029 prudentia
1535 3933 2038 4006 contenderet:
2085 3956 2254 4008 sese
2316 3934 2895 4026 insectabantur,
2938 3942 3011 4006 et

774 4057 929 4131 suis
988 4058 1316 4131 consiliis
1376 4067 1619 4133 mutuo
1689 4081 1771 4132 se
1819 4058 2189 4155 petebant.
2245 4058 2746 4135 Huruchalius
2804 4082 3006 4154 ergo,

768 4187 849 4255 ut
885 4181 1201 4255 classem
1262 4182 1825 4257 christianorum
1883 4185 2292 4284 conspexit,
2334 4185 2536 4259 nulla
2575 4184 2677 4258 ibi
2718 4193 3008 4259 cuncta-
3051 4183 3056 4190 ’

768 4307 968 4381 tione
1026 4330 1202 4381 usus
1264 4316 1396 4400 est,
1456 4308 1588 4382 sed
1645 4308 1998 4383 audacter
2055 4333 2278 4385 cornu
2337 4310 2695 4401 dextrum,
2736 4318 2811 4383 et
2862 4334 3005 4402 me-

775 4430 966 4504 diam
1026 4432 1260 4507 aciem
1316 4433 1613 4529 longius
1668 4434 2034 4531 produxit,
2093 4437 2393 4511 sinistro
2451 4457 2680 4511 cornu
2733 4443 3006 4510 terram
