<?xml version="1.0" encoding="UTF-8"?>
<!DOCTYPE html PUBLIC "-//W3C//DTD XHTML 1.0 Transitional//EN"
    "http://www.w3.org/TR/xhtml1/DTD/xhtml1-transitional.dtd">
<html xmlns="http://www.w3.org/1999/xhtml" xml:lang="en" lang="en">
 <head>
  <title>
</title>
<meta http-equiv="Content-Type" content="text/html;charset=utf-8" />
  <meta name='ocr-system' content='tesseract 3.04.00' />
  <meta name='ocr-capabilities' content='ocr_page ocr_carea ocr_par ocr_line ocrx_word'/>
</head>
<body>
  <div class='ocr_page' id='page_1' title='image "./magyarhistorija00bpgoog/magyarhistorija00bpgoog_0166.png"; bbox 0 0 3293 5219; ppageno 0'>
   <div class='ocr_carea' id='block_1_1' title="bbox 810 292 919 420">
    <p class='ocr_par' dir='ltr' id='par_1_1' title="bbox 810 292 919 420">
     <span class='ocr_line' id='line_1_1' title="bbox 810 292 919 420; baseline 0.046 -5"><span class='ocrx_word' id='word_1_1' title='bbox 810 292 919 420; x_wconf 70' lang='lat' dir='ltr'>ss</span> 
     </span>
    </p>
   </div>
   <div class='ocr_carea' id='block_1_2' title="bbox 797 554 3049 4696">
    <p class='ocr_par' dir='ltr' id='par_1_2' title="bbox 797 554 3049 4696">
     <span class='ocr_line' id='line_1_2' title="bbox 811 554 3039 652; baseline -0 -24"><span class='ocrx_word' id='word_1_2' title='bbox 811 576 1043 650; x_wconf 89' lang='lat' dir='ltr'>quare</span> <span class='ocrx_word' id='word_1_3' title='bbox 1064 554 1527 651; x_wconf 85' lang='lat' dir='ltr'>exploratum</span> <span class='ocrx_word' id='word_1_4' title='bbox 1570 554 1727 645; x_wconf 86' lang='lat' dir='ltr'>fuit,</span> <span class='ocrx_word' id='word_1_5' title='bbox 1751 554 2115 629; x_wconf 86' lang='lat' dir='ltr'>stationes</span> <span class='ocrx_word' id='word_1_6' title='bbox 2136 558 2360 647; x_wconf 86' lang='lat' dir='ltr'>atque</span> <span class='ocrx_word' id='word_1_7' title='bbox 2383 554 2718 628; x_wconf 88' lang='lat' dir='ltr'>subsidia</span> <span class='ocrx_word' id='word_1_8' title='bbox 2741 554 3039 652; x_wconf 90' lang='lat' dir='ltr'>disposi-</span> 
     </span>
     <span class='ocr_line' id='line_1_3' title="bbox 804 678 3040 778; baseline -0.002 -23"><span class='ocrx_word' id='word_1_9' title='bbox 804 688 907 773; x_wconf 92' lang='lat' dir='ltr'>ta,</span> <span class='ocrx_word' id='word_1_10' title='bbox 932 679 1333 778; x_wconf 87' lang='lat' dir='ltr'>partitique</span> <span class='ocrx_word' id='word_1_11' title='bbox 1377 686 1547 752; x_wconf 92' lang='lat' dir='ltr'>sunt</span> <span class='ocrx_word' id='word_1_12' title='bbox 1587 679 1812 753; x_wconf 89' lang='lat' dir='ltr'>duces</span> <span class='ocrx_word' id='word_1_13' title='bbox 1850 679 2043 752; x_wconf 89' lang='lat' dir='ltr'>inter</span> <span class='ocrx_word' id='word_1_14' title='bbox 2083 701 2164 751; x_wconf 92' lang='lat' dir='ltr'>se</span> <span class='ocrx_word' id='word_1_15' title='bbox 2203 678 2386 752; x_wconf 87' lang='lat' dir='ltr'>belli</span> <span class='ocrx_word' id='word_1_16' title='bbox 2425 680 2712 754; x_wconf 89' lang='lat' dir='ltr'>munia:</span> <span class='ocrx_word' id='word_1_17' title='bbox 2757 680 3040 753; x_wconf 91' lang='lat' dir='ltr'>Doboni</span> 
     </span>
     <span class='ocr_line' id='line_1_4' title="bbox 803 804 3030 902; baseline -0.002 -21"><span class='ocrx_word' id='word_1_18' title='bbox 803 812 1349 897; x_wconf 88' lang='lat' dir='ltr'>tormentorum,</span> <span class='ocrx_word' id='word_1_19' title='bbox 1400 828 1723 902; x_wconf 91' lang='lat' dir='ltr'>operum,</span> <span class='ocrx_word' id='word_1_20' title='bbox 1783 811 2004 900; x_wconf 89' lang='lat' dir='ltr'>atque</span> <span class='ocrx_word' id='word_1_21' title='bbox 2043 804 2521 879; x_wconf 87' lang='lat' dir='ltr'>munitionum</span> <span class='ocrx_word' id='word_1_22' title='bbox 2561 829 2740 879; x_wconf 91' lang='lat' dir='ltr'>cura</span> <span class='ocrx_word' id='word_1_23' title='bbox 2778 805 3030 896; x_wconf 82' lang='lat' dir='ltr'>evenit,</span> 
     </span>
     <span class='ocr_line' id='line_1_5' title="bbox 810 933 3031 1029; baseline 0 -22"><span class='ocrx_word' id='word_1_24' title='bbox 810 934 1210 1009; x_wconf 89' lang='lat' dir='ltr'>Mechcaeo</span> <span class='ocrx_word' id='word_1_25' title='bbox 1250 933 1768 1023; x_wconf 78' lang='lat' dir='ltr'>subsidiorum,</span> <span class='ocrx_word' id='word_1_26' title='bbox 1829 957 1918 1006; x_wconf 90' lang='lat' dir='ltr'>ea</span> <span class='ocrx_word' id='word_1_27' title='bbox 1979 940 2293 1028; x_wconf 88' lang='lat' dir='ltr'>quatuor</span> <span class='ocrx_word' id='word_1_28' title='bbox 2350 940 2564 1007; x_wconf 90' lang='lat' dir='ltr'>erant</span> <span class='ocrx_word' id='word_1_29' title='bbox 2617 934 2694 1007; x_wconf 92' lang='lat' dir='ltr'>in</span> <span class='ocrx_word' id='word_1_30' title='bbox 2730 940 3031 1029; x_wconf 90' lang='lat' dir='ltr'>utraque</span> 
     </span>
     <span class='ocr_line' id='line_1_6' title="bbox 806 1042 3034 1158; baseline -0.002 -22"><span class='ocrx_word' id='word_1_31' title='bbox 806 1086 1015 1153; x_wconf 89' lang='lat' dir='ltr'>arce,</span> <span class='ocrx_word' id='word_1_32' title='bbox 1108 1084 1413 1157; x_wconf 89' lang='lat' dir='ltr'>quorum</span> <span class='ocrx_word' id='word_1_33' title='bbox 1471 1060 1612 1135; x_wconf 92' lang='lat' dir='ltr'>duo</span> <span class='ocrx_word' id='word_1_34' title='bbox 1689 1061 1853 1158; x_wconf 93' lang='lat' dir='ltr'>ipse</span> <span class='ocrx_word' id='word_1_35' title='bbox 1911 1060 2260 1149; x_wconf 92' lang='lat' dir='ltr'>curabat,</span> <span class='ocrx_word' id='word_1_36' title='bbox 2352 1061 2647 1135; x_wconf 89' lang='lat' dir='ltr'>tertium</span> <span class='ocrx_word' id='word_1_37' title='bbox 2680 1042 2690 1047; x_wconf 41' lang='grc'><strong>’</strong></span> <span class='ocrx_word' id='word_1_38' title='bbox 2741 1058 3034 1157; x_wconf 83' lang='lat' dir='ltr'>Gaspar</span> 
     </span>
     <span class='ocr_line' id='line_1_7' title="bbox 800 1183 3037 1284; baseline -0 -24"><span class='ocrx_word' id='word_1_39' title='bbox 800 1187 1106 1277; x_wconf 68' lang='lat' dir='ltr'>Petheo,</span> <span class='ocrx_word' id='word_1_40' title='bbox 1154 1194 1493 1283; x_wconf 91' lang='lat' dir='ltr'>quartum</span> <span class='ocrx_word' id='word_1_41' title='bbox 1534 1183 1958 1282; x_wconf 81' lang='lat' dir='ltr'>Gregorius</span> <span class='ocrx_word' id='word_1_42' title='bbox 1997 1186 2502 1278; x_wconf 91' lang='lat' dir='ltr'>Bornemisza,</span> <span class='ocrx_word' id='word_1_43' title='bbox 2563 1188 2677 1262; x_wconf 84' lang='lat' dir='ltr'>cui</span> <span class='ocrx_word' id='word_1_44' title='bbox 2735 1185 3037 1284; x_wconf 84' lang='lat' dir='ltr'>Stepha-</span> 
     </span>
     <span class='ocr_line' id='line_1_8' title="bbox 803 1312 3041 1411; baseline -0.001 -23"><span class='ocrx_word' id='word_1_45' title='bbox 803 1335 941 1388; x_wconf 90' lang='lat' dir='ltr'>nus</span> <span class='ocrx_word' id='word_1_46' title='bbox 983 1313 1249 1411; x_wconf 87' lang='lat' dir='ltr'>Zoltay</span> <span class='ocrx_word' id='word_1_47' title='bbox 1301 1321 1374 1386; x_wconf 95' lang='lat' dir='ltr'>et</span> <span class='ocrx_word' id='word_1_48' title='bbox 1410 1313 1464 1388; x_wconf 84' lang='lat' dir='ltr'>J</span> <span class='ocrx_word' id='word_1_49' title='bbox 1470 1313 1800 1386; x_wconf 91' lang='lat' dir='ltr'>ohannes</span> <span class='ocrx_word' id='word_1_50' title='bbox 1841 1312 2135 1409; x_wconf 83' lang='lat' dir='ltr'>Figedy</span> <span class='ocrx_word' id='word_1_51' title='bbox 2175 1337 2336 1387; x_wconf 88' lang='lat' dir='ltr'>cum</span> <span class='ocrx_word' id='word_1_52' title='bbox 2374 1313 2529 1388; x_wconf 90' lang='lat' dir='ltr'>suis</span> <span class='ocrx_word' id='word_1_53' title='bbox 2569 1313 2925 1387; x_wconf 84' lang='lat' dir='ltr'>militibus</span> <span class='ocrx_word' id='word_1_54' title='bbox 2967 1335 3041 1385; x_wconf 84' lang='lat' dir='ltr'>se</span> 
     </span>
     <span class='ocr_line' id='line_1_9' title="bbox 808 1421 3035 1537; baseline -0.001 -24"><span class='ocrx_word' id='word_1_55' title='bbox 808 1442 1277 1535; x_wconf 89' lang='lat' dir='ltr'>conjungunt.</span> <span class='ocrx_word' id='word_1_56' title='bbox 1303 1437 1574 1528; x_wconf 78' lang='lat' dir='ltr'>Quinto</span> <span class='ocrx_word' id='word_1_57' title='bbox 1594 1436 1772 1511; x_wconf 92' lang='lat' dir='ltr'>Idus</span> <span class='ocrx_word' id='word_1_58' title='bbox 1793 1421 2088 1511; x_wconf 86' lang='lat' dir='ltr'>tandem</span> <span class='ocrx_word' id='word_1_59' title='bbox 2112 1436 2574 1536; x_wconf 78' lang='lat' dir='ltr'>Septembris</span> <span class='ocrx_word' id='word_1_60' title='bbox 2612 1460 3035 1537; x_wconf 88' lang='lat' dir='ltr'>praecurso-</span> 
     </span>
     <span class='ocr_line' id='line_1_10' title="bbox 806 1564 3037 1663; baseline -0.002 -22"><span class='ocrx_word' id='word_1_61' title='bbox 806 1590 929 1641; x_wconf 90' lang='lat' dir='ltr'>res</span> <span class='ocrx_word' id='word_1_62' title='bbox 971 1590 1061 1640; x_wconf 87' lang='lat' dir='ltr'>ac</span> <span class='ocrx_word' id='word_1_63' title='bbox 1098 1565 1364 1638; x_wconf 88' lang='lat' dir='ltr'>velites</span> <span class='ocrx_word' id='word_1_64' title='bbox 1440 1564 1761 1639; x_wconf 90' lang='lat' dir='ltr'>hostium</span> <span class='ocrx_word' id='word_1_65' title='bbox 1836 1566 2135 1658; x_wconf 88' lang='lat' dir='ltr'>affuere,</span> <span class='ocrx_word' id='word_1_66' title='bbox 2197 1566 2321 1661; x_wconf 90' lang='lat' dir='ltr'>qui</span> <span class='ocrx_word' id='word_1_67' title='bbox 2378 1566 2708 1663; x_wconf 91' lang='lat' dir='ltr'>abreptis</span> <span class='ocrx_word' id='word_1_68' title='bbox 2768 1564 3037 1640; x_wconf 91' lang='lat' dir='ltr'>duobus</span> 
     </span>
     <span class='ocr_line' id='line_1_11' title="bbox 809 1689 3036 1790; baseline -0.002 -23"><span class='ocrx_word' id='word_1_69' title='bbox 809 1689 1406 1790; x_wconf 77' lang='lat' dir='ltr'>speculatoribus</span> <span class='ocrx_word' id='word_1_70' title='bbox 1464 1690 1935 1785; x_wconf 82' lang='lat' dir='ltr'>agriensium,</span> <span class='ocrx_word' id='word_1_71' title='bbox 1994 1691 2410 1787; x_wconf 87' lang='lat' dir='ltr'>ceterisque</span> <span class='ocrx_word' id='word_1_72' title='bbox 2463 1692 2649 1787; x_wconf 88' lang='lat' dir='ltr'>fuga</span> <span class='ocrx_word' id='word_1_73' title='bbox 2705 1691 3036 1779; x_wconf 53' lang='lat' dir='ltr'>reversis</span> 
     </span>
     <span class='ocr_line' id='line_1_12' title="bbox 804 1816 3038 1913; baseline -0.002 -20"><span class='ocrx_word' id='word_1_74' title='bbox 804 1818 1160 1893; x_wconf 83' lang='lat' dir='ltr'>redivere.</span> <span class='ocrx_word' id='word_1_75' title='bbox 1200 1817 1362 1891; x_wconf 90' lang='lat' dir='ltr'>Nec</span> <span class='ocrx_word' id='word_1_76' title='bbox 1400 1817 1636 1891; x_wconf 89' lang='lat' dir='ltr'>nostri</span> <span class='ocrx_word' id='word_1_77' title='bbox 1677 1818 2015 1909; x_wconf 89' lang='lat' dir='ltr'>omisere,</span> <span class='ocrx_word' id='word_1_78' title='bbox 2039 1818 2423 1913; x_wconf 88' lang='lat' dir='ltr'>quominus</span> <span class='ocrx_word' id='word_1_79' title='bbox 2464 1816 2759 1892; x_wconf 88' lang='lat' dir='ltr'>emissis</span> <span class='ocrx_word' id='word_1_80' title='bbox 2795 1816 3038 1913; x_wconf 80' lang='lat' dir='ltr'>paucis</span> 
     </span>
     <span class='ocr_line' id='line_1_13' title="bbox 810 1930 3038 2041; baseline -0.001 -23"><span class='ocrx_word' id='word_1_81' title='bbox 810 1930 1134 2040; x_wconf 88' lang='lat' dir='ltr'>equitum</span> <span class='ocrx_word' id='word_1_82' title='bbox 1189 1943 1662 2040; x_wconf 87' lang='lat' dir='ltr'>peditumque</span> <span class='ocrx_word' id='word_1_83' title='bbox 1721 1944 2036 2040; x_wconf 87' lang='lat' dir='ltr'>alicujus</span> <span class='ocrx_word' id='word_1_84' title='bbox 2074 1942 2343 2041; x_wconf 90' lang='lat' dir='ltr'>praelii</span> <span class='ocrx_word' id='word_1_85' title='bbox 2379 1944 2692 2017; x_wconf 86' lang='lat' dir='ltr'>formam</span> <span class='ocrx_word' id='word_1_86' title='bbox 2733 1950 3038 2016; x_wconf 86' lang='lat' dir='ltr'>ostenta-</span> 
     </span>
     <span class='ocr_line' id='line_1_14' title="bbox 804 2067 3033 2166; baseline -0.001 -22"><span class='ocrx_word' id='word_1_87' title='bbox 804 2077 986 2144; x_wconf 90' lang='lat' dir='ltr'>rent.</span> <span class='ocrx_word' id='word_1_88' title='bbox 1044 2070 1144 2142; x_wconf 84' lang='lat' dir='ltr'>Et</span> <span class='ocrx_word' id='word_1_89' title='bbox 1186 2067 1337 2165; x_wconf 83' lang='lat' dir='ltr'>Aly</span> <span class='ocrx_word' id='word_1_90' title='bbox 1376 2071 1607 2143; x_wconf 90' lang='lat' dir='ltr'>bassa</span> <span class='ocrx_word' id='word_1_91' title='bbox 1648 2092 1811 2142; x_wconf 87' lang='lat' dir='ltr'>cum</span> <span class='ocrx_word' id='word_1_92' title='bbox 1889 2070 2208 2166; x_wconf 87' lang='lat' dir='ltr'>quinque</span> <span class='ocrx_word' id='word_1_93' title='bbox 2273 2078 2345 2143; x_wconf 90' lang='lat' dir='ltr'>et</span> <span class='ocrx_word' id='word_1_94' title='bbox 2403 2069 2664 2166; x_wconf 85' lang='lat' dir='ltr'>viginti</span> <span class='ocrx_word' id='word_1_95' title='bbox 2725 2068 3033 2143; x_wconf 87' lang='lat' dir='ltr'>millibus</span> 
     </span>
     <span class='ocr_line' id='line_1_15' title="bbox 797 2192 3041 2295; baseline -0.002 -24"><span class='ocrx_word' id='word_1_96' title='bbox 797 2204 1103 2295; x_wconf 90' lang='lat' dir='ltr'>postera</span> <span class='ocrx_word' id='word_1_97' title='bbox 1121 2195 1285 2268; x_wconf 92' lang='lat' dir='ltr'>luce</span> <span class='ocrx_word' id='word_1_98' title='bbox 1311 2192 1727 2291; x_wconf 90' lang='lat' dir='ltr'>multisque,</span> <span class='ocrx_word' id='word_1_99' title='bbox 1751 2195 1873 2291; x_wconf 92' lang='lat' dir='ltr'>qui</span> <span class='ocrx_word' id='word_1_100' title='bbox 1897 2219 1987 2268; x_wconf 79' lang='lat' dir='ltr'>ex</span> <span class='ocrx_word' id='word_1_101' title='bbox 2007 2194 2308 2270; x_wconf 83' lang='lat' dir='ltr'>Amhati</span> <span class='ocrx_word' id='word_1_102' title='bbox 2334 2196 2665 2271; x_wconf 80' lang='lat' dir='ltr'>exercitu</span> <span class='ocrx_word' id='word_1_103' title='bbox 2705 2194 3041 2270; x_wconf 87' lang='lat' dir='ltr'>submissi</span> 
     </span>
     <span class='ocr_line' id='line_1_16' title="bbox 804 2319 3042 2419; baseline -0.002 -22"><span class='ocrx_word' id='word_1_104' title='bbox 804 2331 1034 2415; x_wconf 91' lang='lat' dir='ltr'>erant,</span> <span class='ocrx_word' id='word_1_105' title='bbox 1075 2320 1394 2395; x_wconf 91' lang='lat' dir='ltr'>advenit.</span> <span class='ocrx_word' id='word_1_106' title='bbox 1473 2319 1623 2395; x_wconf 82' lang='lat' dir='ltr'>Sed</span> <span class='ocrx_word' id='word_1_107' title='bbox 1680 2321 1958 2394; x_wconf 88' lang='lat' dir='ltr'>nostris</span> <span class='ocrx_word' id='word_1_108' title='bbox 2013 2322 2304 2419; x_wconf 90' lang='lat' dir='ltr'>paratis</span> <span class='ocrx_word' id='word_1_109' title='bbox 2361 2330 2441 2397; x_wconf 92' lang='lat' dir='ltr'>ut</span> <span class='ocrx_word' id='word_1_110' title='bbox 2498 2322 2801 2419; x_wconf 87' lang='lat' dir='ltr'>aliquod</span> <span class='ocrx_word' id='word_1_111' title='bbox 2839 2322 3042 2396; x_wconf 86' lang='lat' dir='ltr'>etiam</span> 
     </span>
     <span class='ocr_line' id='line_1_17' title="bbox 800 2447 3040 2548; baseline -0.002 -25"><span class='ocrx_word' id='word_1_112' title='bbox 800 2449 1204 2548; x_wconf 88' lang='lat' dir='ltr'>periculum</span> <span class='ocrx_word' id='word_1_113' title='bbox 1242 2470 1608 2524; x_wconf 90' lang='lat' dir='ltr'>armorum</span> <span class='ocrx_word' id='word_1_114' title='bbox 1631 2447 2075 2543; x_wconf 90' lang='lat' dir='ltr'>virtutisque</span> <span class='ocrx_word' id='word_1_115' title='bbox 2107 2449 2337 2539; x_wconf 88' lang='lat' dir='ltr'>fieret,</span> <span class='ocrx_word' id='word_1_116' title='bbox 2380 2448 2826 2544; x_wconf 90' lang='lat' dir='ltr'>militemque</span> <span class='ocrx_word' id='word_1_117' title='bbox 2848 2470 3040 2520; x_wconf 82' lang='lat' dir='ltr'>exer-</span> 
     </span>
     <span class='ocr_line' id='line_1_18' title="bbox 808 2571 3042 2674; baseline -0.002 -24"><span class='ocrx_word' id='word_1_118' title='bbox 808 2582 1079 2666; x_wconf 88' lang='lat' dir='ltr'>cerent,</span> <span class='ocrx_word' id='word_1_119' title='bbox 1106 2571 1413 2672; x_wconf 80' lang='lat' dir='ltr'>Graspar</span> <span class='ocrx_word' id='word_1_120' title='bbox 1451 2573 1756 2666; x_wconf 72' lang='lat' dir='ltr'>Petheo,</span> <span class='ocrx_word' id='word_1_121' title='bbox 1777 2573 2201 2673; x_wconf 84' lang='lat' dir='ltr'>Stephanus</span> <span class='ocrx_word' id='word_1_122' title='bbox 2227 2573 2519 2674; x_wconf 84' lang='lat' dir='ltr'>Zoltay,</span> <span class='ocrx_word' id='word_1_123' title='bbox 2555 2582 2628 2650; x_wconf 88' lang='lat' dir='ltr'>et</span> <span class='ocrx_word' id='word_1_124' title='bbox 2664 2574 2718 2650; x_wconf 84' lang='lat' dir='ltr'>J</span> <span class='ocrx_word' id='word_1_125' title='bbox 2725 2575 3042 2651; x_wconf 89' lang='lat' dir='ltr'>ohannes</span> 
     </span>
     <span class='ocr_line' id='line_1_19' title="bbox 805 2699 3040 2797; baseline -0.001 -23"><span class='ocrx_word' id='word_1_126' title='bbox 805 2701 1099 2796; x_wconf 88' lang='lat' dir='ltr'>Figedy</span> <span class='ocrx_word' id='word_1_127' title='bbox 1173 2699 1495 2794; x_wconf 87' lang='lat' dir='ltr'>digressi</span> <span class='ocrx_word' id='word_1_128' title='bbox 1578 2723 1742 2775; x_wconf 89' lang='lat' dir='ltr'>cum</span> <span class='ocrx_word' id='word_1_129' title='bbox 1816 2700 2225 2794; x_wconf 88' lang='lat' dir='ltr'>nonaginta</span> <span class='ocrx_word' id='word_1_130' title='bbox 2298 2701 2589 2776; x_wconf 90' lang='lat' dir='ltr'>omnino</span> <span class='ocrx_word' id='word_1_131' title='bbox 2664 2701 3040 2797; x_wconf 86' lang='lat' dir='ltr'>equitibus,</span> 
     </span>
     <span class='ocr_line' id='line_1_20' title="bbox 813 2825 3038 2924; baseline -0.003 -22"><span class='ocrx_word' id='word_1_132' title='bbox 813 2825 1231 2921; x_wconf 84' lang='lat' dir='ltr'>Gregorius</span> <span class='ocrx_word' id='word_1_133' title='bbox 1302 2825 1787 2901; x_wconf 90' lang='lat' dir='ltr'>Bornemisza</span> <span class='ocrx_word' id='word_1_134' title='bbox 1840 2826 2413 2901; x_wconf 87' lang='lat' dir='ltr'>fortissimorum</span> <span class='ocrx_word' id='word_1_135' title='bbox 2485 2827 2809 2924; x_wconf 90' lang='lat' dir='ltr'>peditum</span> <span class='ocrx_word' id='word_1_136' title='bbox 2903 2844 3038 2897; x_wconf 87' lang='lat' dir='ltr'>ma-</span> 
     </span>
     <span class='ocr_line' id='line_1_21' title="bbox 807 2949 3038 3050; baseline -0.002 -22"><span class='ocrx_word' id='word_1_137' title='bbox 807 2977 976 3029; x_wconf 90' lang='lat' dir='ltr'>num</span> <span class='ocrx_word' id='word_1_138' title='bbox 1049 2953 1125 3025; x_wconf 93' lang='lat' dir='ltr'>in</span> <span class='ocrx_word' id='word_1_139' title='bbox 1199 2951 1608 3026; x_wconf 90' lang='lat' dir='ltr'>subsidium</span> <span class='ocrx_word' id='word_1_140' title='bbox 1686 2952 1929 3046; x_wconf 80' lang='lat' dir='ltr'>duxit3</span> <span class='ocrx_word' id='word_1_141' title='bbox 2006 2953 2256 3048; x_wconf 86' lang='lat' dir='ltr'>itaque</span> <span class='ocrx_word' id='word_1_142' title='bbox 2330 2953 2711 3050; x_wconf 82' lang='lat' dir='ltr'>improvisi</span> <span class='ocrx_word' id='word_1_143' title='bbox 2785 2949 3038 3025; x_wconf 80' lang='lat' dir='ltr'>invecti</span> 
     </span>
     <span class='ocr_line' id='line_1_22' title="bbox 802 3075 3040 3166; baseline -0.002 -12"><span class='ocrx_word' id='word_1_144' title='bbox 802 3087 970 3154; x_wconf 91' lang='lat' dir='ltr'>sunt</span> <span class='ocrx_word' id='word_1_145' title='bbox 1005 3077 1345 3152; x_wconf 91' lang='lat' dir='ltr'>hostibus</span> <span class='ocrx_word' id='word_1_146' title='bbox 1400 3076 1894 3166; x_wconf 81' lang='lat' dir='ltr'>tendentibus,</span> <span class='ocrx_word' id='word_1_147' title='bbox 1952 3083 2032 3152; x_wconf 87' lang='lat' dir='ltr'>ut</span> <span class='ocrx_word' id='word_1_148' title='bbox 2091 3084 2454 3152; x_wconf 92' lang='lat' dir='ltr'>momento</span> <span class='ocrx_word' id='word_1_149' title='bbox 2511 3078 2779 3152; x_wconf 91' lang='lat' dir='ltr'>multos</span> <span class='ocrx_word' id='word_1_150' title='bbox 2838 3075 3040 3151; x_wconf 90' lang='lat' dir='ltr'>truci·</span> 
     </span>
     <span class='ocr_line' id='line_1_23' title="bbox 809 3195 3041 3303; baseline -0.002 -25"><span class='ocrx_word' id='word_1_151' title='bbox 809 3206 1090 3294; x_wconf 91' lang='lat' dir='ltr'>darent,</span> <span class='ocrx_word' id='word_1_152' title='bbox 1132 3200 1347 3278; x_wconf 88' lang='lat' dir='ltr'>simul</span> <span class='ocrx_word' id='word_1_153' title='bbox 1387 3226 1667 3292; x_wconf 88' lang='lat' dir='ltr'>currus,</span> <span class='ocrx_word' id='word_1_154' title='bbox 1706 3210 1786 3277; x_wconf 92' lang='lat' dir='ltr'>ut</span> <span class='ocrx_word' id='word_1_155' title='bbox 1824 3210 2044 3277; x_wconf 85' lang='lat' dir='ltr'>erant</span> <span class='ocrx_word' id='word_1_156' title='bbox 2084 3203 2346 3296; x_wconf 89' lang='lat' dir='ltr'>onusti,</span> <span class='ocrx_word' id='word_1_157' title='bbox 2383 3228 2528 3279; x_wconf 92' lang='lat' dir='ltr'>non</span> <span class='ocrx_word' id='word_1_158' title='bbox 2565 3225 2863 3301; x_wconf 89' lang='lat' dir='ltr'>paucos,</span> <span class='ocrx_word' id='word_1_159' title='bbox 2883 3195 3041 3303; x_wconf 58' lang='lat' dir='ltr'>{cum</span> 
     </span>
     <span class='ocr_line' id='line_1_24' title="bbox 805 3330 3040 3429; baseline -0.004 -21"><span class='ocrx_word' id='word_1_160' title='bbox 805 3330 1192 3429; x_wconf 79' lang='lat' dir='ltr'>multiplici</span> <span class='ocrx_word' id='word_1_161' title='bbox 1249 3331 1532 3428; x_wconf 88' lang='lat' dir='ltr'>praeda</span> <span class='ocrx_word' id='word_1_162' title='bbox 1590 3353 1978 3422; x_wconf 89' lang='lat' dir='ltr'>armorum,</span> <span class='ocrx_word' id='word_1_163' title='bbox 2019 3330 2353 3422; x_wconf 88' lang='lat' dir='ltr'>vestium,</span> <span class='ocrx_word' id='word_1_164' title='bbox 2385 3330 3040 3404; x_wconf 88' lang='lat' dir='ltr'>tabernaculorum-</span> 
     </span>
     <span class='ocr_line' id='line_1_25' title="bbox 809 3457 3043 3557; baseline -0.003 -22"><span class='ocrx_word' id='word_1_165' title='bbox 809 3483 969 3557; x_wconf 90' lang='lat' dir='ltr'>que,</span> <span class='ocrx_word' id='word_1_166' title='bbox 991 3459 1066 3531; x_wconf 90' lang='lat' dir='ltr'>in</span> <span class='ocrx_word' id='word_1_167' title='bbox 1090 3481 1336 3532; x_wconf 89' lang='lat' dir='ltr'>arcem</span> <span class='ocrx_word' id='word_1_168' title='bbox 1357 3480 1604 3530; x_wconf 88' lang='lat' dir='ltr'>secum</span> <span class='ocrx_word' id='word_1_169' title='bbox 1626 3458 2051 3531; x_wconf 82' lang='lat' dir='ltr'>aveherent.</span> <span class='ocrx_word' id='word_1_170' title='bbox 2093 3458 2179 3532; x_wconf 91' lang='lat' dir='ltr'>Id</span> <span class='ocrx_word' id='word_1_171' title='bbox 2199 3457 2563 3556; x_wconf 90' lang='lat' dir='ltr'>praelium</span> <span class='ocrx_word' id='word_1_172' title='bbox 2600 3458 2706 3531; x_wconf 90' lang='lat' dir='ltr'>ita</span> <span class='ocrx_word' id='word_1_173' title='bbox 2746 3457 3043 3533; x_wconf 90' lang='lat' dir='ltr'>omnium</span> 
     </span>
     <span class='ocr_line' id='line_1_26' title="bbox 814 3581 3046 3682; baseline -0.003 -23"><span class='ocrx_word' id='word_1_174' title='bbox 814 3587 1100 3659; x_wconf 89' lang='lat' dir='ltr'>animos</span> <span class='ocrx_word' id='word_1_175' title='bbox 1145 3584 1486 3674; x_wconf 83' lang='lat' dir='ltr'>firmavit,</span> <span class='ocrx_word' id='word_1_176' title='bbox 1524 3592 1602 3658; x_wconf 91' lang='lat' dir='ltr'>ut</span> <span class='ocrx_word' id='word_1_177' title='bbox 1640 3585 1736 3658; x_wconf 88' lang='lat' dir='ltr'>ad</span> <span class='ocrx_word' id='word_1_178' title='bbox 1773 3585 2014 3659; x_wconf 92' lang='lat' dir='ltr'>Deum</span> <span class='ocrx_word' id='word_1_179' title='bbox 2055 3584 2404 3682; x_wconf 89' lang='lat' dir='ltr'>optimum</span> <span class='ocrx_word' id='word_1_180' title='bbox 2441 3584 2832 3658; x_wconf 86' lang='lat' dir='ltr'>maximum</span> <span class='ocrx_word' id='word_1_181' title='bbox 2873 3581 3046 3655; x_wconf 83' lang='lat' dir='ltr'>votis</span> 
     </span>
     <span class='ocr_line' id='line_1_27' title="bbox 804 3711 3041 3809; baseline -0.003 -23"><span class='ocrx_word' id='word_1_182' title='bbox 804 3711 1244 3809; x_wconf 90' lang='lat' dir='ltr'>nuncupatis</span> <span class='ocrx_word' id='word_1_183' title='bbox 1286 3711 1700 3807; x_wconf 89' lang='lat' dir='ltr'>gratiisque</span> <span class='ocrx_word' id='word_1_184' title='bbox 1759 3712 1970 3804; x_wconf 88' lang='lat' dir='ltr'>actis,</span> <span class='ocrx_word' id='word_1_185' title='bbox 2029 3711 2120 3785; x_wconf 92' lang='lat' dir='ltr'>de</span> <span class='ocrx_word' id='word_1_186' title='bbox 2171 3711 2490 3786; x_wconf 82' lang='lat' dir='ltr'>victoria</span> <span class='ocrx_word' id='word_1_187' title='bbox 2527 3711 2877 3809; x_wconf 88' lang='lat' dir='ltr'>deinceps</span> <span class='ocrx_word' id='word_1_188' title='bbox 2913 3733 3041 3782; x_wconf 91' lang='lat' dir='ltr'>non</span> 
     </span>
     <span class='ocr_line' id='line_1_28' title="bbox 804 3836 3034 3934; baseline -0.001 -23"><span class='ocrx_word' id='word_1_189' title='bbox 804 3836 1226 3912; x_wconf 89' lang='lat' dir='ltr'>dubitarint.</span> <span class='ocrx_word' id='word_1_190' title='bbox 1305 3836 1587 3910; x_wconf 92' lang='lat' dir='ltr'>Hostes</span> <span class='ocrx_word' id='word_1_191' title='bbox 1628 3860 1828 3928; x_wconf 87' lang='lat' dir='ltr'>ver0,</span> <span class='ocrx_word' id='word_1_192' title='bbox 1907 3860 2093 3933; x_wconf 93' lang='lat' dir='ltr'>quos</span> <span class='ocrx_word' id='word_1_193' title='bbox 2151 3836 2721 3934; x_wconf 89' lang='lat' dir='ltr'>praeteritorum</span> <span class='ocrx_word' id='word_1_194' title='bbox 2772 3843 3034 3934; x_wconf 91' lang='lat' dir='ltr'>tempo-</span> 
     </span>
     <span class='ocr_line' id='line_1_29' title="bbox 803 3962 3038 4060; baseline -0.002 -22"><span class='ocrx_word' id='word_1_195' title='bbox 803 3987 963 4038; x_wconf 90' lang='lat' dir='ltr'>rum</span> <span class='ocrx_word' id='word_1_196' title='bbox 1038 3965 1335 4039; x_wconf 87' lang='lat' dir='ltr'>fortuna</span> <span class='ocrx_word' id='word_1_197' title='bbox 1413 3971 1539 4037; x_wconf 92' lang='lat' dir='ltr'>aut</span> <span class='ocrx_word' id='word_1_198' title='bbox 1595 3964 2040 4060; x_wconf 92' lang='lat' dir='ltr'>dilapsuros,</span> <span class='ocrx_word' id='word_1_199' title='bbox 2119 3971 2243 4038; x_wconf 89' lang='lat' dir='ltr'>aut</span> <span class='ocrx_word' id='word_1_200' title='bbox 2296 3964 2633 4060; x_wconf 89' lang='lat' dir='ltr'>protinus</span> <span class='ocrx_word' id='word_1_201' title='bbox 2675 3962 3038 4038; x_wconf 76' lang='lat' dir='ltr'>dedituros</span> 
     </span>
     <span class='ocr_line' id='line_1_30' title="bbox 815 4088 3046 4187; baseline -0 -25"><span class='ocrx_word' id='word_1_202' title='bbox 815 4113 1056 4163; x_wconf 88' lang='lat' dir='ltr'>arcem</span> <span class='ocrx_word' id='word_1_203' title='bbox 1101 4089 1606 4183; x_wconf 87' lang='lat' dir='ltr'>crediderant,</span> <span class='ocrx_word' id='word_1_204' title='bbox 1664 4113 1810 4163; x_wconf 91' lang='lat' dir='ltr'>non</span> <span class='ocrx_word' id='word_1_205' title='bbox 1849 4091 2084 4164; x_wconf 91' lang='lat' dir='ltr'>solum</span> <span class='ocrx_word' id='word_1_206' title='bbox 2143 4089 2239 4162; x_wconf 92' lang='lat' dir='ltr'>ad</span> <span class='ocrx_word' id='word_1_207' title='bbox 2277 4088 2785 4162; x_wconf 90' lang='lat' dir='ltr'>sustinendum</span> <span class='ocrx_word' id='word_1_208' title='bbox 2842 4090 3046 4187; x_wconf 85' lang='lat' dir='ltr'>impe·</span> 
     </span>
     <span class='ocr_line' id='line_1_31' title="bbox 811 4215 3040 4313; baseline -0.002 -26"><span class='ocrx_word' id='word_1_209' title='bbox 811 4220 983 4306; x_wconf 85' lang='lat' dir='ltr'>tum,</span> <span class='ocrx_word' id='word_1_210' title='bbox 1006 4215 1139 4287; x_wconf 92' lang='lat' dir='ltr'>sed</span> <span class='ocrx_word' id='word_1_211' title='bbox 1158 4215 1350 4290; x_wconf 93' lang='lat' dir='ltr'>ultro</span> <span class='ocrx_word' id='word_1_212' title='bbox 1375 4217 1897 4313; x_wconf 90' lang='lat' dir='ltr'>erumpendum</span> <span class='ocrx_word' id='word_1_213' title='bbox 1919 4217 2140 4291; x_wconf 90' lang='lat' dir='ltr'>etiam</span> <span class='ocrx_word' id='word_1_214' title='bbox 2183 4215 2370 4291; x_wconf 91' lang='lat' dir='ltr'>satis</span> <span class='ocrx_word' id='word_1_215' title='bbox 2409 4216 2644 4290; x_wconf 86' lang='lat' dir='ltr'>fortes</span> <span class='ocrx_word' id='word_1_216' title='bbox 2683 4215 3040 4290; x_wconf 86' lang='lat' dir='ltr'>invenere.</span> 
     </span>
     <span class='ocr_line' id='line_1_32' title="bbox 817 4340 3048 4439; baseline 0 -25"><span class='ocrx_word' id='word_1_217' title='bbox 817 4340 1247 4435; x_wconf 89' lang='lat' dir='ltr'>Eademque</span> <span class='ocrx_word' id='word_1_218' title='bbox 1289 4342 1406 4416; x_wconf 91' lang='lat' dir='ltr'>die</span> <span class='ocrx_word' id='word_1_219' title='bbox 1463 4348 1665 4416; x_wconf 86' lang='lat' dir='ltr'>tecta</span> <span class='ocrx_word' id='word_1_220' title='bbox 1742 4351 1814 4417; x_wconf 90' lang='lat' dir='ltr'>et</span> <span class='ocrx_word' id='word_1_221' title='bbox 1855 4343 2446 4439; x_wconf 85' lang='lat' dir='ltr'>contignationes</span> <span class='ocrx_word' id='word_1_222' title='bbox 2500 4342 2840 4417; x_wconf 91' lang='lat' dir='ltr'>domuum</span> <span class='ocrx_word' id='word_1_223' title='bbox 2879 4364 3048 4415; x_wconf 90' lang='lat' dir='ltr'>sum-</span> 
     </span>
     <span class='ocr_line' id='line_1_33' title="bbox 825 4466 3048 4567; baseline 0.001 -29"><span class='ocrx_word' id='word_1_224' title='bbox 825 4466 1067 4561; x_wconf 90' lang='lat' dir='ltr'>mique</span> <span class='ocrx_word' id='word_1_225' title='bbox 1106 4467 1388 4563; x_wconf 91' lang='lat' dir='ltr'>templi,</span> <span class='ocrx_word' id='word_1_226' title='bbox 1429 4492 1521 4542; x_wconf 94' lang='lat' dir='ltr'>ne</span> <span class='ocrx_word' id='word_1_227' title='bbox 1574 4469 1823 4565; x_wconf 88' lang='lat' dir='ltr'>ignem</span> <span class='ocrx_word' id='word_1_228' title='bbox 1847 4470 2096 4566; x_wconf 89' lang='lat' dir='ltr'>aliqua</span> <span class='ocrx_word' id='word_1_229' title='bbox 2113 4469 2192 4542; x_wconf 92' lang='lat' dir='ltr'>in</span> <span class='ocrx_word' id='word_1_230' title='bbox 2209 4475 2424 4567; x_wconf 90' lang='lat' dir='ltr'>parte</span> <span class='ocrx_word' id='word_1_231' title='bbox 2444 4467 2925 4566; x_wconf 89' lang='lat' dir='ltr'>corriperent,</span> <span class='ocrx_word' id='word_1_232' title='bbox 2945 4466 3048 4542; x_wconf 90' lang='lat' dir='ltr'>de·</span> 
     </span>
     <span class='ocr_line' id='line_1_34' title="bbox 804 4590 3049 4696; baseline 0 -32"><span class='ocrx_word' id='word_1_233' title='bbox 804 4592 1080 4688; x_wconf 83' lang='lat' dir='ltr'>jecere,</span> <span class='ocrx_word' id='word_1_234' title='bbox 1101 4595 1176 4664; x_wconf 87' lang='lat' dir='ltr'>et</span> <span class='ocrx_word' id='word_1_235' title='bbox 1197 4590 1593 4690; x_wconf 84' lang='lat' dir='ltr'>civitatem,</span> <span class='ocrx_word' id='word_1_236' title='bbox 1615 4620 1874 4672; x_wconf 90' lang='lat' dir='ltr'>sacras</span> <span class='ocrx_word' id='word_1_237' title='bbox 1897 4595 2126 4672; x_wconf 91' lang='lat' dir='ltr'>aedes</span> <span class='ocrx_word' id='word_1_238' title='bbox 2148 4602 2221 4671; x_wconf 90' lang='lat' dir='ltr'>et</span> <span class='ocrx_word' id='word_1_239' title='bbox 2237 4596 2615 4696; x_wconf 85' lang='lat' dir='ltr'>profanas,</span> <span class='ocrx_word' id='word_1_240' title='bbox 2631 4602 2707 4671; x_wconf 87' lang='lat' dir='ltr'>et</span> <span class='ocrx_word' id='word_1_241' title='bbox 2727 4590 3049 4694; x_wconf 85' lang='lat' dir='ltr'>quicquid</span> 
     </span>
    </p>
   </div>
  </div>
 </body>
</html>
