3293 5219
2387 325 2537 402 19⁷

271 544 391 620 die
416 551 801 621 venturum
816 545 1010 619 ultro
1030 562 1265 640 usque
1288 543 1383 618 ad
1403 540 1691 619 domum
1713 565 1942 618 suam.
1964 543 2169 640 Ergo
2194 541 2405 616 miles
2441 541 2519 614 in

273 671 606 753 ordinem
643 669 1040 766 redigitur;
1082 675 1157 744 et
1177 670 1377 743 acies
1396 667 1916 760 Melitensium,
1960 665 2524 756 Germanorum,

269 807 344 874 et
384 793 796 890 Gallorum,
851 795 925 869 in
946 802 1324 892 quaerant
1380 792 1522 868 duo
1546 792 1779 883 millia
1816 792 2164 891 peditum,
2205 794 2521 872 medium

265 928 514 1000 locum
534 922 870 1014 obtinuit,
892 921 1096 997 acies
1139 919 1636 1019 Hispanorum
1659 921 1879 996 trium
1897 921 2203 995 millium
2231 929 2305 995 ct
2319 923 2529 1018 quin-

274 1058 668 1151 gentorum
697 1048 1036 1125 dextrum
1091 1049 1308 1140 latae,
1366 1046 1721 1122 Italorum
1759 1048 1979 1122 trium
2019 1043 2325 1122 millium
2369 1048 2541 1124 sini-

276 1187 512 1255 strum
532 1175 629 1251 ad
647 1182 934 1273 partem
956 1173 1416 1248 maritimam.
1457 1171 1653 1247 Huic
1675 1174 1861 1247 aciei
1899 1174 2275 1251 cohortem
2313 1199 2536 1250 unam

270 1310 767 1379 trecentorum
806 1299 1311 1397 Hispanorum
1355 1299 2110 1377 extraordinariorum
2170 1301 2537 1399 adjungit,
2621 1284 2630 1294 ⁶

278 1429 841 1529 quadringentis
862 1427 1214 1525 passibus
1257 1428 1351 1501 ab
1375 1427 1533 1501 acie
1558 1427 1973 1520 distantem,
1992 1429 2098 1504 ita
2136 1437 2214 1504 ut
2233 1428 2307 1503 in
2344 1429 2541 1503 fron·

275 1566 424 1633 tem
445 1553 897 1654 praecedere
921 1553 1152 1628 aciem
1169 1553 1569 1629 videretur:
1592 1577 1762 1629 nam
1775 1555 1972 1629 latus
1995 1555 2374 1630 sinistrum
2385 1562 2537 1630 tam

275 1682 467 1759 aciei
480 1704 700 1779 quam
712 1685 1122 1756 castrorum
1133 1703 1338 1755 mare
1353 1680 1539 1755 satis
1554 1678 2019 1776 defendebat3
2033 1681 2339 1756 dextrae
2353 1679 2539 1755 aciei

279 1811 374 1885 ad
393 1809 595 1884 latus
619 1807 955 1882 dextrum
976 1807 1171 1881 intra
1191 1804 1598 1904 palmarum
1628 1808 1937 1883 arbores
1950 1809 2261 1883 alteram
2284 1806 2539 1883 cohor-

275 1945 421 2011 tem
463 1932 969 2033 Hispanorum
1009 1933 1312 2008 totidem
1354 1933 1663 2008 militum
1702 1934 2118 2032 disponunt.
2178 1935 2299 2010 Ita
2337 1935 2540 2009 acies

276 2085 412 2161 per
436 2084 522 2136 se
538 2061 878 2158 integrae
904 2060 1433 2151 consistebant,
1457 2062 1674 2156 etqui
1712 2061 2031 2137 hostium
2054 2060 2522 2137 velitationes

278 2188 729 2287 exciperent,
750 2189 1185 2285 inpromptu
1223 2195 1455 2263 erant.
1496 2186 1667 2265 Hoc
1692 2186 1947 2264 ordine
2004 2211 2243 2286 neque
2282 2190 2377 2262 ab
2420 2211 2535 2264 ca·

277 2314 458 2388 stris
497 2314 756 2411 procul
797 2321 871 2388 et
941 2312 1229 2389 hostem
1264 2313 1573 2411 propius
1594 2313 1955 2388 modicum
1978 2313 2295 2411 spatium
2368 2337 2537 2411 pro-

275 2445 663 2514 cesserunt
682 2437 973 2514 duabus
1018 2438 1107 2512 de
1147 2437 1436 2513 causis:
1474 2443 1556 2512 ut-
1590 2439 1835 2536 puteis
1859 2437 2273 2538 purgandis
2293 2442 2533 2536 major

274 2566 762 2664 praeberetur
801 2563 1307 2657 commoditas,
1348 2572 1570 2661 atque
1590 2564 1918 2664 hospitia
1958 2564 2250 2640 interim
2286 2565 2531 2663 dispo-

278 2698 630 2767 nerentur
658 2700 843 2767 :tum
864 2715 1044 2768 vero
1067 2691 1241 2789 quia
1265 2692 1476 2766 miles
1498 2692 1728 2790 priori
1749 2701 1965 2768 nocte
1986 2700 2207 2789 atque
2227 2700 2382 2769 tota
2421 2691 2537 2768 die

277 2840 522 2914 aquae
561 2816 816 2914 inopia
854 2816 1234 2908 laborans,
1275 2839 1370 2892 ne
1393 2813 1776 2892 ordinibus
1817 2817 2156 2911 desertis,
2179 2840 2369 2914 quae
2392 2812 2530 2893 *res

280 2941 624 3022 hostibus
684 2943 1079 3019 maximam
1138 2945 1603 3020 occasionem
1640 2947 1715 3018 in
1773 2965 1979 3021 suum
2022 2945 2534 3023 detrimentum

277 3069 649 3167 potuisset
682 3071 1073 3168 praebere,
1115 3070 1316 3146 acies
1356 3072 1721 3145 turbaret.

494 3195 738 3270 Mauri
795 3196 983 3272 nihil
1041 3197 1403 3273 hactenus
1447 3196 1748 3272 'hostile
1809 3197 2306 3291 ostenderant,
2367 3197 2540 3295 quia

278 3323 480 3397 acies
525 3322 807 3397 crebris
850 3323 1234 3399 ordinibus
1316 3331 1390 3397 et
1482 3323 1901 3399 militariter
1941 3324 2343 3400 instructas
2385 3346 2539 3399 cer·

278 3450 577 3525 nebant.
620 3444 770 3523 Sed
816 3450 892 3523 in
927 3450 1098 3547 ipsa
1156 3457 1568 3525 castrorum
1627 3449 2030 3525 metatione
2080 3448 2177 3524 ad
2234 3450 2531 3525 diversa

283 3575 531 3649 munia
551 3572 939 3671 dispersas
980 3575 1254 3651 adoriri
1298 3574 1787 3650 crediderant.
1810 3577 2073 3670 Itaque
2097 3596 2256 3649 cum
2280 3575 2376 3649 ad
2398 3598 2547 3650 ma-

283 3722 451 3775 num
471 3700 1268 3790 venissent‚confertos
1305 3700 1561 3776 hostes
1602 3700 2075 3795 invenerunt;
2120 3709 2341 3798 atque
2394 3701 2543 3797 pri-

285 3847 475 3901 mum
487 3826 787 3901 velitari
799 3827 1083 3924 praelio
1098 3835 1480 3915 certatum3
1496 3827 1759 3902 deinde
1781 3826 1996 3902 modo
2009 3827 2084 3902 in
2097 3848 2314 3901 unum
2328 3827 2549 3918 latus,

292 3952 513 4029 modo
536 3952 614 4025 111
635 3952 966 4046 alterum,
990 3953 1202 4029 modo
1224 3954 1298 4028 in
1317 3954 1662 4048 frontem,
1682 3953 1896 4027 modo
1918 3953 1991 4027 in
2030 3962 2248 4050 terga
2267 3977 2550 4051 pugna-

287 4099 366 4150 re
387 4103 403 4172 3
425 4076 779 4173 infugam
821 4078 1158 4154 conversi
1195 4078 1458 4153 iterum
1480 4102 1641 4154 cum
1700 4079 1963 4175 majori
1985 4078 2308 4155 clamore
2328 4087 2550 4175 atque

287 4202 566 4300 impetu
587 4201 867 4297 redire;
908 4212 990 4279 ut
1025 4203 1317 4279 tandem
1360 4204 1583 4278 etiam
1603 4226 1812 4301 prom
1822 4204 1968 4278 otis
1990 4203 2391 4301 aliquantis
2413 4226 2549 4302 per

285 4328 591 4402 aciebus
631 4336 847 4425 terga
890 4328 1092 4424 dare,
1116 4337 1191 4405 et
1211 4348 1625 4426 quanquam
1646 4350 1898 4405 eorum
1922 4328 2213 4425 pedites
2236 4327 2547 4426 pernici-

293 4459 451 4527 tate
473 4472 636 4526 cnm
692 4453 903 4550 equis
946 4461 1335 4545 certarent,
1361 4454 1552 4529 male
1592 4454 1922 4529 mulctati
1943 4454 2285 4549 refugere
2308 4453 2547 4527 coacti

297 4578 469 4669 sint,
509 4585 581 4652 et
616 4575 714 4653 ad
768 4579 1131 4677 praelium
1172 4578 1489 4677 amplius
1526 4601 1675 4653 non
1732 4585 2210 4654 reverterunt.
2255 4575 2406 4652 Sed
2444 4586 2550 4653 ta·
