3293 5219
2417 350 2572 428 357

333 559 562 635 Fileci
604 584 763 637 cum
823 556 1018 633 CCC
1058 558 1430 654 peditibus
1474 582 1663 650 esse,
1725 569 1798 634 et
1836 563 1911 635 in·
1948 562 2091 636 hoc
2127 562 2570 657 incumbere,

327 695 404 761 ut
459 687 631 762 illos
690 688 763 761 in
839 709 1082 760 arcem
1157 685 1571 760 Zadvaram
1632 686 1823 759 clam
1893 687 2326 763 introducat.
2407 692 2569 782 Quo

325 814 596 886 factum
690 822 823 902 est,
882 820 960 887 ut
1007 810 1424 907 Forgacius
1502 814 1779 906 majore
1844 836 2001 887 cum
2060 813 2444 909 diligentia
2501 841 2570 890 0-

325 960 533 1011 mnes
549 938 793 1011 aditus
808 937 1202 1026 obsideret,
1219 938 1681 1032 hostiumque
1704 938 2014 1012 consilia
2036 961 2172 1012 sua
2184 939 2571 1036 vigilantia

316 1071 854 1162 praeverteret.
938 1062 1173 1159 Atque
1267 1064 1384 1135 hic
1440 1064 1657 1136 labor
1751 1064 2051 1137 multum
2110 1064 2215 1138 illi
2260 1066 2355 1137 ad
2410 1089 2563 1138 rem

318 1189 732 1287 gerendam
824 1190 986 1288 opis
1063 1187 1326 1264 attulit.
1423 1187 1717 1262 Accidit
1811 1190 2020 1279 enim,
2097 1197 2176 1265 ut
2211 1198 2365 1264 tres
2442 1214 2565 1264 no-

314 1317 511 1390 biles
552 1314 844 1406 Bebeci‚
895 1338 1078 1412 quos
1116 1338 1251 1410 pro
1311 1315 1737 1390 ductoribus
1776 1315 2064 1389 itineris
2105 1315 2567 1412 adjunxerat,

315 1443 392 1515 in
439 1465 698 1516 manus
758 1443 1298 1539 speculatorum
1359 1442 1716 1532 venirent,
1781 1466 1874 1515 ex
1934 1442 2197 1538 quibus
2236 1441 2566 1517 intellec-

312 1576 468 1643 tum
511 1575 647 1658 est,
687 1568 1054 1644 Bebecum
1131 1569 1502 1665 subsequi.
1543 1569 1819 1643 Verum
1865 1568 2226 1658 Bebecus‚
2285 1590 2443 1641 cum
2478 1568 2566 1640 de

311 1693 754 1792 interceptis
809 1693 1045 1768 tribus
1134 1692 1307 1784 illis,
1399 1701 1546 1768 tum
1608 1694 1827 1768 etiam
1919 1692 2366 1790 Forgacium
2438 1694 2564 1766 tri-

287 1824 458 1896 ·bus
543 1821 957 1916 agminibus
1033 1821 1398 1895 insedisse
1459 1822 1619 1895 vias
1660 1821 2095 1917 accepisset,
2173 1844 2263 1893 ex
2304 1819 2597 1892 itinere·

309 1948 580 2046 pedem
622 1946 952 2021 Filecum
1027 1948 1294 2021 retulit.
1356 1945 1584 2038 Uxor,
1630 1946 1826 2043 quod
1864 1946 2201 2021 maritum
2242 1968 2400 2019 cum
2441 1968 2566 2018 au·

291 2073 521 2170 ,xiliis
561 2073 772 2147 brevi
829 2080 1209 2147 venturum
1246 2073 1578 2169 putabat,
1637 2072 1819 2146 nihil
1862 2072 1951 2145 de
2004 2071 2245 2145 animo
2287 2092 2420 2146 suo
2459 2093 2570 2143 re-

309 2181 543 2291 misit3
614 2223 780 2274 nam
839 2200 934 2272 ad
1008 2197 1297 2272 litteras
1339 2197 1810 2273 deditionem
1886 2197 2286 2291 petentium
2346 2202 2565 2293 atque

309 2326 849 2401 consulentium
889 2324 1290 2421 respondit:
1368 2323 1466 2400 Se
1524 2346 1668 2398 non
1727 2324 1833 2398 ita
1908 2322 2247 2397 muliebri
2324 2322 2564 2395 animo

310 2476 525 2542 esse,
656 2457 734 2524 ut
860 2449 1128 2523 litteris
1239 2451 1778 2545 perterrefacta
1925 2446 2125 2522 illico
2242 2447 2338 2522 ad
2449 2448 2567 2523 de·

310 2577 670 2653 ditionem
710 2575 974 2652 adduci
1012 2581 1289 2673 posset,
1333 2575 1668 2650 Tandem
1746 2573 2157 2668 Forgacius
2196 2598 2331 2673 per
2375 2575 2566 2652 litte-

306 2729 441 2779 ras
503 2702 903 2778 Svendium
945 2704 1177 2793 docet,
1236 2711 1308 2776 et
1368 2709 1630 2805 monet,
1673 2711 1750 2777 ut
1811 2700 2148 2798 quoniam
2189 2700 2285 2774 ad
2342 2726 2566 2802 oppu-

307 2831 741 2929 gnationem
799 2829 1040 2903 omnia
1079 2827 1226 2901 sint
1263 2835 1731 2925 praeparata,
1771 2823 2138 2901 acceleret
2175 2827 2569 2922 profectio·

304 2981 496 3044 nem,
541 2979 632 3028 ne
668 2955 820 3029 ulla
858 2954 1408 3051 intercapedine
1445 2952 1800 3050 temporis
1839 2951 2249 3047 interjecta,
2292 2953 2401 3027 rei
2440 2954 2564 3026 be-

303 3108 399 3157 ne
441 3081 819 3178 gerendae
879 3079 1361 3156 commoditas
1402 3078 1922 3177 praeripiatur.
1975 3074 2343 3151 Svendius
2384 3101 2565 3176 ergo

306 3207 687 3284 Cassovia
727 3230 884 3296 curn
947 3207 1227 3303 reliquo
1287 3206 1614 3280 exercitu
1654 3205 1785 3280 VI.
1830 3204 1944 3276 die
2004 3203 2312 3279 Januar.
2397 3205 2567 3278 anni

304 3332 766 3429 sexagesimi
823 3333 1116 3430 septimi
1175 3355 1401 3431 supra
1440 3331 1905 3407 millesimum
1969 3336 2041 3402 et
2099 3330 2568 3427 quingentesi

301 3485 567 3537 muma
603 3466 821 3557 partu
843 3458 1191 3556 deiparae
1211 3458 1547 3554 Virginis
1586 3456 2002 3533 Zadvaram
2028 3456 2385 3556 pervenit,
2426 3480 2573 3552 quo

302 3594 674 3663 tormenta
748 3586 966 3660 tertio
1005 3592 1176 3682 post
1249 3585 1365 3659 die
1431 3584 1741 3658 advecta
1759 3593 1946 3659 sunt.
1989 3585 2247 3682 Neque
2286 3585 2571 3657 interea

300 3725 575 3797 tamen,
617 3711 783 3786 dum
824 3718 1190 3785 tormenta
1224 3710 1699 3801 adducuntur,
1760 3711 2106 3785 feriatum
2148 3717 2301 3803 cst3
2345 3709 2567 3806 siqui-

299 3843 466 3916 dem
527 3845 924 3936 perspecto
967 3837 1362 3932 diligenter
1402 3837 1598 3910 arcis
1641 3835 1808 3928 situ,
1875 3834 2238 3911 Svendius
2301 3837 2569 3911 vallum

297 3990 437 4067 pro
500 3965 931 4040 evibrandis
968 3964 1352 4040 tormentis
1429 3963 1684 4037 erexit.
1728 3962 1942 4053 Quod
1980 3964 2054 4036 in
2094 3986 2181 4037 eo
2222 3962 2388 4035 loco
2465 3961 2571 4034 iu-

298 4093 488 4168 felix
529 4091 708 4185 fuit3
747 4115 915 4165 nam
954 4073 1079 4163 vix
1120 4092 1348 4165 semel
1387 4098 1514 4164 aut
1577 4090 1841 4165 iterum
1881 4090 2087 4185 globi
2128 4090 2334 4162 missi
2401 4094 2572 4163 sunt

304 4221 383 4294 in
425 4239 700 4309 arcem,
740 4240 900 4292 cum
938 4237 1030 4288 ex
1069 4239 1239 4289 arce
1317 4237 1574 4289 rursus
1636 4214 1910 4290 librato
1962 4216 2162 4290 velut
2203 4214 2298 4286 ad
2337 4234 2577 4287 amus-

303 4345 444 4420 sim
484 4351 869 4435 torment0‚
911 4341 1097 4418 adeo
1140 4364 1636 4418 caesareanos
1697 4342 2107 4427 turbarunt,
2158 4347 2237 4415 ut
2273 4363 2364 4414 ne
2406 4360 2573 4412 con·

302 4468 625 4545 sistendi
683 4467 974 4564 quidem
1018 4468 1233 4565 copia
1327 4467 1436 4540 eis
1478 4467 1794 4542 daretur.
1860 4465 2077 4541 Unde
2135 4464 2572 4564 Rudolphus

303 4597 394 4671 de
481 4591 684 4668 Salis
726 4618 765 4668 e
807 4590 1132 4670 Rhaetia
1190 4595 1616 4690 praefectus
1698 4600 2222 4669 tormentorum
2292 4614 2384 4667 ex
2429 4590 2578 4665 ictu
