3293 5219
787 326 945 403 202

783 569 973 621 mam
1048 564 1471 624 excurrens,
1551 540 1675 637 qui
1746 537 2069 614 natando
2129 544 2546 625 evaserant,
2621 532 3011 630 recolligit.

782 668 1181 747 Generalis
1255 689 1434 744 vero
1471 676 1722 742 vestes
1764 665 1873 740 eis
1951 663 2112 738 dari
2141 662 2390 758 jussit,
2467 684 2555 734 ac
2612 660 2882 757 partim
2952 659 3036 733 li-

779 795 1174 875 beralitate
1247 792 1646 891 geueralis,
1702 791 1974 890 partim
2030 790 2427 864 amicorum
2482 788 2744 861 refecti
2827 798 3012 875 sunt,

779 949 925 1001 non
960 933 1205 1000 tamen
1260 923 1387 1013 ita,
1424 930 1504 997 ut
1540 920 1876 995 timorem
1950 917 2318 1014 deponere
2368 915 2806 1010 potuissent,
2848 936 3017 989 nam

779 1052 832 1125 ii
926 1072 1252 1148 quoque,
1367 1049 1490 1146 qui
1583 1048 1660 1120 in
1745 1054 1947 1120 terra
2040 1048 2293 1129 erant,
2390 1062 2533 1116 uno
2662 1049 3034 1115 momento

776 1185 1029 1252 tantae
1086 1184 1161 1250 et
1194 1182 1349 1250 tam
1385 1172 1841 1248 incredibilis
1900 1171 2009 1244 rei
2066 1168 2573 1265 spectaculum
2630 1166 3030 1247 intuentes,

775 1325 922 1377 non
960 1301 1172 1376 modo
1210 1301 1286 1375 in
1321 1301 1677 1390 timorem,
1720 1298 1855 1371 sed
1913 1294 2278 1393 quendam
2320 1299 2698 1390 stuporem
2741 1292 3027 1366 altissi-

779 1449 972 1502 mum
1010 1426 1214 1502 velut
1287 1424 1930 1520 immergebantur.
1991 1421 2043 1497 J
2049 1420 2377 1496 ohannes
2418 1417 2654 1492 Auria
2694 1420 3031 1494 conside-

778 1574 954 1627 rans
1010 1553 1204 1626 inter
1261 1550 1492 1625 aciem
1547 1548 1866 1622 hostium
1942 1570 2022 1621 se
2092 1568 2252 1621 cum
2310 1566 2447 1619 sua
2485 1543 2787 1619 trireme
2849 1545 3029 1620 effu-

779 1700 960 1773 gere
1017 1699 1162 1753 non
1218 1698 1466 1773 posse,
1527 1673 1921 1750 eratenim
1977 1672 2232 1769 gravis
2291 1677 2364 1745 et
2426 1678 2662 1762 vetus,
2718 1670 3032 1768 impegit

781 1810 1042 1898 sponte
1081 1803 1156 1876 in
1196 1823 1465 1877 arenas
1521 1808 1775 1875 aestus
1814 1798 2014 1873 mille
2053 1818 2324 1896 passus
2385 1796 2479 1869 ab
2574 1795 2916 1889 castello,
2963 1805 3037 1871 et

780 1926 1061 2024 scapha
1115 1927 1189 2001 in
1245 1934 1521 2000 terram
1613 1924 1853 1998 venit:
1915 1942 2130 2020 quem
2189 1920 2553 1997 officiales
2610 1944 2698 1995 ac
2755 1920 3032 1996 milites

779 2052 1209 2148 conspicati,
1268 2051 1638 2125 triremem
1696 2072 2006 2124 vacuam
2062 2048 2468 2144 remigibus
2545 2046 3029 2143 reliquerunt.

778 2177 1061 2252 Eodem
1136 2200 1349 2252 mane
1407 2184 1577 2252 sunt
1614 2198 1879 2250 novem
1938 2182 2011 2249 et
2049 2174 2301 2248 decem
2356 2172 2699 2247 triremes
2741 2180 3033 2270 captae,

776 2310 1060 2401 septem
1134 2324 1324 2398 quae
1364 2301 1679 2376 canalim
1720 2307 2123 2389 tenuerant,
2166 2298 2262 2372 ad
2284 2298 2673 2372 castellum
2728 2299 3036 2395 appule-

780 2435 966 2519 runt,
994 2427 1325 2523 reliquae
1359 2423 1664 2501 Antonii
1691 2424 2103 2499 Maldouati
2125 2423 2530 2498 triremium
2541 2422 3033 2497 melitensium

782 2553 987 2629 ducis
1044 2552 1404 2649 singulari
1449 2550 1874 2628 fortitudine
1931 2551 2007 2625 in
2044 2557 2274 2627 tutum
2313 2557 2730 2625 evaserunt.
2772 2548 3036 2625 Trier-

782 2679 1007 2756 archo
1049 2678 1237 2753 enim
1256 2700 1483 2775 posse
1521 2700 1605 2753 se
1643 2700 1777 2776 per
1799 2677 2131 2752 canalem
2204 2676 2299 2749 ad
2340 2674 2726 2752 castellum
2766 2698 3035 2751 navem

782 2802 1088 2898 adigere
1107 2802 1468 2894 svadenti,
1510 2802 1777 2894 Nolim,
1814 2801 2051 2897 inquit
2069 2800 2548 2892 trierarchae,
2571 2800 2795 2875 etiam
2836 2801 3036 2874 vive-

776 2952 860 3003 re
900 2929 1180 3004 amissa
1216 2951 1445 3003 nave:
1489 2952 1578 3001 ac
1619 2929 1836 3004 simul
1874 2926 2049 3001 vela
2092 2927 2464 3025 expandit,
2505 2948 2748 3001 remos
2797 2927 3035 3002 inten-

781 3055 957 3130 dere
988 3056 1233 3150 Jussit‚
1264 3062 1337 3129 et
1376 3055 1471 3130 ad
1509 3053 1861 3130 vexillum
1901 3075 2324 3144 conversus,
2402 3052 2530 3127 Dii
2566 3051 3037 3150 prohibeant,
3144 3061 3163 3074 ““

777 3181 1032 3279 inquit,
1110 3188 1189 3256 ut
1229 3204 1549 3278 unquam
1587 3202 1750 3255 meo
1828 3188 2160 3276 tempore
2220 3178 2409 3254 haec
2447 3178 2661 3254 navis
2703 3187 3039 3276 potesta-

778 3308 837 3382 ti
874 3307 1198 3384 hostium
1254 3308 1728 3404 subjiciatur5
1787 3315 1914 3381 aut
1951 3313 2151 3380 certe
2209 3306 2275 3378 si
2330 3326 2642 3380 necesse
2682 3304 2815 3395 sit,
2855 3327 3031 3378 ven-

783 3437 951 3518 dam
1023 3435 1379 3510 immenso
1462 3433 1701 3531 pretio
1762 3432 1858 3506 ad
1934 3439 2312 3506 aeternam
2369 3431 2511 3506 mei
2585 3431 3036 3506 memoriam.

782 3559 1203 3636 Nonnullae
1259 3554 1667 3652 navigandi
1708 3577 2063 3630 summam
2138 3553 2630 3629 melitensium
2688 3553 3037 3650 peritiam

776 3707 912 3782 pro
990 3689 1364 3779 comperto
1440 3682 1826 3770 habentes,
1921 3678 2427 3755 Maldouatum
2521 3686 2828 3754 secutae
2888 3702 3036 3754 om-

776 3831 912 3884 nes
949 3808 1026 3881 in
1101 3806 1715 3881 christianitatem
1756 3807 2016 3880 salvae
2074 3828 2155 3880 se
2195 3813 2656 3902 receperunt.
2699 3801 3037 3881 Genera-

778 3934 876 4010 lis
914 3941 996 4009 ut
1033 3932 1217 4007 vidit
1268 3931 1710 4007 horrendum
1772 3933 2296 4027 spectaculum,
2346 3932 2562 4026 J‘ubet
2599 3929 2696 4004 ad
2734 3932 3039 4029 propin-

785 4081 972 4156 quas
1065 4056 1384 4134 hostiles
1477 4058 1821 4133 triremes
1918 4058 2372 4132 colubrinam
2443 4080 2665 4133 unam
2758 4057 3037 4148 emitti3

785 4183 921 4258 illa
960 4190 1205 4257 autem
1246 4184 1460 4258 simul
1538 4190 1759 4280 atque
1819 4183 2152 4281 displosa
2208 4189 2345 4273 est,
2383 4183 2756 4257 frustatim
2799 4181 3037 4258 disru-

775 4316 909 4406 pta
948 4308 1200 4383 decem
1274 4309 1478 4383 viros
1514 4308 1829 4400 necavit,
1869 4308 2061 4382 inter
2110 4331 2297 4404 quos
2337 4330 2497 4382 cum
2532 4308 2700 4403 ipse
2738 4328 3035 4404 quoque

772 4454 960 4507 unus
982 4432 1338 4525 affuisset,
1355 4442 1428 4508 et
1439 4439 1595 4508 tres
1621 4456 1715 4508 ex
1735 4432 2226 4508 familiaribus
2247 4432 2427 4507 tacti
2443 4429 2898 4526 extinctique
2922 4454 3034 4505 es·

780 4564 965 4650 sent,
1040 4556 1379 4633 immunis
1456 4582 1501 4633 a
1568 4558 1901 4655 periculo
1979 4558 2236 4633 evasit.
2311 4558 2430 4631 De
2504 4556 3034 4652 praesentibus
