3293 5219
814 264 970 346 352

720 574 725 579 ,
813 487 920 561 ris
958 494 1091 577 est,
1133 487 1280 559 sita
1327 485 1421 559 ad
1477 485 1897 559 Danubium
1953 486 2142 560 inter
2233 485 2631 561 Posonium
2690 497 2763 563 et
2817 490 3046 565 Jauri·

813 636 1001 704 num,
1041 613 1227 710 ipsis
1267 612 1788 705 dividerentur3
1808 613 2141 688 facturas
2179 637 2261 687 sc
2300 613 2405 686 ibi
2443 638 2640 689 nova
2674 615 3047 691 domicilia.

816 741 1099 814 Tamen
1123 739 1529 814 miserabili
1550 739 1621 812 in
1643 747 2017 836 posterum
2059 742 2416 838 exempIO,
2464 742 2672 815 nulla
2711 744 3045 835 re5nulla-

815 889 954 964 que
996 889 1135 964 ope
1173 868 1611 941 sublevatae
1648 875 1835 941 sunt.
1896 869 2152 959 Erant,
2196 891 2384 963 quae
2426 892 2797 965 expensas
2837 872 3042 944 etiam

813 995 906 1068 ab
947 996 1115 1069 aliis
1174 995 1588 1070 mendicare
1643 1004 2103 1091 cogerentur,
2163 999 2496 1092 quamvis
2592 1005 2665 1071 et
2719 998 2943 1095 ipsae,
2980 1010 3047 1073 et

815 1144 1063 1197 earum
1186 1125 1507 1218 majores
1632 1123 1892 1196 felices
2012 1122 2410 1219 aliquando
2522 1116 2872 1217 fuissent,
2978 1135 3046 1200 et

810 1249 1051 1323 mariti
1072 1248 1510 1323 nobilissimi
1532 1248 2296 1345 praestantissimique
2354 1249 2623 1324 milites
2684 1252 3043 1326 occubuis-

810 1383 994 1467 sent,
1050 1400 1196 1451 non
1269 1400 1402 1473 pro
1479 1399 1727 1450 eorum
1801 1384 2081 1450 tantum
2152 1376 2418 1474 patria,
2475 1377 2607 1451 sed
2646 1378 2865 1451 etiam
2915 1402 3041 1475 pro

815 1501 1121 1576 Austria
1178 1513 1251 1578 et
1290 1500 1718 1577 Germania.
1760 1499 2135 1596 Georgius
2192 1501 2443 1598 Zriny,
2494 1503 2690 1577 filius
2748 1504 3042 1581 Nicolai,

810 1625 1321 1703 testamentum
1398 1630 1633 1728 patris
1674 1652 1831 1702 cum
1890 1628 2305 1704 confirmari
2359 1629 2790 1727 postularet,
2848 1640 3041 1729 pater

812 1779 1098 1851 quoque
1155 1754 1229 1827 in
1289 1762 1731 1829 testamento
1791 1745 2199 1829 caesarem
2230 1756 2498 1830 obnixe
2571 1765 2876 1853 peteret,
2913 1778 3039 1852 quo

812 1889 1258 1956 contractum
1334 1883 1799 1956 confirmaret
1889 1882 2079 1956 inter
2119 1906 2201 1956 se
2253 1891 2326 1956 et
2381 1883 2822 1957 avunculum
2895 1881 3036 1957 Ste-

811 2006 1129 2107 phanum
1169 2010 1259 2083 de
1299 2010 1919 2108 Frangepanibus
1982 2008 2326 2104 Segniae,
2368 2009 2704 2105 Vegliae‚
2766 2011 3036 2084 Modru-

812 2136 1116 2231 siaeque
1139 2136 1494 2227 comitem,
1522 2135 1643 2232 qui
1665 2137 1889 2210 orbus
1912 2136 2169 2211 liberis
2210 2146 2389 2225 erat,
2440 2146 2518 2210 ut
2554 2135 2893 2210 nimirum
2927 2138 3034 2209 bo-

812 2287 907 2337 na
943 2264 1161 2356 illius,
1189 2288 1378 2360 quae
1417 2264 1492 2337 in
1532 2262 1837 2339 Oroatia
1857 2289 2002 2341 non
2044 2265 2291 2360 magni
2335 2264 2680 2339 momenti
2717 2285 3035 2361 superes-

813 2400 995 2483 sent,
1038 2413 1124 2495 eo
1184 2392 1581 2466 decedente
1638 2392 1710 2465 in
1750 2393 2028 2466 liberos
2088 2415 2263 2466 suos
2324 2389 2912 2480 devolverentur,
2945 2389 3031 2462 ni·

813 2518 919 2590 hil
957 2518 1129 2614 egit.
1171 2520 1417 2593 Tanta
1452 2519 1589 2593 fuit
1628 2519 1702 2592 in
1742 2543 1904 2592 eum
1928 2518 2171 2591 vivum
2210 2517 2324 2591 ira
2365 2527 2587 2614 atque
2610 2517 2802 2605 odio,
2843 2525 3027 2590 utne

812 2653 1094 2720 mortuo
1137 2645 1447 2741 quidem,
1473 2670 1907 2743 quamquam
1966 2646 2292 2741 egregie,
2364 2653 2437 2719 et
2493 2668 2778 2720 summa
2832 2641 3024 2717 laude

816 2769 1059 2866 dignO,
1118 2773 1635 2848 reconciliatus
1679 2773 2069 2848 videretur.

1752 3074 2068 3082 .-———————
