3293 5219
2336 316 2435 395 61

224 558 347 636 qua
381 540 611 631 porta,
651 552 793 628 quo
832 527 982 604 loci
1017 536 1236 626 porta
1311 529 1482 603 olim
1520 528 1784 620 fuerat,
1825 532 2436 627 cognominatum.

225 662 454 759 Neque
488 658 728 736 nostri
767 656 1095 747 deerant,
1172 678 1358 751 quas
1416 655 1737 731 interdiu
1775 658 1982 753 globi
2022 661 2272 736 ruinas
2314 685 2430 738 se-

226 808 363 863 cum
412 785 816 879 traherent,
890 789 1248 859 nocturno
1306 805 1531 880 opere
1605 790 2056 859 restaurare.
2169 786 2259 862 Id
2331 787 2437 860 ita

224 915 439 992 flebat.
494 913 747 1009 Tigna
801 933 891 985 ac
927 910 1200 985 robora
1257 906 1699 1004 defigebant,
1754 911 2107 985 texebant
2160 912 2439 1010 virgul-

225 1044 325 1131 tis,
360 1040 567 1115 simul
622 1044 903 1113 terram
941 1036 1430 1132 aggerabant,
1486 1043 1565 1110 ut
1620 1034 1805 1109 valli
1841 1037 2309 1112 munitissimi
2367 1047 2441 1114 et

228 1168 515 1268 speciem
608 1173 683 1239 et
741 1162 1076 1237 effectum
1148 1167 1591 1260 praestaret.
1687 1161 2081 1237 Tredecim
2137 1164 2438 1259 dierum,

230 1304 582 1393 postquam
625 1289 993 1365 Amhatus
1052 1288 1374 1380 advenit,
1434 1289 1577 1362 hae
1632 1289 1876 1365 minae
1934 1299 2155 1388 atque
2211 1316 2443 1393 opera

229 1421 534 1497 continuo
570 1417 854 1508 labore,
876 1415 1409 1511 multorumque
1431 1413 1525 1487 ab
1556 1421 1869 1513 utraque
1906 1426 2121 1515 parte
2157 1421 2442 1517 pericu-

229 1547 308 1621 lis
342 1545 833 1621 constiterunt.
912 1539 1065 1615 Sub
1125 1540 1393 1637 quibus
1468 1541 1732 1615 nuncio
1790 1541 2030 1617 hostis
2092 1544 2440 1640 admisse,

227 1672 486 1750 litterae
540 1693 688 1745 non
744 1676 915 1742 sunt
950 1675 1322 1765 receptae,
1382 1665 1516 1741 sed
1573 1666 1866 1744 admoto
1905 1669 2094 1764 foco,
2134 1671 2433 1748 litteris-

228 1802 444 1898 quein
477 1801 725 1896 ignem
781 1798 1155 1894 projectis,
1190 1795 1557 1870 hominem
1596 1798 1799 1871 velut
1852 1798 1929 1871 in
2002 1800 2433 1876 solennibus

231 1925 576 2002 sacrificiis
599 1924 977 2024 expiatum
998 1931 1072 1996 et
1091 1922 1659 2018 suffumigatum,
1678 1921 1755 1996 in
1773 1923 2077 2015 fossam,
2094 1947 2230 2023 per
2250 1926 2436 2001 ludi-

235 2053 438 2129 brium
459 2061 528 2127 et
549 2051 819 2150 pedica
841 2057 1224 2124 oneratum
1263 2048 1358 2122 ad
1377 2048 1558 2122 vilia
1577 2048 1988 2124 ministeria
2028 2050 2432 2127 detrusere.

236 2176 487 2270 Quibus
508 2178 744 2253 ruinis
781 2184 1075 2274 captam
1095 2197 1342 2250 arcem
1381 2173 1852 2250 crediderant
1874 2176 2193 2271 Turcae,
2232 2185 2443 2252 tanta
2544 2223 2548 2227 -

241 2305 298 2377 vi
327 2312 672 2403 tantoque
710 2305 984 2402 impetu
1024 2303 1117 2377 ad
1156 2326 1482 2401 pugnam
1522 2301 1839 2377 subiere.
1918 2302 2257 2400 Namque
2296 2328 2442 2380 non

236 2431 714 2507 tumultuariae
769 2452 1064 2528 pugnae
1118 2450 1415 2524 genere,
1473 2425 1733 2522 quales
1763 2427 1840 2500 in
1879 2429 2442 2525 oppugnationi-

238 2557 349 2632 bus
418 2557 695 2632 arcium
786 2554 1223 2651 urbiumque
1300 2552 1737 2629 excursione
1814 2553 2122 2630 alterius
2200 2556 2436 2655 partis

243 2685 376 2758 fieri
410 2685 671 2772 solent,
716 2682 847 2757 sed
879 2685 1088 2779 Justa
1124 2680 1283 2756 acie
1322 2686 1674 2777 tanquam
1711 2703 1850 2778 per
1869 2689 2213 2780 patentes
2256 2706 2448 2760 cam-

237 2833 350 2907 pos
385 2811 477 2886 ad
512 2834 838 2911 pugnam
876 2825 1308 2908 procursum
1348 2801 1502 2882 est(
1525 2807 1773 2884 Unum
1795 2817 1871 2883 et
1891 2808 2266 2906 octoginta
2305 2811 2455 2911 sig-

245 2962 322 3013 na
353 2938 697 3014 militaria
756 2943 1142 3012 numerata
1182 2941 1368 3025 sunt,
1430 2933 1648 3009 simul
1686 2936 1931 3012 tribus
1963 2937 2040 3011 in
2078 2939 2285 3032 locis,
2356 2940 2450 3015 ab

237 3066 472 3162 quibus
510 3071 942 3165 oppugnata
983 3084 1119 3138 arx
1157 3069 1274 3137 est
1311 3090 1327 3134 :
1387 3061 1484 3137 ad
1545 3071 1830 3139 centum
1892 3065 2079 3139 enim
2138 3076 2212 3141 et
2250 3073 2448 3142 octo-

237 3190 415 3285 ginta
465 3192 700 3268 millia
755 3190 1147 3283 hominum,
1187 3189 1599 3285 conjunctis
1660 3189 1944 3266 duobus
2010 3191 2459 3269 exercitibus

239 3313 499 3392 Turcas
573 3317 931 3392 babuisse
969 3316 1045 3390 in
1084 3314 1310 3389 armis
1369 3315 1711 3390 creditur.
1785 3316 2109 3393 Vixdum
2187 3324 2452 3416 coepta

237 3440 370 3519 luce
407 3444 623 3520 tertio
664 3441 1040 3518 Calendas
1083 3440 1391 3518 Octobr.
1451 3441 1872 3518 inchoatum
1927 3442 2288 3539 praelium
2342 3443 2449 3516 in-

234 3570 408 3663 genti
441 3570 783 3667 utrinque
824 3568 1145 3644 clamore
1183 3592 1273 3643 ac
1311 3567 1559 3642 caede.
1601 3568 2050 3643 Mechcaeus
2088 3590 2178 3641 ac
2215 3566 2433 3644 Dobo

233 3695 417 3770 modo
451 3696 708 3795 pedes,
747 3694 960 3770 modo
1001 3716 1230 3791 eques
1282 3695 1751 3771 circumvecti
1807 3695 2231 3770 hortatores
2272 3694 2446 3771 ade-

235 3829 390 3894 raut
425 3821 566 3896 Ille
606 3844 701 3895 ex
742 3819 1212 3895 subsidiariis
1270 3820 1735 3916 stationibus,
1793 3821 1919 3896 ubi
1956 3823 2125 3920 plus
2165 3820 2447 3897 laboris

237 3953 293 4016 et
323 3943 619 4042 periculi
673 3946 1086 4038 videbatur,
1125 3947 1496 4044 extemplo
1553 3947 1831 4021 auxilia
1887 3945 2275 4040 adducere,
2327 3945 2448 4021 hic

235 4077 580 4164 tormenta,
603 4096 856 4170 opera,
887 4072 1039 4147 tela
1060 4096 1322 4148 curare
1347 4073 2077 4171 subministrareque.
2101 4071 2435 4172 Cumque

237 4192 337 4270 diu
372 4221 602 4295 aequo
641 4207 880 4272 marte
934 4207 1345 4296 pugnatum
1380 4209 1601 4291 esset,
1662 4209 1836 4297 post
1891 4198 2158 4275 multas
2211 4200 2443 4276 horas

239 4322 316 4393 ad
379 4326 720 4421 antiquae
756 4331 1021 4422 portae
1075 4327 1710 4424 propugnaculum
1767 4326 1841 4400 in
1896 4326 2155 4402 turrim
2208 4327 2442 4425 ipsius

245 4457 490 4541 portae,
545 4451 741 4525 intra
813 4449 993 4525 illud
1066 4452 1432 4527 conditam
1491 4460 1565 4527 et
1621 4458 2036 4527 exstantem
2078 4450 2447 4551 janiczari

243 4591 477 4667 magno
514 4576 679 4650 nisu
729 4597 1082 4669 evasere3
1120 4576 1311 4652 unde
1369 4577 1557 4674 ipsis
1615 4578 1999 4654 moenibus
2053 4578 2272 4671 tecti,
2328 4599 2445 4653 se·
