3293 5219
2462 337 2615 422 387

351 549 625 631 diutius
645 554 1020 656 principes
1043 555 1204 646 viri,
1227 554 1667 631 denunciata
1706 582 1786 633 re
1825 560 2124 655 saepius
2160 562 2317 656 regi
2344 562 2618 660 Hispa·

348 682 657 756 niarum.
713 681 1036 757 Tantum
1096 682 1286 757 enim
1339 684 1414 756 in
1476 685 1734 758 ambos
1794 693 1955 759 erat
2012 686 2272 779 odium,
2320 696 2401 763 ut
2458 713 2619 764 cum

352 809 717 904 quendam
801 807 1208 905 supplicem
1266 808 1599 885 libellum
1656 809 2160 905 gubernatrici
2236 813 2623 910 porrigen-

353 942 499 1009 tem
542 941 617 1008 et
655 933 935 1030 alloqui
991 932 1358 1009 volentem
1419 935 1585 1033 ipsa
1642 935 2106 1033 praeteriret,
2164 938 2624 1036 interrogas-

355 1065 619 1157 setque
659 1060 755 1134 ab
782 1059 1158 1135 cardinale
1182 1061 1346 1157 quis
1384 1061 1513 1135 ille
1552 1061 1802 1137 esset?
1842 1069 1914 1136 et
1953 1064 2484 1159 respondisset,
2510 1086 2622 1138 es-

358 1207 444 1259 se
483 1184 893 1278 gheusium,
954 1184 1145 1282 quod
1186 1185 1560 1281 significat
1595 1209 2020 1283 pauperem,
2064 1197 2362 1285 arrepto
2403 1211 2618 1264 voca-

357 1310 530 1386 bulo
572 1309 669 1383 ad
707 1309 1108 1384 novitatem
1148 1310 1252 1384 rei
1296 1333 1552 1385 omnes
1589 1332 1831 1385 novae
1870 1310 2257 1405 religionis
2289 1312 2624 1389 homines

362 1436 708 1533 deinceps
750 1433 1064 1510 Gbeusii
1105 1445 1566 1529 vocarentur,
1628 1436 2234 1532 quemadmodum
2273 1440 2348 1511 in
2392 1439 2627 1513 Fran·

361 1563 478 1636 cia
551 1560 985 1658 Hugonotti.
1028 1561 1510 1658 Tandemque
1552 1563 1695 1636 sibi
1737 1569 2067 1637 metuens
2109 1566 2349 1638 aulam
2408 1562 2625 1640 relin-

365 1710 591 1786 quere
667 1694 740 1762 et
816 1687 888 1761 in
966 1709 1102 1761 sua
1164 1681 1534 1787 recedere
1593 1686 1692 1761 sit
1741 1694 2074 1777 coactUS,
2154 1688 2338 1763 iram
2380 1696 2624 1764 tamen

360 1813 565 1910 regis
604 1813 676 1887 in
720 1813 877 1888 dies
918 1836 1184 1888 acuere
1225 1836 1368 1887 non
1427 1814 1796 1889 cessabat.
1858 1812 2149 1889 Accidit
2190 1838 2500 1913 quoque,
2542 1824 2622 1890 ut

362 1939 821 2037 Antverpiae
841 1940 916 2013 in
936 1939 1283 2038 primario
1323 1941 1622 2037 templo,
1655 1940 1851 2037 quod
1873 1962 2009 2015 nos
2050 1925 2291 2038 longe*
2311 1942 2626 2016 ornatis-

364 2066 626 2141 simum
666 2074 741 2141 et
792 2067 1353 2157 nobilissimum,
1411 2067 1474 2140 si
1535 2090 1855 2164 unquam
1913 2067 2135 2160 aliud,
2177 2068 2511 2160 vidimus,
2553 2077 2628 2143 et

367 2192 743 2289 plerisque
801 2193 1095 2290 oppidis
1170 2217 1259 2267 ac
1335 2192 1758 2268 civitatibus
1838 2191 2205 2286 imagines
2285 2195 2624 2269 detrahe·

365 2326 636 2393 rentur.
715 2318 955 2413 Igitur
993 2317 1384 2417 Philippus
1423 2340 1557 2392 rex
1615 2316 2152 2413 Hispaniarum
2221 2343 2373 2393 rem
2407 2321 2630 2393 armis

365 2443 889 2542 perficiendam
966 2467 1134 2518 esse
1172 2452 1400 2536 ratus,
1443 2445 1699 2518 ducem
1756 2442 2128 2517 Albanum
2187 2447 2630 2544 conscriptis

367 2567 723 2644 militibus
762 2569 833 2643 in
873 2569 1257 2667 Belgicum
1311 2571 1637 2667 ablegat.
1683 2568 1847 2663 Qui,
1887 2569 2014 2643 ubi
2050 2569 2123 2644 in
2165 2571 2458 2647 Italiam
2498 2596 2626 2670 ap-

368 2695 576 2794 pulit,
618 2695 949 2770 deductis
1008 2721 1100 2770 ex
1158 2694 1411 2771 Sicilia
1460 2705 1533 2772 et
1589 2697 1758 2771 aliis
1814 2695 2000 2769 locis
2058 2698 2434 2770 veteranis
2476 2699 2627 2772 VII

370 2808 634 2896 millia.x
659 2820 1162 2919 Hispanorum
1202 2821 1536 2913 confecit,
1576 2846 1667 2897 ac
1722 2845 1857 2919 per
1896 2822 2332 2914 Insubriam,
2375 2820 2635 2899 Griso-

370 2972 504 3024 nes
565 2954 639 3023 et
696 2946 1122 3022 Helvetiam
1180 2947 1429 3022 adulto
1490 2955 1834 3021 autumno
1893 2946 2036 3020 iter
2092 2946 2423 3022 instituit.
2486 2946 2637 3024 Sed

376 3072 742 3149 Grisones
783 3079 857 3147 et
892 3072 1219 3147 Helvetii
1257 3071 1674 3169 impedituri
1710 3072 1901 3145 viam
1942 3072 2401 3147 videbantur.
2442 3076 2638 3148 Nam

376 3199 556 3280 Pius
571 3200 659 3273 V.
675 3197 1005 3294 pontifex
1026 3198 1408 3290 maximus,
1426 3198 1548 3293 qui
1572 3197 1695 3271 diu
1715 3194 1986 3271 bellum
2010 3198 2369 3273 adversus
2394 3207 2634 3297 prote-

383 3332 699 3409 stantes,
723 3331 804 3398 ut
825 3333 1115 3416 vocant,
1137 3323 1655 3411 meditabatur,
1676 3322 2094 3419 Philippum
2119 3347 2207 3397 ac
2228 3321 2643 3398 Sabaudiae

378 3451 632 3525 ducem
670 3448 1078 3548 praecipue
1134 3447 1230 3521 ad
1269 3447 1542 3522 bellum
1598 3447 2073 3543 impellebat,
2131 3455 2212 3521 ut
2252 3446 2637 3522 Genevam

377 3577 748 3653 civitatem
786 3576 1323 3653 nobilissimam
1378 3576 1454 3649 in
1494 3575 1868 3666 Helvetia,
1906 3574 2030 3649 ubi
2061 3596 2299 3648 novae
2337 3574 2640 3671 religio-

375 3705 491 3780 nis
529 3701 789 3778 scbola
828 3703 1100 3786 existit,
1139 3702 1541 3800 praecipua
1580 3700 1966 3776 obsidione
2004 3709 2443 3798 premerent,
2473 3723 2639 3799 pro-

377 3832 676 3906 mittens
734 3829 842 3905 eis
896 3828 1175 3905 auxilia
1232 3829 1606 3925 ingentia-3
1662 3828 1884 3925 idque
1943 3824 2289 3902 Sabaudo
2328 3850 2633 3925 persva-

380 3956 606 4032 debat
643 3980 734 4030 ea
773 3956 994 4031 etiam
1032 3955 1340 4045 ratione,
1380 3962 1461 4029 ut
1500 3953 1926 4050 opulentam
1967 3952 2339 4027 civitatem
2371 3961 2443 4026 et
2481 3952 2641 4025 fini-

382 4083 635 4157 timam
694 4105 928 4179 eoque
987 4082 1134 4155 sibi
1192 4080 1862 4156 commodissimam
1919 4079 1994 4152 in
2054 4101 2258 4153 suam
2300 4079 2642 4153 ditionem

380 4207 760 4306 adJiceret.
802 4206 950 4282 Sed
971 4205 1302 4281 Helvetii
1339 4205 1633 4280 minime
1677 4203 2204 4300 negligendam
2246 4203 2387 4276 sibi
2426 4203 2645 4297 hujus

377 4334 490 4410 rei
543 4334 816 4408 famam
878 4333 1314 4428 cogitantes,
1371 4339 1522 4406 tum
1581 4330 1802 4405 etiam
1857 4329 2052 4424 quod
2094 4327 2466 4402 Albanum
2504 4351 2640 4426 pa-

379 4468 619 4536 ratum
673 4459 954 4535 habere
992 4457 1296 4534 militem
1336 4458 1631 4546 scirent,
1693 4455 2068 4530 civitatem
2106 4452 2480 4552 praesidio
2520 4450 2640 4526 fir·-

379 4593 603 4679 mant,
639 4586 787 4684 ipsi
824 4608 1002 4661 vero
1043 4585 1186 4659 XL
1207 4584 1436 4659 millia
1497 4591 1571 4659 et
1608 4582 1945 4680 amplius,
1986 4582 2053 4656 si
2090 4602 2274 4679 opus
2312 4580 2529 4668 foret,
2567 4579 2644 4653 in

2182 4702 2326 4782 25*
