3293 5219
2353 310 2576 374 LXIX

318 502 608 556 suorum
667 480 1268 560 charissimorum
1346 483 1703 582 recipiat,
1763 484 1983 559 etiam
2060 495 2282 585 atque
2356 490 2577 565 etiam

316 628 522 703 rogo.
581 606 798 700 Quod
839 607 1015 684 mihi
1053 618 1181 686 tua
1219 609 1587 686 Maiestas
1634 610 2003 708 imposuit,
2041 621 2124 688 ut
2159 613 2576 692 hominibus

313 731 459 806 tuis
498 733 646 809 huc
681 735 1057 829 profectis,
1097 743 1173 811 et
1205 734 1621 832 Ragusium
1683 735 2239 831 divertentibus,
2279 741 2574 837 quibus-

313 880 624 955 cumque
660 862 943 958 possim
982 863 1206 937 rebus
1263 861 1834 954 accommodem,
1869 870 1951 938 ut
1987 862 2173 939 talia
2210 887 2460 961 onera,
2500 876 2574 942 et

309 991 456 1056 tam
496 983 818 1060 iucunda
854 984 1032 1060 mihi
1072 1007 1365 1084 semper
1392 984 1745 1085 imponat,
1776 1008 1932 1063 oro.
1977 985 2251 1063 Omnia
2279 989 2570 1087 quidem

310 1116 535 1202 certe,
576 1131 766 1207 quae
823 1111 899 1186 in
955 1110 1103 1187 tuis
1160 1112 1387 1188 rebus
1448 1134 1692 1207 agam,
1751 1133 1898 1188 non
1958 1114 2339 1191 laboriosa
2377 1116 2572 1208 mihi,

313 1234 446 1309 sed
485 1235 687 1311 iusta
726 1236 1189 1313 videbuntur.
1248 1234 1747 1328 Quamobrem
1807 1238 2241 1315 celebritate
2298 1241 2569 1316 officio·

310 1385 489 1456 rum,
534 1363 777 1439 studio
833 1373 910 1440 et
966 1362 1355 1461 diligentia
1392 1363 1708 1440 efficiam
1755 1365 2111 1463 profecto,
2149 1373 2231 1442 ut
2263 1367 2571 1465 Hunga-

308 1487 431 1580 ris,
468 1508 665 1585 quos
723 1511 884 1565 meo
939 1488 1234 1565 nomine
1289 1510 1582 1586 semper
1640 1489 1871 1565 dilexi
1914 1489 2326 1589 plurimum,
2366 1499 2570 1567 etex

309 1615 454 1690 tuis
515 1614 1011 1692 familiaribus
1067 1615 1491 1714 praecipue,
1534 1615 1806 1712 quibus
1861 1625 2168 1716 propter
2209 1615 2565 1693 Maiesta-

308 1750 450 1817 tem
507 1749 714 1819 tuam
771 1741 1189 1819 arctissimo
1247 1741 1523 1819 amoris
1582 1744 1873 1820 viuculo
1931 1744 2334 1820 obstrictus
2388 1766 2567 1834 sum,

306 1875 524 1966 atque
583 1868 992 1962 devinctus,
1027 1891 1164 1968 pro
1224 1891 1437 1946 meae
1473 1871 1819 1947 fortunae
1875 1868 2234 1947 facultate
2271 1870 2568 1946 satisfa-

305 1994 514 2086 ciam,
554 1994 1036 2094 praecipuam
1093 1996 1414 2093 gratiam
1469 1996 1895 2073 Maiestatis
1950 2005 2121 2074 tuae
2179 2019 2570 2094 quaerens,

305 2130 522 2219 atque
581 2131 1073 2221 exspectans,
1132 2146 1347 2221 quam
1406 2124 1483 2199 in
1540 2132 1977 2223 perpetuum
2048 2123 2564 2198 felicissimam

306 2245 535 2345 cupio.
601 2246 779 2322 Dat.
836 2245 1157 2343 Ragusii
1197 2245 1293 2324 V.
1332 2248 1513 2324 Kal.
1572 2248 1793 2323 Mart.
1833 2245 1926 2322 A.
1970 2245 2121 2323 Sal.
2161 2247 2564 2322 MDLXX.

1373 2746 1508 2826 IV.

309 2926 407 3001 ΙΙ.
447 2927 516 3003 J
511 2931 702 3000 cinos
753 2925 1062 3019 oli-lavde,
1099 2925 1409 3026 melyben
1445 2925 1772 3028 Forycich
1826 2925 2191 3002 Ferenczet
2245 2925 2565 3000 kolosmo-

307 3054 576 3127 nostori
638 3050 1092 3126 birtokaiban
1143 3051 1673 3152 hciboryattatni
1717 3049 1924 3149 tiltja.
1966 3054 2066 3124 15
2079 3051 2192 3123 70.
2230 3049 2398 3148 mdj.
2440 3053 2562 3122 22.

518 3250 577 3328 J
582 3268 863 3327 oannes
893 3245 1279 3329 Secundus
1298 3247 1445 3325 Dei
1467 3245 1744 3325 Gratia
1766 3248 2075 3325 Electus
2105 3246 2567 3347 Hungariae,

304 3375 759 3467 Dalmatiae,
797 3372 1150 3452 Oroatiae
1187 3374 1376 3450 Rex.
1437 3373 1830 3453 Fidelibus
1869 3375 2148 3450 uostris
2186 3373 2564 3473 Egregiis,

307 3506 557 3605 utique
578 3503 980 3581 Nobilibus
1002 3501 1597 3600 Arendatoribus
1639 3502 2081 3578 decimarum
2123 3507 2564 3590 nostrarum,

307 3631 684 3709 modernis
740 3639 963 3730 atque
1017 3629 1286 3707 futuris
1338 3653 1474 3729 pro
1534 3639 1863 3727 tempore
1925 3626 2385 3719 constitutis,
2446 3625 2565 3699 vel

309 3755 874 3849 constituendis,
916 3757 1303 3851 signanter
1340 3778 1519 3834 vero
1551 3753 1889 3852 Egregio
1912 3754 1965 3831 J
1969 3753 2194 3828 oanni
2222 3748 2567 3847 Chinady

310 3881 772 3961 Arendatori
809 3881 1256 3958 decimarum
1294 3888 1717 3957 nostrarum
1755 3879 2105 3955 moderno
2138 3876 2452 3953 salutem
2494 3884 2569 3951 et

310 4009 659 4107 gratiam.
699 4007 1143 4107 Expositum
1180 4013 1299 4085 est
1326 4006 1712 4106 Majestati
1749 4014 2072 4095 nostrae,
2111 4024 2246 4102 per
2282 3999 2566 4102 Magni-

289 4136 515 4237 ficum
552 4132 1033 4208 Franciscum
1067 4130 1393 4232 Forydch
1430 4131 1515 4207 de
1555 4127 1854 4229 Ghymes
1896 4125 2408 4203 Conciliarium
2444 4150 2568 4198 no-

308 4273 553 4349 atnam,
596 4258 816 4335 nobis
854 4258 1142 4335 sincere
1182 4258 1546 4334 dilectum.
1591 4252 2242 4347 Quemadmodum,
2275 4275 2436 4330 cum
2474 4249 2569 4325 ob

312 4386 766 4464 desiderium
802 4385 1143 4462 sincerae
1182 4383 1562 4461 servitutis
1602 4403 1805 4475 suae,
1844 4388 2148 4457 nostrae
2169 4377 2568 4476 Majestati,

310 4521 627 4613 propter
681 4510 877 4610 quod
933 4517 1008 4586 et
1065 4509 1565 4607 Imperatorem
1616 4504 2226 4597 Maximilianum,
2272 4512 2567 4598 accepta
