3293 5219
797 309 956 391 470

795 534 915 607 Ex
955 555 1127 606 arce
1166 537 1446 605 tantum
1490 529 1843 603 deductus
1884 534 2021 615 est,
2062 534 2135 601 et
2171 527 2247 599 in
2285 526 2558 600 tumulo
2596 523 2858 598 matris
2910 523 3039 599 hu-

796 664 1064 733 matus.

1012 781 1164 858 Ubi
1225 778 1591 854 comitium
1627 778 1999 877 inceptum
2040 784 2178 868 est,
2233 776 2650 873 Bequesius
2707 797 2898 850 unus
2954 798 3040 849 ex

793 905 1395 997 testamentariis,
1438 903 1621 978 nihil
1698 905 1794 978 ad
1853 901 2167 978 salutem
2225 902 2597 999 publicam
2654 902 2871 1000 pensi
2896 992 2901 997 .
2923 901 3043 975 ha-

792 1034 1001 1124 bens,
1060 1032 1574 1122 contendebat,
1631 1031 1739 1105 nti
1801 1051 2015 1104 arces
2090 1050 2343 1115 omnes
2403 1050 2562 1103 cum
2618 1028 2791 1127 ipsa
2848 1026 3045 1102 Alba

792 1161 1020 1253 Julia,
1059 1159 1236 1234 sede
1273 1158 1585 1255 imperii,
1604 1158 1681 1231 in
1738 1178 1998 1231 manns
2054 1154 2543 1230 Maximiliani
2583 1154 2837 1229 statim
2877 1177 3041 1229 con·

805 1282 1299 1382 signarentur,
1373 1305 1827 1380 regnumque
1899 1282 1975 1355 in
2046 1280 2262 1357 fidem
2336 1284 2497 1377 ejus
2576 1281 3041 1376 adigeretur3

799 1411 992 1509 quod
1031 1433 1272 1507 neque
1330 1409 1492 1508 ipse
1551 1408 2105 1484 Maximilianus
2163 1408 2592 1505 cupivisset,
2651 1405 2785 1481 sed
2835 1406 2902 1481 si
2940 1414 3042 1481 ta-

795 1561 959 1610 men
1000 1535 1404 1625 effecisset,
1446 1537 1542 1609 ab
1581 1535 2089 1610 Maximiliano
2130 1556 2213 1609 se
2251 1535 2795 1631 praefecturam
2834 1533 3043 1629 regni

795 1663 1266 1738 obtenturum
1306 1661 1382 1733 in
1426 1683 1633 1759 spem
1675 1659 2201 1736 adducebatur.
2242 1660 2331 1735 Id
2367 1661 2604 1758 primo
2642 1662 2837 1735 clam
2877 1682 3042 1756 age·

792 1790 942 1879 bat,
982 1785 1117 1861 sed
1155 1784 1553 1881 aliquando
1612 1785 1832 1859 etiam
1891 1793 2169 1882 aperte.
2214 1782 2364 1860 Sed
2400 1784 2528 1859 nbi
2563 1784 2639 1857 in
2673 1784 3042 1882 publicum

794 1912 1257 1988 enunciatum
1298 1917 1451 1985 est:
1512 1916 1720 1984 tanto
1761 1913 2103 2003 clamore,
2158 1916 2362 1985 tanto
2412 1931 2803 1999 consensu,
2840 1886 3045 1983 tanta

795 2038 1109 2112 omnium
1148 2035 1659 2130 indignatione
1699 2044 2087 2134 exceptum
2142 2043 2281 2127 est,
2317 2042 2397 2110 ut
2435 2058 2522 2110 eo
2560 2040 2932 2108 momento
2958 2033 3047 2106 ad

805 2182 1057 2236 omnes
1099 2183 1229 2237 eos
1267 2160 1938 2251 trucidandos,nisi
1976 2158 2419 2257 Stephanus,
2458 2158 2907 2235 multitudini
2944 2182 3047 2233 re-

793 2285 1131 2369 stitisset,
1190 2286 1435 2384 parati
1509 2286 1845 2372 fuissent,
1921 2289 2387 2385 objectantes
2443 2308 2590 2361 non
2646 2282 3046 2375 Oroatiam‚

793 2410 1282 2501 Sclavoniam,
1382 2418 1455 2485 et
1529 2411 1921 2486 Bossinam
2034 2412 2272 2515 modo,
2386 2409 2520 2486 sed
2628 2408 3046 2507 Ungariam

788 2545 865 2612 et
923 2532 1301 2611 Austriam
1361 2537 1620 2633 ipsam,
1699 2560 1916 2636 quam
1981 2539 2134 2633 jam
2218 2535 2614 2613 defendere
2687 2536 3043 2634 nequiret,

794 2661 1444 2740 Transsilvaniam
1482 2688 1662 2741 vero
1703 2674 1924 2741 antea
1980 2665 2383 2765 perituram
2436 2664 2693 2758 fnisse,
2732 2663 2882 2739 nisi
2918 2664 2973 2741 J
2976 2687 3043 2737 o-

787 2786 1072 2862 hannes
1111 2790 1494 2865 restitutus
1532 2791 1819 2867 fuisset.
1862 2793 1980 2866 Ita
2035 2791 2334 2889 Beques
2374 2790 2676 2882 destitit,
2714 2797 2790 2865 et
2827 2790 3041 2865 silen-

788 2912 988 3003 tium,
1025 2935 1118 2987 ne
1153 2936 1278 2989 res
1337 2914 1434 2989 ad
1472 2923 1844 2993 oratorem
1902 2913 2157 2990 Selimi
2212 2916 2656 3014 perveniret,
2699 2914 2900 3013 quod
2933 2921 3040 2989 ta-

800 3060 968 3115 men
1042 3041 1291 3115 caveri
1366 3062 1513 3117 non
1568 3043 1825 3141 potuit,
1886 3041 2375 3117 interdictum.
2465 3040 2809 3137 Regnum
2865 3063 3039 3118 vero

794 3164 1221 3240 universum
1279 3167 1375 3240 ad
1413 3163 1868 3267 Stephanum
1921 3168 2328 3243 inclinavit.
2388 3164 2705 3244 Selimus
2758 3189 3046 3267 quoqne

797 3288 1039 3389 ipsum
1120 3290 1300 3385 eligi
1356 3297 1430 3367 et
1492 3293 1654 3384 fieri
1707 3317 1843 3391 per
1900 3302 2270 3371 oratorem
2326 3292 2719 3369 mandavit.
2780 3292 2884 3369 At
2934 3293 3043 3370 illi

793 3415 1118 3508 obstare,
1161 3416 1496 3513 singulos
1534 3419 2012 3516 prehensam,
2051 3421 2147 3514 vi,
2195 3419 2614 3517 largitione,
2651 3419 3043 3518 promissis

791 3540 1034 3616 omnia
1069 3548 1392 3635 tentare3
1434 3544 1833 3643 aliquando
1875 3546 1970 3620 ad
2016 3544 2600 3622 Maximilianum
2635 3566 3042 3638 recurrere,

791 3662 917 3760 qni
954 3671 1203 3739 tamen
1245 3666 1390 3741 sibi
1430 3668 1835 3743 cavendum
1872 3669 2203 3767 putabat.
2249 3669 2713 3769 Purpuratos
2752 3691 3042 3770 qnoque

790 3785 1046 3864 Selimi
1087 3800 1161 3865 et
1219 3800 1586 3890 oratorem
1643 3801 2053 3889 tentarunt3
2096 3796 2293 3895 apud
2351 3818 2536 3894 quos
2557 3804 2806 3872 tamen
2858 3795 3040 3872 nihil

784 3935 1033 3988 eorum
1071 3917 1825 4018 nomine‚praesertim
1846 3921 2466 4020 Bequesii,magis
2502 3923 2823 3998 invisum
2861 3933 3040 4000 erat.

783 4037 1200 4134 Postremo,
1239 4051 1321 4118 ut
1356 4043 1539 4119 nihil
1575 4044 2009 4121 intentatum
2029 4047 2551 4146 relinquerent,
2572 4048 3038 4125 finitimorum

788 4183 1076 4264 quoque
1137 4165 1636 4245 Valachorum
1697 4172 1977 4246 auxilia
2035 4180 2258 4271 atque
2320 4175 2732 4251 Turcarum
2788 4177 2866 4251 in
2903 4198 3039 4253 sua

782 4289 1076 4366 viscera
1114 4297 1454 4370 mercede
1493 4296 2009 4372 sollicitarunt.
2056 4297 2205 4373 Sed
2263 4302 2682 4400 praecipue,
2724 4303 2793 4378 si
2828 4326 3037 4401 prae·

781 4415 1113 4493 torianos
1172 4421 1702 4521 corrupissent,
1762 4447 2108 4523 magnam
2183 4448 2393 4525 spem
2469 4425 2790 4522 habere3
2852 4451 3032 4527 qnos

782 4548 1030 4620 tamen
1106 4541 1692 4648 Christophorns
1730 4550 2100 4627 Batorens
2142 4555 2298 4651 jam
2342 4552 2569 4629 multo
2609 4561 2782 4629 ante
2820 4578 3031 4656 prae·
