3293 5219
627 1389 1169 1490 LIBER
1242 1395 1948 1499 SEXTUS.

369 1865 887 1941 Ferdinandus
906 1888 1042 1964 per
1081 1866 1326 1941 omnia
1347 1865 1967 1945 Transsilvaniae
1986 1873 2411 1950 mutationis

179 1999 490 2090 tempora
511 1992 710 2091 apud
731 1988 1211 2089 Solymanum
1251 2014 1387 2090 pro
1431 2015 1612 2091 pace
1654 1996 2025 2070 octennali
2061 2005 2137 2072 et
2170 2005 2407 2074 trans-

180 2116 516 2192 silvanica
571 2118 867 2210 ditione,
937 2139 1097 2193 cum
1194 2117 1447 2192 tributi
1518 2120 1879 2217 pensione
1999 2122 2401 2199 obtinenda

180 2243 512 2317 acerrime
568 2242 858 2317 institit.
942 2239 1350 2339 Augerium
1408 2243 1599 2318 enim
1649 2244 2066 2321 Busbecum
2105 2246 2403 2344 belgam

179 2367 478 2462 legatum
553 2368 898 2445 continuo
937 2367 1045 2442 ibi
1085 2369 1375 2464 alebat3
1415 2370 1598 2446 duos
1633 2376 2031 2468 praeterea
2067 2370 2400 2468 insignes

178 2493 375 2585 viros,
414 2495 817 2571 Antonium
841 2495 1277 2571 Verantium
1319 2499 1393 2569 et
1432 2495 1912 2572 Franciscum
1951 2495 2114 2596 Zay
2151 2497 2401 2573 statim

178 2642 216 2692 a
265 2622 483 2698 caede
542 2620 859 2717 Georgii
918 2629 1257 2697 oratores
1317 2645 1477 2697 cum
1535 2623 1927 2721 splendida
1998 2623 2398 2720 legatione,

176 2748 584 2844 magnisque
660 2746 1085 2821 muneribus
1179 2746 1276 2821 ad
1349 2749 1923 2846 corrumpendos
1997 2747 2398 2845 largitione

174 2881 597 2970 purpuratos
654 2873 982 2948 miserat.
1059 2870 1205 2963 Qui
1241 2878 1487 2947 tamen
1543 2880 1911 2949 tantarum
1947 2874 2397 2970 legationum

174 3004 235 3069 et
264 3005 404 3072 tam
426 2999 932 3073 diuturnamm
953 3020 1086 3095 spe
1122 2997 1482 3090 frustrati,
1522 2997 1703 3071 nihil
1742 3006 2089 3094 egeruut;
2126 2999 2395 3074 nedum

174 3122 341 3197 enim
376 3124 1032 3200 Transsilvaniam
1088 3123 1282 3198 inter
1319 3123 1658 3198 inducias
1714 3125 1809 3199 ab
1857 3125 1910 3201 J
1914 3124 2205 3200 ohanne
2242 3123 2395 3198 filio

175 3254 236 3322 et
299 3251 576 3350 pupillo
653 3271 788 3325 suo
865 3250 1010 3339 (ita
1096 3249 1284 3324 enim
1382 3249 1648 3326 solitus
1725 3257 1889 3325 erat
1962 3251 2390 3350 appellare)

176 3384 481 3473 ereptam
541 3375 1060 3465 concessisset,
1139 3375 1275 3450 sed
1329 3398 1421 3449 ne
1476 3397 1695 3450 unum
1742 3374 2033 3471 quidem
2070 3375 2393 3472 lapidem

178 3519 247 3573 se
283 3522 799 3577 concessurum
846 3499 1265 3599 respondit;
1326 3508 1400 3575 et
1443 3500 1675 3594 jussit
1709 3500 1763 3576 J
1767 3500 2130 3576 ohannem
2176 3500 2252 3573 in
2288 3500 2393 3574 in-

173 3630 435 3721 tegrum
475 3626 789 3717 restitui,
847 3625 991 3700 nisi
1031 3625 1303 3701 bellum
1342 3626 1623 3701 habere
1662 3624 1889 3700 malit.
1948 3623 2068 3699 Ad
2108 3626 2388 3699 Trans-

172 3748 479 3831 silvanos
518 3776 700 3827 vero
749 3760 823 3827 et
859 3752 1508 3848 Inferioris-atque
1547 3750 1973 3850 Superioris
2002 3748 2389 3848 Ungariae

172 3878 533 3953 comitatus
555 3886 776 3975 atque
795 3899 1147 3977 proceres
1188 3876 1536 3952 mandata
1577 3876 1799 3969 dedit,
1839 3875 2065 3951 unitis
2104 3875 2387 3951 viribus

168 4007 235 4074 ut
280 4003 694 4079 ,Iohannem
737 4004 1209 4097 reducerent3
1259 4004 1451 4078 alias
1492 4025 1577 4078 se
1612 4003 1815 4077 ferro
1856 4009 2080 4099 atque
2115 4000 2291 4098 igne
2309 4000 2387 4075 in

168 4147 276 4203 eos
310 4129 1010 4206 animadversurum.
1068 4129 1426 4206 Rustemo
1458 4130 1690 4224 jubet,
1730 4136 1811 4202 ut
1847 4127 2010 4225 ipse
2045 4126 2124 4200 in
2163 4150 2384 4225 expe·

168 4252 489 4334 ditionem
508 4256 760 4344 vadat3
782 4258 1255 4355 Beglerbego
1271 4254 1648 4332 Graeciae
1660 4252 2059 4328 exercitum
2079 4274 2384 4349 congre-

167 4402 344 4475 gare,
407 4384 688 4459 bassae
763 4381 1077 4459 budensi
1134 4389 1357 4479 atque
1407 4377 1838 4456 temesiensi
1892 4384 1974 4453 ut
2017 4375 2385 4454 hosticum

166 4507 373 4585 solum
424 4506 807 4601 invadant,
844 4507 1118 4584 infesta
1174 4515 1399 4606 atque
1450 4503 1764 4583 hostilia
1819 4501 2066 4581 omnia
2100 4508 2336 4601 agant
2351 4525 2375 4607 3
