3293 5219
2338 378 2444 457 35

191 610 277 661 ne
318 613 683 680 curruum,
758 589 1033 664 additis
1080 592 1440 685 janizeris
1500 617 1588 667 ac
1642 593 2046 669 moschetis
2103 596 2442 671 firmavit.

193 713 451 792 Nostri
491 739 782 814 quoque
820 718 1181 816 prodiere,
1221 727 1295 794 et
1330 744 1421 795 ne
1462 746 1554 795 ex
1595 746 1767 796 arce
1822 724 2204 798 tormentis
2240 731 2442 823 pete-

190 853 460 935 rentur,
483 841 820 943 (jamjam
838 846 1193 942 pleraque
1213 842 1783 945 emittebantur),
1797 849 2089 945 longius
2110 851 2442 948 provecti

193 971 424 1045 aciem
463 978 827 1046 struxere.
870 970 1233 1069 Ungarici
1273 975 1559 1070 equites
1617 997 1752 1072 pro
1793 976 2160 1065 cornibus,
2200 977 2442 1053 medio

190 1098 473 1195 equites
487 1098 950 1196 cataphracti
970 1099 1303 1194 germani
1319 1100 1693 1175 constituti
1715 1103 2027 1177 trecenti
2048 1112 2280 1200 erant3
2294 1111 2439 1178 tor-

190 1234 428 1298 menta
444 1226 593 1299 duo
615 1232 895 1299 tantum
918 1281 932 1297 .
957 1224 1142 1301 Post
1160 1226 1298 1299 hos
1318 1225 1397 1300 in
1415 1227 1767 1301 subsidiis
1791 1225 2189 1324 hajdonum
2211 1229 2434 1317 acies3

191 1356 571 1448 postrema
608 1375 895 1449 quoque
935 1353 1221 1449 equites
1259 1355 1524 1448 ungari
1588 1355 2056 1428 claudebant.
2116 1352 2435 1431 Concur-

191 1503 349 1553 rere
408 1480 700 1554 frontes
768 1479 1061 1554 infestis
1102 1480 1361 1576 signis,
1400 1503 1671 1576 magno
1731 1481 2072 1578 utrinque
2113 1483 2435 1559 clamore

197 1616 405 1702 atque
447 1608 749 1704 impetu,
771 1616 845 1680 et
884 1607 1006 1681 diu
1028 1630 1264 1704 aequo
1288 1616 1522 1682 marte
1543 1617 1988 1707 pugnatum3
2030 1609 2319 1706 utrique
2342 1612 2436 1684 ad

194 1734 524 1808 subsidia
545 1733 851 1808 rediere.
876 1736 1089 1810 Tunc
1109 1734 1373 1810 iterum
1396 1736 1674 1811 maiore
1701 1738 1770 1810 vi
1794 1760 1883 1811 ac
1902 1734 2223 1811 clamore
2265 1761 2433 1812 con-

191 1884 496 1953 cursum,
519 1869 593 1935 et
616 1869 1101 1957 exaequatum
1140 1863 1539 1960 praelium:
1582 1864 1717 1937 sed
1756 1864 2051 1938 ordines
2095 1887 2434 1940 curruum

190 1987 792 2086 impenetrabiles
833 1997 1061 2076 erant,
1122 2011 1305 2084 quos
1348 1988 1613 2062 delecti
1653 1989 1972 2086 janizeri
2027 1992 2429 2087 procellam

190 2114 561 2208 glandium
637 2115 1044 2188 iaculantes
1120 2116 1572 2190 tutabantur.
1648 2115 1776 2191 At·
1824 2117 2194 2191 sexdecim
2241 2118 2428 2192 'Pur-

192 2265 334 2333 cae,
414 2266 512 2316 ex
589 2242 923 2316 omnibus
998 2242 1510 2335 audacissimi,
1579 2244 1700 2339 qui
1777 2244 2068 2339 insigne
2144 2245 2430 2340 regium

186 2369 533 2444 vexillum
608 2370 857 2465 aquila
894 2371 1362 2467 conspicuum
1419 2378 1776 2467 peterent,
1835 2372 1928 2445 ab
2006 2368 2159 2468 Aly
2200 2372 2429 2445 bassa

189 2494 415 2587 electi,
476 2495 964 2589 vexillarium,
1042 2480 1506 2593 aquilamque
1583 2497 1939 2571 deiecere.
1997 2498 2086 2571 Id
2141 2498 2431 2571 facinus

190 2624 577 2720 postremis
617 2624 1024 2720 equitibus,
1089 2632 1168 2698 ut
1222 2626 1659 2715 memoravi,
1733 2643 2086 2723 pavorem
2147 2624 2430 2717 indidit,

188 2759 526 2847 tanquam
565 2773 788 2824 caeso
817 2752 977 2846 jam
1019 2776 1106 2825 ac
1146 2748 1540 2848 profligato
1563 2750 1915 2844 exercitu,
1941 2751 2062 2848 qui
2085 2751 2426 2827 continuo

188 2877 391 2970 fugae
469 2898 553 2949 se
624 2873 1108 2968 mandarunt,
1171 2884 1243 2949 et
1299 2878 1521 2974 paulo
1560 2885 1733 2974 post
1770 2877 2016 2952 ceteri.
2096 2876 2428 2968 Quatuor

185 3003 404 3077 millia
440 3004 517 3077 in
558 3003 715 3076 acie
773 3004 1127 3094 cecidere,
1168 3005 1372 3079 multi
1410 3004 1483 3077 in
1550 3005 1857 3079 Tibisco
1898 3003 2235 3096 absumti,
2292 3026 2427 3078 nec

190 3130 299 3204 diu
354 3132 699 3228 palantes
774 3131 1146 3228 prosecuti
1225 3131 1517 3205 Turcae
1596 3130 1941 3229 oppidum
1998 3153 2424 3227 perrupere,

186 3257 504 3332 omnibus
543 3257 929 3333 trucidatis
969 3251 1269 3355 praeter
1288 3257 1709 3356 impuberes
1747 3258 1821 3332 in
1859 3257 2215 3354 praedam
2256 3282 2423 3332 con-

192 3407 438 3461 versos
463 3443 479 3474 ,
527 3410 621 3460 ex
697 3385 960 3482 quibus
1035 3386 1430 3483 plerosque
1524 3387 1763 3460 forma
1840 3383 2295 3481 conspicuos,
2353 3392 2426 3457 et

196 3514 495 3610 quinque
554 3510 784 3584 millia
838 3532 1203 3602 nasorum,
1242 3511 1603 3606 signaque
1642 3508 1988 3584 militaria
2025 3506 2423 3605 Solymano

198 3637 327 3735 Aly
367 3640 604 3713 bassa
641 3637 856 3710 misit.
905 3637 1168 3733 Neque
1226 3644 1470 3711 tamen
1508 3636 1847 3710 hostibus
1884 3635 2266 3709 incruenta
2292 3634 2423 3708 illa

197 3766 485 3840 victoria
520 3764 677 3856 fuit,
716 3763 1039 3854 «mmihi,
1078 3771 1228 3837 tum
1268 3784 1465 3855 vero,
1506 3758 2236 3862 quiassquadringenti
2272 3757 2428 3854 haj-

200 3891 404 3967 dones
462 3891 558 3966 ad
594 3890 1110 3965 incursandum
1169 3889 1483 3987 profecti
1539 3887 1793 3962 Oazon
1850 3888 2154 3962 bassam
2192 3885 2424 3960 Bech-

197 4015 442 4095 kereki
504 4020 978 4117 praefectum,
1019 4035 1176 4092 cum
1226 4016 1533 4092 delectis
1574 4015 2017 4111 octingentis
2056 4012 2424 4109 equitibus

198 4147 276 4219 ad
344 4145 495 4244 Aly
555 4147 857 4222 bassam
913 4146 1343 4235 venientem,
1403 4145 1498 4217 ad
1554 4145 1790 4216 vicum
1840 4142 2222 4215 Martonos
2297 4141 2423 4214 ob-

199 4273 371 4349 n’um
458 4275 826 4366 habuere,
919 4280 992 4348 et
1067 4272 1315 4347 statim
1410 4292 1840 4344 concursum
1933 4275 2048 4342 est
2141 4269 2421 4343 neutris

199 4401 709 4476 cunctantibus.
746 4401 865 4474 Ex
907 4399 1174 4474 Turcis
1212 4395 1745 4497 promptissimi
1784 4394 2052 4491 quique
2108 4395 2422 4492 periere,

199 4528 315 4602 sub
353 4526 654 4605 Cazano
731 4550 959 4624 equus
996 4526 1446 4618 interfectus,
1505 4524 1822 4621 ipsomet
1879 4521 2174 4608 sauci03
2234 4544 2420 4617 quae

201 4653 509 4749 effecere,
549 4665 627 4731 ut
664 4653 875 4729 clade
920 4653 1224 4728 affectus
1263 4653 1443 4747 fuga
1484 4650 1726 4724 redire
1773 4654 2182 4744 cogeretur.
2210 4647 2421 4721 Duos

2011 4773 2101 4847 3*
