3293 5219
2291 356 2439 433 539

206 577 527 673 linguam
569 599 713 651 una
754 599 908 651 cum
950 577 1139 649 lacte
1197 601 1242 649 a
1285 575 1521 648 Matre
1560 575 1949 662 hauserat,
1994 573 2263 648 Latina
2302 575 2445 647 fre·

206 703 540 800 quentius
579 703 938 792 utebatur,
981 701 1527 800 complurimum
1589 698 1907 790 Gallica,
1950 723 2165 797 quam
2205 723 2439 796 aeque

206 828 567 917 callebat,
645 828 1179 915 oblectaretur,
1277 825 1729 903 Germanica
1798 826 2132 925 inprimis
2209 826 2438 901 diser-

204 963 322 1030 tus
403 964 474 1029 et
512 955 858 1053 copiosus
933 963 1151 1029 esset.
1230 954 1622 1029 Munificus
1663 960 1737 1028 et
1776 951 2113 1029 liberalis
2171 951 2444 1027 cumin

203 1103 451 1156 omnes
490 1082 679 1156 alios
753 1103 1078 1179 semper,
1153 1088 1303 1155 tum
1375 1079 1711 1178 inprimis
1783 1080 1856 1153 in
1895 1102 2024 1156 eos
2062 1080 2215 1167 fuit,
2259 1102 2434 1177 quo-

199 1230 358 1281 rum
434 1207 508 1280 in
584 1230 667 1281 se
741 1207 1041 1292 merita,
1101 1214 1173 1282 et
1245 1207 1635 1305 praeclara
1692 1211 1766 1281 et
1819 1213 2096 1281 testata
2171 1216 2447 1297 essent,

197 1356 562 1430 nunquam
623 1332 1054 1408 beneficium
1094 1332 1370 1406 differri
1409 1326 1663 1429 (minui
1721 1333 1911 1407 enim
1967 1340 2039 1407 et
2083 1331 2447 1409 vilescere

202 1459 667 1533 cunctatione
706 1468 779 1533 et
816 1482 1022 1533 mora
1060 1452 1591 1555 arbitrabatur)
1632 1458 1901 1533 diutius
1978 1482 2111 1557 spe
2171 1481 2449 1551 eorum,

202 1585 472 1682 quibus
511 1585 830 1680 benigne
872 1587 1188 1670 faceret,
1249 1584 1750 1659 desiderative
1788 1607 2081 1681 passus.
2124 1585 2239 1661 Ita
2280 1609 2442 1662 cum

200 1735 281 1784 re
322 1711 495 1785 illos
534 1711 856 1800 iuvabat,
898 1712 971 1785 in
1011 1712 1275 1808 quibus
1318 1733 1525 1786 suum
1546 1711 1975 1786 beneficium
2014 1712 2435 1805 collocarat,

199 1848 351 1913 tum
393 1838 575 1912 illud
599 1840 1155 1936 assequebatur,
1180 1839 1371 1935 quod
1413 1838 1800 1913 maximum
1842 1845 1976 1932 est,
2001 1847 2080 1915 ut
2098 1841 2442 1938 exemplo

198 1966 428 2040 ceteri
468 1966 782 2052 incensi,
832 1966 1094 2040 fierent
1131 1966 1227 2039 ad
1263 1966 1645 2062 praeclare
1706 1966 2070 2062 agendum
2137 1967 2450 2043 alacrio-

195 2114 341 2165 res.
385 2091 938 2183 Assentatores,
1014 2093 1236 2189 gulae
1275 2098 1347 2166 et
1424 2093 1877 2189 voluptatum
1950 2091 2447 2186 administros,

195 2242 284 2292 ac
324 2216 388 2289 si
431 2218 550 2313 qui
574 2217 701 2292 alii
723 2218 1027 2293 infamia
1046 2219 1401 2313 graviore
1422 2220 1886 2308 laborabant,
1927 2219 2246 2317 pessime
2272 2221 2444 2296 ode-

196 2351 352 2434 rat;
395 2343 906 2440 Magistratus,
940 2344 1341 2440 dignitates
1382 2353 1456 2421 et
1495 2345 1755 2439 Regni,
1797 2368 2100 2421 munera
2141 2347 2446 2443 amplio-

192 2495 297 2556 ra,
343 2470 448 2542 ita
487 2478 566 2544 ut
606 2470 784 2544 nihil
825 2473 1114 2567 gratiae
1153 2474 1389 2565 daret,
1430 2473 1673 2547 omnia
1709 2472 1830 2547 uni
1874 2471 2127 2546 virtuti
2168 2473 2442 2548 tribue-

196 2604 330 2685 ret,
372 2618 515 2670 non
558 2595 681 2693 qui
721 2596 983 2695 opibus
1024 2604 1096 2671 et
1140 2598 1560 2680 nobilitate,
1638 2598 1771 2674 sed
1830 2597 1950 2695 qui
1990 2597 2186 2673 vitae
2243 2596 2442 2672 inno·

194 2721 441 2797 centia
479 2728 699 2818 atque
737 2722 1167 2817 integritate
1204 2732 1691 2822 praestarent,
1734 2724 2136 2800 deferebat.

415 2848 660 2943 Atque
696 2848 801 2922 ita
840 2849 967 2923 ille
1027 2849 1314 2946 quidem
1352 2860 1708 2949 perpetuo
1750 2876 1832 2926 se
1868 2852 1942 2927 in
1981 2852 2136 2927 vita
2178 2852 2441 2948 gessit,

190 2975 268 3047 in
310 2981 543 3048 morte
604 2983 948 3071 tanquam
1026 2998 1118 3048 ex
1166 2999 1258 3050 ea
1297 2977 1752 3053 certissimus
1826 2979 1935 3052 illi
1973 3002 2328 3055 ascensus
2367 2981 2439 3055 in

196 3102 485 3176 coelum
543 3109 848 3199 pateret,
891 3103 1053 3198 pari
1095 3103 1536 3177 fortitudinis
1596 3112 1670 3180 et
1708 3107 2164 3181 constantiae
2223 3106 2440 3181 laude

190 3227 386 3302 diem
426 3251 841 3325 supremum
883 3229 1174 3304 clausit.
1218 3227 1402 3305 Cum
1423 3231 1613 3304 enim
1655 3231 1911 3306 lethali
1951 3231 2159 3306 febre
2200 3255 2438 3307 corre-

185 3363 380 3452 mue,
422 3361 642 3450 atque
691 3353 1138 3450 aliquamdiu
1177 3355 1633 3432 conflictatus
1682 3365 1918 3447 esset,
1995 3357 2209 3431 Nono
2251 3357 2430 3431 Kal.

198 3479 548 3575 Augusti,
626 3503 835 3576 quem
877 3481 1064 3555 diem
1143 3485 1407 3558 festum
1447 3484 1539 3558 D.
1585 3485 1835 3559 Iacobi
1909 3483 2432 3583 Hispaniarum

185 3607 484 3705 patroni
505 3606 853 3682 divinitus
875 3608 1019 3682 sibi
1048 3609 1207 3684 fore
1231 3611 1427 3685 vitae
1448 3617 1848 3686 extremum
1871 3611 2371 3709 praedixerat,
2394 3634 2436 3684 e

183 3733 345 3807 vita
382 3733 750 3829 migravit.
806 3734 996 3809 Nam
1037 3737 1304 3812 multos
1344 3745 1513 3812 ante
1588 3738 1747 3812 dies
1805 3761 1962 3813 cum
2039 3735 2427 3813 Sacrosan·

183 3866 381 3933 ctam
460 3859 1002 3935 Eucharistiam
1060 3864 1457 3960 tranquillo
1515 3865 1605 3940 ad
1677 3866 1967 3962 placido
2026 3865 2270 3941 animo
2345 3866 2435 3940 de

184 4010 395 4062 more
437 3988 903 4087 sumpsisset,
941 3990 1169 4066 multa
1191 3992 1524 4087 graviter
1562 4002 1635 4068 et
1674 3993 1974 4094 copiose
2013 3994 2102 4069 de
2143 3992 2434 4070 mortali

182 4113 362 4199 vita,
405 4113 632 4191 multa
671 4115 761 4190 de
819 4116 1062 4192 futura
1133 4117 1547 4212 disserens,
1624 4122 1940 4197 libenter
1997 4144 2081 4197 se
2139 4145 2298 4197 cum
2337 4122 2430 4196 D.

185 4240 495 4329 Iacob0,
575 4265 784 4337 quem
847 4244 1133 4340 patriae
1192 4266 1369 4318 suae
1428 4246 1844 4344 paesidem‚
1922 4256 1994 4321 et
2048 4249 2434 4323 tutelarem

177 4365 544 4461 religione
584 4388 863 4442 summa
901 4375 974 4441 et
1012 4369 1494 4444 sanctimonia
1552 4372 2064 4460 venerabatur,
2143 4375 2423 4448 coelum

182 4493 586 4592 petiturum
627 4493 937 4568 dixerat.
979 4496 1097 4568 Ita
1120 4495 1183 4568 si
1205 4519 1357 4583 eos,
1401 4499 1522 4594 qui
1562 4499 1942 4573 mortalem
2003 4498 2228 4573 vitam
2268 4520 2427 4572 cum

180 4624 374 4697 bene
407 4622 767 4721 beateque
805 4622 1191 4715 vixissent,
1235 4634 1491 4701 sancte
1531 4634 1604 4700 et
1657 4626 2010 4722 religiose
2050 4636 2425 4719 exuerunt,
