3293 5219
728 271 890 353 344

736 495 1060 568 culosum
1102 492 1358 565 videri.
1423 489 1540 564 Ad
1580 491 1764 566 haec
1801 493 1874 566 in
1934 492 2343 588 Ungariam
2389 492 2817 568 Inferiorem
2858 493 2980 566 fla-

747 625 1016 716 grante
1076 617 1317 691 adhuc
1355 616 1552 690 bello
1611 616 2106 691 submittenda
2182 618 2485 702 auxilia,
2566 627 2638 691 et
2696 618 2818 692 hic
2856 622 2982 693 be-

734 748 1096 845 glerbego
1139 741 1509 818 Graeciae
1561 745 2122 819 circumferente
2165 770 2388 834 arma,
2430 745 2777 819 Natoliae
2817 748 2992 830 bas-¹

733 898 823 949 sa
880 872 1123 945 Albae
1181 870 1451 965 Regali
1504 870 1824 958 sedente,
1867 871 2380 969 Besprimium„
2422 870 2709 963 Palota,
2770 874 2985 954 Tata,

735 1002 967 1095 Papa,
1024 995 1323 1082 Canisa,
1385 1004 1460 1068 et
1516 995 1712 1093 quod
1752 997 2228 1072 confiniorum
2267 999 2498 1072 milite
2535 998 2982 1074 firmandum.

739 1128 977 1217 Unde,
1060 1130 1355 1222 quotam
1453 1123 1825 1197 exereitus
1882 1133 2168 1222 partem
2226 1128 2773 1223 supersuturam
2869 1151 2980 1202 ca·

736 1253 973 1331 stris?
1014 1252 1103 1325 Id
1144 1250 1768 1325 consultissimum
1809 1252 1903 1324 ad
1942 1274 2325 1349 praesens.
2369 1254 2662 1342 auxilia,
2705 1255 2982 1351 praesi-

738 1382 1007 1477 diaque
1066 1378 1416 1470 dividere,
1480 1401 1860 1453 caesarem
1923 1377 2247 1453 Ovarum
2309 1381 2755 1474 concedere3
2817 1404 2980 1454 nam

742 1509 1108 1584 Viennam
1148 1507 1394 1581 dicere
1434 1507 1881 1581 verecundia
1937 1508 2345 1601 tenebatur,
2386 1487 2722 1605 quamvis
2762 1509 2838 1582 in
2878 1532 2982 1582 se-

738 1644 939 1712 creto
998 1634 1306 1709 consilio
1364 1635 1649 1708 firmum
1703 1635 2036 1709 haberet.
2115 1635 2216 1709 Et
2269 1637 2517 1732 rogati
2576 1637 2982 1711 sententias

740 1763 1050 1865 primum
1128 1758 1533 1834 consiliarii
1588 1759 1875 1851 bellici,
1933 1780 2079 1832 non
2121 1760 2578 1852 auctoritate,
2637 1762 2769 1835 sed
2830 1784 2990 1836 con·

743 1890 1061 1964 scientia
1136 1887 1490 1986 principis
1585 1895 1659 1960 et
1732 1888 2232 1984 praesentium
2305 1889 2567 1963 notitia
2640 1891 2987 1988 potiores.

746 2015 1123 2112 Georgius
1162 2010 1437 2088 Taiffel
1464 2014 1828 2111 prompsit
1867 2015 2303 2090 sententiam
2344 2016 2810 2106 conformem,
2853 2018 2988 2093 nisi

739 2142 936 2241 quod
973 2140 1256 2217 addidit
1292 2141 1715 2216 abeuntium
1771 2141 2082 2232 nomina,
2124 2140 2399 2216 vexilla
2438 2151 2565 2217 aut
2633 2143 2990 2220 nationes.

739 2280 961 2368 atque
1017 2261 1568 2360 remanentium,
1628 2291 2033 2366 suppresso
2108 2277 2349 2344 tamen
2408 2293 2750 2365 numero;
2824 2271 2990 2344 item

739 2406 1110 2488 centenos,
1170 2396 1636 2491 ducenosque
1693 2419 1912 2469 unam
1988 2394 2186 2468 intra
2242 2379 2526 2470 noctem
2584 2396 2990 2493 exstingvi:
3092 2414 3103 2425 ·

735 2516 883 2599 1511111
907 2547 1096 2622 quae
1134 2521 1532 2621 praesidia,
1573 2529 1648 2595 et
1682 2520 1756 2593 in
1779 2543 1968 2616 quae
2007 2519 2176 2594 loca
2215 2521 2592 2619 mittenda;
2632 2523 2987 2620 reliquum

739 2652 1140 2726 exercitum
1177 2651 1250 2724 in
1271 2649 1591 2724 insulam
1624 2649 2288 2735 transmittendum,
2312 2650 2477 2724 etin
2498 2650 2719 2725 villas
2761 2651 2997 2725 vicos-

742 2801 882 2875 que
924 2776 1522 2873 dispergendum.
1608 2772 1965 2849 Germani
2016 2799 2269 2851 omnes
2328 2778 2458 2852 alii
2519 2777 2687 2851 aliis
2747 2770 3001 2853 verbis

741 2902 1291 2978 confirmavere.
1372 2902 1472 2975 Et
1531 2901 1821 2996 Ungari
1861 2925 2094 2999 usque
2153 2903 2249 2976 ad
2293 2903 2780 2979 Franciscum
2819 2906 3000 2981 For·

740 3028 952 3127 gach.
1028 3028 1219 3102 Nam
1278 3029 1558 3103 frustra
1615 3028 2018 3102 exercitum
2061 3030 2241 3120 fore,
2284 3029 2350 3103 si
2399 3053 2532 3128 per
2574 3054 2830 3105 omnes
2873 3032 3001 3105 vil-

744 3157 860 3233 las
917 3163 990 3231 et
1048 3156 1442 3254 municipia
1503 3156 2058 3245 distribuantur,
2122 3180 2260 3230 nec
2313 3154 2651 3233 hostibus
2713 3167 3003 3234 metum.

743 3307 881 3359 nec
936 3283 1151 3360 nobis
1228 3306 1457 3359 usum.
1554 3284 2005 3359 Franciscus
2065 3284 2286 3383 Tahy
2341 3285 2754 3361 tractandis
2818 3284 3006 3361 Ger·

741 3434 1119 3487 manorum
1212 3410 1530 3508 ingeniis
1626 3410 1978 3499 callidus,
2089 3390 2354 3485 leniter
2468 3434 2833 3487 assensus
2930 3415 3000 3488 in

738 3538 1234 3614 adulationem
1295 3538 1698 3629 divertens,
1740 3537 2021 3611 orditur
2079 3538 2472 3633 magnifica
2513 3539 2603 3613 de
2643 3540 2996 3627 exercitu,

744 3667 834 3741 de
911 3687 1254 3739 caesare:
1352 3664 1521 3740 Non
1602 3664 2148 3739 Ferdinandum
2250 3674 2526 3740 tantum
2605 3666 2986 3747 habuisse,

742 3792 1144 3891 equitatum
1182 3814 1360 3865 vero
1417 3814 1561 3865 non
1603 3791 1823 3866 alium
1881 3792 2286 3889 principem
2326 3801 2580 3867 nostro
2621 3817 2808 3868 aevo
2851 3819 2998 3868 ma·

734 3924 997 4018 jorem‚
1055 3917 1676 4014 validioremque3
1717 3926 1790 3991 et
1833 3919 1894 3992 si
1939 3915 2385 4016 Solymanus
2426 3927 2714 3994 certare
2774 3943 3003 3995 ausus

738 4045 1025 4135 fuisset,
1066 4043 1451 4118 victoriam
1492 4043 1913 4141 ambiguam
1968 4045 2290 4120 futuram
2328 4045 2588 4119 fuisse.
2632 4042 2782 4119 Sed
2825 4070 2999 4143 qua-

741 4171 1141 4268 liscunque,
1204 4171 1458 4267 inquit,
1520 4172 1830 4246 victoria
1885 4173 2227 4248 habenda
2292 4180 2426 4264 est,
2469 4174 2593 4248 ubi
2632 4174 2994 4248 ferociam

743 4321 832 4371 ac
886 4297 1281 4371 immensas
1324 4298 1764 4393 cupiditates
1823 4300 2058 4375 hostis
2115 4301 2606 4398 potentissimi
2668 4301 2997 4375 refrena-

746 4424 869 4497 ris.
931 4424 1121 4498 Nam
1180 4426 1303 4521 qui
1342 4426 1725 4518 Viennam,
1769 4428 1889 4523 qui
1951 4428 2326 4503 Austriam
2374 4452 2464 4502 ac
2516 4424 2996 4503 Germaniam

747 4549 890 4622 sibi
929 4549 1357 4641 destinarat,
1413 4553 1605 4626 intra
1663 4561 1906 4629 certos
1965 4554 2235 4629 limites
2277 4579 2364 4629 ac
2403 4553 2756 4629 terminos
2799 4555 2999 4629 velut
