3293 5219
693 213 853 289 424

699 438 1022 516 vocaret,
1081 431 1183 502 uti
1248 427 1845 522 sapientissimus
1905 427 2253 522 princeps
2310 431 2533 520 atque
2571 421 2957 518 magister,

701 554 881 632 nihil
921 553 1188 650 reliqui
1218 554 1416 628 fecit.
1459 555 1788 649 Ideoque
1824 553 1897 625 in
1940 552 2133 644 omni
2173 573 2449 647 genere
2489 548 2959 623 scientiarum

700 691 920 779 atque
943 681 1206 757 artium
1229 706 1373 754 non
1396 680 1610 754 modo
1651 680 2088 768 liberalium,
2111 701 2368 753 verum
2405 677 2630 752 etiam
2667 672 2955 749 mecha-

696 810 1024 884 nicarum
1043 807 1728 905 praestantissimos
1753 813 1827 880 et
1847 806 2350 882 nobilissimos
2372 805 2578 878 viros
2621 824 2716 875 ex
2755 801 2956 876 omni

712 935 1095 1032 republica
1121 931 1528 1006 christiana
1567 933 1860 1028 magnis
1890 932 2239 1029 praemiis
2261 929 2654 1020 evocabat,
2676 927 2962 1002 alebat-

704 1082 862 1157 que.
888 1058 1192 1132 Posonii
1216 1067 1414 1133 certe
1434 1059 1719 1154 ingenti
1741 1066 2112 1135 structura
2132 1058 2475 1148 excitata,
2496 1054 2816 1130 omnium
2859 1053 2962 1126 fa-

707 1186 1058 1259 cultatum
1097 1185 1715 1281 scientiarumque
1753 1185 1974 1280 lon'ge
1994 1185 2531 1261 nobilissimum
2566 1188 2641 1255 et
2675 1181 2963 1278 perfec—

706 1311 1070 1385 tissimum
1091 1311 1493 1408 emporium
1527 1311 2212 1404 condiderat.Quod
2250 1318 2423 1386 ante
2453 1309 2696 1405 ipsum
2716 1306 2966 1380 nullus

708 1459 962 1530 regum
985 1436 1267 1510 fecerat
1287 1445 1701 1533 unquam,et
1715 1438 1837 1534 qui
1851 1445 2116 1535 postea
2133 1436 2426 1535 sequuti
2447 1440 2641 1520 sunt,
2655 1455 2848 1530 quae
2866 1431 2970 1528 ip-

711 1585 792 1634 se
833 1562 1027 1635 bene
1055 1563 1540 1637 constituerat
1560 1571 1634 1638 et
1654 1564 1979 1660 posteris
2004 1564 2435 1649 tradiderat,
2458 1585 2591 1658 per
2615 1580 2974 1635 summam

707 1686 1230 1783 turpitudinem
1248 1695 1470 1784 atque
1485 1688 1806 1763 dedecus
1820 1689 2042 1763 etiam
2057 1693 2539 1786 corruperunt
2558 1692 2782 1781 atque
2803 1705 2967 1781 pes-

709 1811 1251 1884 sumdederunt.
1309 1811 1698 1909 Principes
1757 1835 1937 1888 sane
1992 1839 2134 1889 non
2197 1813 2361 1888 solo
2413 1834 2501 1888 eo
2558 1807 2967 1885 venerandi

713 1942 900 2024 sunt,
945 1935 1138 2031 quod
1177 1946 1475 2031 praeter
1513 1945 1806 2013 ceteros
1847 1939 2201 2014 mortales
2261 1939 2529 2036 opibus
2567 1935 2963 2027 abundent3

710 2086 881 2134 nam
915 2060 1092 2135 illae
1160 2062 1402 2156 potius
1441 2063 1666 2137 exitio
1707 2088 1797 2137 ac
1837 2063 2185 2140 dedecori
2225 2073 2397 2140 sunt
2432 2062 2839 2160 plerisque,
2895 2067 2969 2133 et

709 2210 899 2287 quae
956 2209 1371 2263 communes
1427 2189 1653 2264 etiam
1692 2189 1861 2265 aliis
1918 2213 2089 2266 esse
2145 2197 2492 2286 possunt:
2547 2186 2682 2262 sed
2740 2187 2966 2262 multo

709 2313 976 2410 magis,
1021 2313 1215 2409 quod
1254 2313 1542 2400 virtute,
1587 2336 1676 2387 ac
1732 2314 2085 2410 scientia;
2162 2313 2359 2411 quod
2422 2313 2791 2403 civitates,
2851 2335 2974 2408 po-

715 2442 950 2541 pulos,
973 2462 1354 2534 regnaque
1393 2438 1489 2512 ad
1528 2461 1814 2513 omnem
1838 2439 2130 2513 civilem
2168 2441 2417 2529 vitam,
2441 2437 2781 2514 omnibus
2822 2437 2973 2511 ani-

711 2568 806 2642 mi
829 2565 1307 2661 corporisque
1324 2564 1740 2657 virtutibus,
1756 2566 1985 2641 veluti
2005 2572 2335 2642 rectores
2359 2571 2583 2662 atque
2605 2562 2973 2660 magistri,

714 2690 935 2790 (quod
974 2691 1065 2764 de
1103 2688 1321 2765 bonis
1345 2691 1813 2787 principibus
1836 2692 1977 2764 dici
2018 2687 2240 2788 solet)
2278 2692 2564 2783 docent,
2584 2690 2978 2780 instruunt,

719 2824 1087 2890 exercent.
1168 2815 1455 2907 Quibus
1496 2818 1722 2892 rebus
1780 2819 2115 2893 omnibus
2165 2816 2496 2894 Mathias
2538 2814 2799 2892 anteiit
2835 2836 2978 2889 non

718 2942 954 3016 solum
992 2963 1173 3015 suae
1214 2943 1483 3015 aetatis
1520 2943 1897 3041 principes
1976 2967 2251 3037 omnes,
2293 2944 2429 3019 sed
2468 2944 2691 3018 etiam
2729 2948 2976 3037 poste·

729 3066 1008 3141 riorum
1050 3074 1477 3165 temporum,
1536 3069 1931 3146 immortali
1971 3073 2088 3145 sui
2134 3071 2400 3167 gloria,
2439 3077 2515 3146 et
2570 3068 2818 3166 quoad
2873 3090 2985 3143 se-

724 3193 963 3267 culum
1001 3192 1142 3266 hoc
1208 3194 1368 3286 erit,
1408 3217 1701 3290 semper
1758 3196 1953 3294 apud
2011 3205 2352 3294 posteros
2407 3190 2787 3273 memoria
2821 3195 2980 3290 ejus

723 3317 1093 3392 celebrior
1169 3325 1391 3413 atque
1467 3320 1836 3395 laudatior
1912 3322 2227 3397 durabit.
2305 3323 2582 3397 Eorum
2641 3341 2826 3394 sane
2899 3337 2978 3389 0-

726 3446 1012 3531 mnium,
1038 3443 1161 3539 qui
1181 3443 1475 3516 tandem
1496 3444 1942 3541 posthabitis
1954 3444 2288 3521 Mathiae
2307 3445 2728 3545 praeceptis
2756 3451 2978 3544 atque

720 3571 1094 3663 institutis,
1135 3593 1268 3667 per
1295 3569 1684 3661 factiones,
1708 3576 2177 3675 externorum
2223 3573 2630 3671 prinffipum
2654 3571 2978 3648 domina·

724 3699 995 3772 tionem
1015 3695 1478 3787 induxerunt,
1519 3697 1869 3793 potentia,
1893 3720 2096 3795 opes,
2147 3700 2485 3774 fortunae
2526 3721 2617 3772 ac
2655 3697 2979 3774 familiae

730 3822 943 3896 brevi
982 3821 1276 3918 penitus
1318 3822 1734 3897 exstinctae
1774 3833 1963 3913 sunt,
2039 3845 2185 3897 non
2222 3846 2357 3921 per
2392 3823 2701 3916 hostem,
2739 3845 2977 3919 neque

724 3948 969 4041 armis,
994 3949 1128 4021 sed
1153 3948 1475 4022 mirabili
1497 3949 1616 4024 dei
1637 3957 1785 4047 opt.
1806 3974 1998 4025 max.
2011 3949 2312 4046 judici03
2337 3949 2523 4024 adeo
2537 3956 2618 4023 ut
2638 3970 2729 4022 ex
2754 3947 2975 4023 omni-

714 4095 837 4146 um
846 4072 1140 4147 illorum
1150 4073 1451 4147 familiis
1465 4071 1686 4149 hodie
1700 4075 2026 4171 supersit
2036 4073 2378 4150 nemo.At
2397 4097 2537 4170 qun
2548 4097 2614 4147 m
2629 4071 2969 4169 illyricae

717 4194 1161 4272 Sclavoniae
1198 4196 1489 4272 nobiles
1515 4220 1601 4272 ac
1623 4199 1840 4295 pauci
1879 4223 1972 4273 ex
2015 4197 2451 4295 proceribus
2492 4196 2723 4273 semel
2748 4203 2968 4294 atque

723 4323 983 4396 iterum
1026 4324 1320 4397 caesari
1359 4324 1931 4420 supplicassent,
1956 4347 2052 4398 ne
2091 4346 2219 4399 eos
2256 4322 2335 4396 in
2373 4322 2529 4398 suis
2567 4321 2781 4397 bonis
2820 4328 2968 4397 tur-

732 4448 962 4537 baret,
1004 4470 1242 4542 neque
1293 4450 1464 4547 jura
1503 4456 1722 4547 atque
1779 4449 2179 4546 privilegia
2235 4448 2641 4546 producere
2680 4453 2979 4545 cogeret
