3293 5219
815 285 975 360 274

806 503 1178 593 tributum,
1240 501 1449 596 cujus
1506 496 1841 573 mittendi
1886 506 2175 597 tempus
2229 521 2325 574 ex
2361 497 2697 596 paternis
2750 497 3068 574 foederi-

804 632 984 720 bus,
1041 652 1132 704 ac
1166 636 1432 727 postea
1485 626 1907 701 recentibus
1961 625 2350 721 promissis
2406 625 2758 719 instabat,
2815 626 3064 700 remit-

804 756 1102 831 tendum
1143 755 1279 850 sit3
1325 762 1477 828 tum
1517 752 1876 848 quomodo
1912 775 2156 826 rerum
2194 751 2639 828 turcicarum
2676 753 3062 847 negocium

806 882 1208 977 agendum:
1267 880 1524 954 statuit
1561 902 1654 953 ex
1691 879 1981 955 consilii
2019 879 2339 970 decret0,
2380 879 2877 978 supradictum
2931 879 3064 951 tri-

802 1009 1053 1083 butum
1100 1030 1235 1104 per
1291 1004 1618 1079 delectos
1676 1013 2013 1081 oratores
2071 1003 2500 1080 mittendum
2523 1062 2540 1097 ,
2596 1012 2670 1079 et
2706 1028 2838 1100 per
2896 1027 3061 1079 eos·

804 1132 968 1208 dem
1006 1129 1469 1206 tractandum
1526 1129 1616 1203 de
1674 1127 2123 1205 renovandis
2160 1129 2610 1205 foederibus.

1015 1274 1321 1349 Interim
1373 1272 1658 1372 placuit
1708 1297 1845 1372 per
1883 1273 2346 1349 veredarium
2402 1274 2695 1349 litteras
2732 1275 2830 1348 ad
2868 1275 3062 1349 Tur-

805 1424 968 1476 cam
1009 1401 1193 1492 dari,
1235 1401 1501 1497 quibus
1538 1400 1629 1473 de
1650 1409 1884 1475 morte
1926 1400 2260 1478 caesaris
2283 1423 2373 1476 ac
2408 1399 2761 1475 missione
2799 1401 3064 1475 tributi

803 1527 1076 1602 certior
1131 1526 1365 1620 fieret,
1425 1527 1642 1601 simul
1700 1526 2158 1601 confirmatio
2213 1526 2425 1625 pacis
2479 1535 2842 1625 paternae
2882 1527 3062 1604 dato

799 1656 1024 1731 etiam
1062 1654 1408 1730 mandato
1439 1655 1537 1728 ad
1578 1662 1947 1730 oratorem
1986 1652 2380 1730 Albertum
2439 1655 2530 1729 de
2572 1653 2718 1728 Vis
2752 1656 3058 1751 belgam

797 1783 1317 1857 insinuaretur.
1355 1782 1691 1856 Dimisso
1742 1782 1971 1878 igitur
2009 1782 2274 1858 nuncio
2311 1805 2449 1880 per
2489 1803 2724 1879 equos
2766 1782 3055 1856 celeres

797 1908 1057 2005 paucis
1116 1916 1288 2003 post
1362 1908 1623 1983 diebus
1680 1906 2004 1983 turcicus
2063 1908 2290 2001 affuit,
2331 1930 2548 2005 quem
2607 1904 3055 2004 Solymanus

798 2035 1048 2110 audita
1081 2042 1316 2108 morte
1357 2034 1690 2109 caesaris
1712 2057 1873 2109 cum
1891 2034 2165 2109 litteris
2197 2035 2705 2129 ablegaverat,
2744 2034 3052 2132 primum

795 2161 1113 2236 honesta
1165 2160 1243 2235 in
1299 2160 1617 2234 officium
1664 2158 2196 2257 praefactionc,
2253 2158 2517 2233 deinde
2572 2182 2840 2257 pacem
2896 2182 3049 2234 cum

796 2298 1011 2385 patre
1065 2288 1309 2377 ictam,
1370 2286 1436 2360 si
1492 2286 1846 2361 tributum
1900 2286 2428 2378 remitteretur,
2487 2294 2752 2383 sponte
2812 2294 3048 2361 osten-

794 2422 984 2490 tans.
1043 2414 1597 2511 Acceptumque
1636 2420 1753 2487 est
1808 2412 1908 2487 ad
1966 2414 2209 2487 omnia
2246 2413 2400 2488 alia
2455 2435 2674 2510 quam
2732 2411 3045 2488 officium

798 2547 926 2615 aut
963 2537 2108 2635 humanitatem,poenitebatque
2124 2537 2521 2613 missionis.
2559 2538 2777 2614 Haec
2811 2560 3042 2635 usqne

795 2664 1309 2760 Septembrem
1349 2673 1516 2739 acta
1557 2672 1747 2740 sunt.
1818 2665 2013 2739 Tum
2072 2688 2364 2762 quoque
2420 2666 2816 2741 Balassius
2876 2665 3042 2740 Sae-

791 2793 1024 2866 mario
1047 2793 1402 2884 exiverat,
1426 2814 1516 2866 ac
1551 2813 1701 2866 una
1738 2814 1900 2867 cum
1922 2791 2088 2890 Zay
2117 2793 2430 2868 villatim
2467 2794 2814 2890 vagando
2855 2814 3034 2867 vasa

793 2919 1345 3017 conquirebant,
1385 2942 1878 3016 magnumque
1915 2943 2293 2995 numerum
2328 2929 2800 3018 paraverant,
2824 2918 3035 2994 desti·

788 3055 1052 3120 nantes
1076 3044 1573 3142 animoTokaj
1583 3046 1886 3122 ensibus
1910 3045 2226 3143 aliisque
2245 3046 2613 3123 adversae
2631 3046 2872 3145 partis
2890 3045 3035 3119 vin-

790 3172 1101 3246 demiam
1154 3172 1583 3271 praeripere
1607 3159 1632 3270 ;'
1682 3196 1854 3248 nam
1889 3172 2007 3248 his
2062 3173 2247 3247 nihil
2285 3197 2604 3271 unquam
2642 3174 2856 3272 pensi
2902 3194 3028 3247 nec

682 3377 691 3382 ,
788 3296 1027 3373 sancti
1063 3299 1243 3395 fuit3
1282 3298 1581 3393 bellum,
1618 3321 1902 3396 pacem,
1941 3299 2277 3392 foedera,
2289 3302 2463 3396 jura
2501 3300 2752 3375 divina
2786 3301 3023 3375 huma-

784 3447 1026 3521 naque
1065 3426 1311 3500 omnia
1347 3426 1553 3500 lucro
1593 3426 1855 3501 metiri.
1898 3426 2000 3501 Et
2037 3426 2301 3501 militia
2338 3449 2630 3524 quoque
2667 3436 2826 3503 tum
2859 3428 3017 3503 talis

785 3558 980 3644 erat,
1020 3558 1099 3626 ut
1156 3554 1379 3629 etiam
1434 3552 1509 3627 in
1561 3552 1992 3627 foederibus
2050 3553 2420 3652 praeda-ri,
2479 3561 2553 3628 ct
2608 3551 3015 3630 latrocinari

784 3676 927 3752 sibi
966 3677 1192 3752 licere
1213 3685 1525 3776 putaret.
1568 3676 1951 3777 Stephano
1989 3679 2370 3755 Bathoreo
2387 3676 2787 3756 Somliensi
2820 3701 3012 3778 prae-

783 3803 1048 3878 sidium
1086 3827 1248 3879 cum
1304 3805 1628 3879 Balassa
1686 3826 2072 3901 egressum
2130 3804 2591 3899 significatur
2636 3806 2890 3904 paucis
2926 3803 3007 3878 ad

783 3929 1191 4004 custodiam
1250 3928 1614 4005 Sacmarii
1670 3930 1975 4005 relictis.
2069 3931 2260 4007 Erat
2326 3930 2780 4008 Sacmarium
2826 3930 3007 4006 Chri-

779 4055 1116 4153 stophori
1153 4079 1244 4133 ac
1282 4054 1642 4155 Stephani
1685 4056 2207 4134 Somliensium
2245 4059 2670 4153 fratrum*),
2710 4057 2905 4134 locus
2937 4064 3000 4129 et

793 4289 914 4298 ———

953 4373 1015 4446 ὓ)
1060 4374 1309 4433 Ιεῐνάιιὶἱ
1328 4378 1604 4451 jegyzete
1646 4402 1659 4435 :
1698 4383 2039 4456 Antiquitas
2087 4384 2330 4440 Sakmar
2375 4391 2503 4441 erat
2546 4386 2782 4457 reginae
2829 4382 2996 4451 [Τυμ-

773 4462 894 4518 riao
920 4465 1224 4535 peculium.
1271 4468 1483 4525 Postea
1509 4471 1632 4526 Rex
1658 4472 1911 4528 Mathias
1956 4473 2193 4529 dederat
2244 4471 2545 4544 Stephano
2573 4473 2824 4547 Zapoliai
2863 4470 2992 4542 pala·

768 4554 908 4609 tino.
934 4554 1061 4611 Rex
1086 4562 1280 4612 autom
1306 4558 1603 4617 Johannes
1628 4562 1784 4632 patri
1808 4562 1976 4620 istius
2002 4560 2285 4632 Stephani
2310 4561 2589 4635 Somliay.
