3293 5219
2372 289 2529 367 277

252 515 480 606 ponte
521 507 839 579 navibus
869 507 1127 600 juncto
1167 504 1464 600 trajicit,
1507 513 1582 578 et
1619 526 1864 580 arcem
1903 502 2157 599 Athia,
2201 508 2530 583 validam

252 632 642 730 praesidio
684 639 907 727 atque
932 630 1450 704 munitionibus
1473 630 1546 703 in
1568 630 2013 706 deditionem
2031 635 2334 732 recepit.
2359 635 2520 708 Pri-

258 783 454 834 mum
469 757 859 834 tormentis
873 757 1191 832 admotis
1205 757 1474 853 dejecti
1493 759 1676 832 muri
1690 759 2028 857 pluribus
2047 760 2123 833 in
2144 761 2354 852 locis,
2369 770 2527 836 tan-

255 896 337 960 ta
359 888 557 960 mole
579 892 654 962 et
673 884 1135 959 multitudine
1156 885 1562 958 ferrearum
1583 882 1921 982 pilarum,
1944 892 2023 959 ut
2044 887 2528 983 arguentibus

254 1012 793 1113 profusionem,
834 1010 1018 1084 nihil
1059 1009 1203 1085 sibi
1243 1009 1628 1107 respondit
1665 1011 1763 1086 ad
1781 1012 2097 1107 gloriam
2136 1013 2528 1090 remissum

252 1164 427 1215 esse
468 1140 766 1231 debere,
807 1161 1045 1235 neque
1084 1136 1381 1213 nimium
1399 1137 1766 1213 intensum
1825 1139 2213 1237 quicquam
2269 1140 2529 1216 videri.

254 1268 440 1342 Post
478 1288 756 1339 corona
796 1264 1218 1356 circumdat,
1260 1271 1334 1339 et
1389 1262 1746 1338 militibus
1786 1265 1952 1341 loca
1989 1265 2337 1364 impertit,
2378 1288 2523 1363 qua

248 1395 573 1491 quisque
613 1391 829 1466 simul
889 1390 1436 1486 ingrediantur,
1493 1397 1648 1465 tum
1686 1390 1971 1465 hortari
2011 1392 2370 1487 singulos.
2413 1392 2528 1467 Eo

245 1521 363 1594 die
404 1543 556 1593 non
592 1518 879 1611 tironis,
899 1524 981 1592 ut
1016 1518 1433 1614 putabatur,
1457 1516 1591 1590 sed
1646 1516 2146 1614 imperatoriis
2168 1525 2243 1593 et
2280 1516 2530 1592 senili-

246 1650 385 1722 bus
427 1645 717 1720 artibus
759 1643 1208 1740 spectandus
1246 1642 1660 1718 videbatur.
1706 1641 1809 1717 At
1848 1644 2268 1717 caesariani
2306 1643 2528 1739 gnari

254 1770 683 1872 praesentis
738 1769 969 1861 exitii,
1029 1769 1291 1844 incerti
1350 1777 1423 1843 et
1462 1769 1720 1866 effugii
1777 1775 1851 1843 et
1905 1769 2282 1867 praesidii,
2324 1768 2523 1843 dedi·

260 1897 547 1974 tionem
642 1896 1076 1970 occlamant.
1172 1894 1412 1990 Igitur
1504 1896 1557 1971 J
1564 1895 1917 1987 ohannes,
2010 1918 2103 1969 ne
2213 1893 2527 1969 ulterius

246 2024 696 2112 saeviretur,
718 2021 986 2095 milites
1007 2021 1410 2114 revocavit,
1433 2022 1733 2118 vitaque
1749 2020 2014 2096 saltem
2031 2020 2431 2118 impetrata
2441 2045 2530 2096 ac

246 2150 575 2246 singulis
659 2149 959 2224 ensibus
999 2149 1248 2225 statim
1307 2148 1518 2224 abire
1566 2149 1786 2246 jussi.
1862 2148 2070 2223 Exin
2176 2171 2349 2223 arce
2388 2146 2530 2223 Oo-

248 2302 442 2353 vazo
506 2277 785 2352 minore
862 2276 937 2350 vi
1013 2285 1462 2375 expugnata,
1539 2284 1924 2373 utramque
2032 2275 2358 2350 funditus
2434 2277 2530 2351 ob

250 2404 882 2502 propinquitatem
941 2404 1237 2478 arcibus
1309 2405 1465 2479 suis
1539 2402 1813 2478 Hustio
1885 2402 2366 2498 Mucacioque
2404 2426 2527 2477 ex-

252 2530 550 2605 scindit.
645 2530 789 2605 His
862 2530 1087 2605 rebus
1162 2530 1329 2628 pari
1403 2530 1675 2604 virtute
1751 2537 1825 2604 et
1897 2531 2194 2643 fortuna
2269 2528 2526 2625 gestis,

252 2657 556 2754 sequuti
629 2657 926 2749 imbres,
1037 2664 1294 2732 auctus
1386 2655 1780 2750 fluminum,
1874 2663 1949 2730 et
2057 2664 2530 2753 praematura

253 2786 498 2860 hiems
537 2785 1007 2881 prohibuere,
1046 2808 1139 2858 ne
1200 2782 1662 2879 Oassoviam,
1715 2786 2186 2884 Eperjesium
2228 2794 2302 2861 et
2338 2793 2527 2861 cete·

250 2933 388 2985 ras
419 2910 763 2986 civitates
800 2910 1080 2986 liberas
1137 2919 1554 3009 occuparet.
1596 2913 1715 2986 Ita
1758 2935 2106 2987 reversus
2144 2914 2527 3005 Echetum,

254 3060 513 3112 arcem
568 3044 834 3112 natura
892 3045 966 3111 et
1021 3044 1183 3111 arte
1221 3036 1807 3129 munitissimam,
1846 3060 1989 3113 uno
2029 3038 2252 3130 aditu,
2292 3057 2526 3134 eoque

257 3172 607 3261 angust0‚
650 3170 902 3239 cetera
940 3159 1327 3261 profundis
1366 3165 1680 3239 lacubus
1719 3165 1873 3240 late
1949 3163 2525 3240 circumfunden-

256 3294 490 3383 tibus,
586 3296 660 3364 et
717 3289 1177 3365 validissimo
1275 3289 1611 3365 caesaris
1704 3290 2083 3388 praesidio
2158 3288 2528 3366 firmatam

268 3414 849 3517 oppugnandam
895 3415 1175 3490 statuit.
1217 3413 1368 3490 Sed
1406 3415 1766 3491 Nicolaus
1805 3412 2224 3490 Bathoreus
2281 3412 2525 3489 condi·

261 3546 510 3619 tiones
551 3542 872 3635 easdem,
932 3564 1118 3638 quas
1157 3542 1589 3635 vardenses,
1646 3539 2071 3639 paciscitur.
2148 3539 2359 3614 Haec
2412 3561 2529 3615 us-

260 3697 411 3773 que
472 3670 572 3744 ad
608 3669 865 3744 Nonas
904 3668 1364 3745 Decembres
1422 3676 1608 3744 acta.
1670 3665 2019 3743 Ceterum
2072 3667 2296 3764 paulo
2354 3673 2526 3740 ante

260 3795 825 3875 Maximilianus
880 3781 1233 3871 tributum
1272 3797 1520 3889 trium·
1548 3817 1904 3870 annorum
1940 3816 2076 3892 per
2116 3790 2524 3888 Georgium

262 3926 649 4001 Albanum
670 3922 761 3997 de
783 3919 1087 4015 Chirke,
1103 3930 1177 3996 et
1196 3922 1541 3998 A'catium
1564 3919 1835 4018 Chaby
1853 3919 2297 4020 Byzantium
2317 3917 2528 3992 mise-

268 4058 413 4134 rat,
492 4047 839 4141 adjuncto
953 4047 1317 4122 Michaele
1410 4044 1817 4125 Cernovith
1901 4067 2135 4144 nuper
2208 4043 2526 4142 profugo

258 4173 673 4272 Byzantio,
750 4171 946 4247 datis
1046 4171 1416 4248 mandatis
1511 4171 2059 4246 confirmandae
2154 4177 2520 4267 paternae

262 4302 505 4400 pacis.

458 4428 664 4501 Inter
683 4425 870 4500 haec
893 4422 1679 4521 SigismundiAugusti
1702 4420 2058 4497 Poloniae
2077 4419 2285 4515 regis
2307 4419 2526 4493 datae

260 4555 365 4629 ad
404 4573 788 4627 caesarem
822 4549 1117 4626 litterae
1138 4549 1561 4645 redduntur,
1598 4574 1768 4626 nam
1808 4572 1903 4624 ex
1924 4545 2327 4623 Lithvania
2364 4542 2518 4617 lon·
