3293 5219
2442 244 2548 321 43

293 484 653 540 revocare
728 462 1215 560 nequicquam
1294 462 1765 537 conabantur.
1845 462 2193 552 Militum,
2271 461 2393 560 qui
2450 462 2545 536 ab

291 592 431 666 bae
471 590 687 665 clade
728 590 946 663 etiam
987 596 1251 688 postea
1325 589 1632 665 reduces
1711 588 2161 687 postliminio
2201 590 2548 665 revertis-

293 726 478 807 sent,
556 716 754 792 haud
794 716 983 791 alios
1022 717 1367 815 comperi,
1450 740 1663 813 quam
1743 714 2111 791 Simonem
2172 715 2547 812 Forgach,

289 847 538 920 multis
616 844 1045 925 vulneribus
1122 850 1433 942 captum,
1508 845 1627 941 qui
1708 867 1936 943 saepe
1995 844 2090 919 ad
2167 843 2549 941 gemonias

288 971 685 1047 mandante
726 970 1043 1046 Amhato
1119 978 1501 1062 retractus,
1542 979 1616 1046 et
1690 971 2007 1047 avaritia
2083 972 2400 1048 hostium
2438 996 2553 1046 re-

295 1108 687 1187 servatae,
763 1098 858 1172 ab
936 1094 1237 1172 Gazano
1316 1097 1548 1171 bassa
1620 1098 2047 1172 temesiensi
2127 1098 2351 1172 multo
2431 1123 2543 1172 ar-

302 1233 530 1322 gento
572 1233 690 1299 est
764 1224 1153 1307 redemtus.
1251 1222 1673 1323 Stephanus
1713 1224 2006 1322 Hispan
2087 1221 2407 1299 Simonis
2446 1225 2547 1298 le-

297 1363 524 1449 gatus
600 1352 912 1427 eximiae
989 1351 1442 1427 fortitudinis
1519 1376 1608 1425 ac
1667 1351 2125 1450 prudentiae,
2165 1375 2314 1425 una
2387 1375 2545 1427 cum

293 1481 670 1557 nonnullis
712 1478 1086 1575 gregariis
1126 1478 1529 1576 Hispanis,
1571 1502 1730 1553 cum
1789 1503 1923 1576 per
1963 1480 2227 1552 collum
2306 1480 2535 1575 longa

296 1617 564 1685 catena
588 1608 994 1697 duceretur,
1033 1613 1424 1702 antequam
1448 1606 1888 1704 Byzantium
1926 1606 2396 1702 attingerent,
2417 1631 2543 1682 un-

295 1740 380 1812 de
436 1736 717 1810 nullam
754 1736 913 1808 fore
954 1732 1220 1807 salutis
1261 1754 1465 1830 spem
1506 1741 1866 1830 putarent,
1926 1732 2229 1807 audacis
2270 1732 2556 1808 consilii

296 1872 559 1938 auctor
598 1862 898 1937 exstitit.
960 1860 1297 1956 Namque
1339 1861 1683 1936 simulato
1743 1860 2078 1959 lapillum
2117 1860 2190 1934 in
2231 1862 2555 1935 calceum

298 1991 679 2074 incidisse,
722 1996 941 2085 atque
980 2008 1322 2083 gressum
1400 1987 1777 2086 impedire,
1819 2010 2099 2079 manus,
2141 2010 2329 2084 quae
2369 2010 2554 2062 sem-

294 2141 421 2214 per
458 2117 772 2193 manicis
803 2116 1070 2191 ferreis
1109 2124 1319 2192 erant
1367 2118 1690 2211 junctae,
1733 2138 1893 2205 cum
1935 2117 2233 2191 laxatae
2274 2123 2546 2205 essent,

300 2253 601 2343 arrepta
661 2242 1054 2317 machaera
1113 2242 1417 2316 barbari
1479 2241 1574 2314 ab
1615 2242 1873 2332 latere,
1917 2264 2078 2315 eum
2119 2242 2364 2316 statim
2404 2248 2549 2319 tru-

300 2372 592 2459 cidavit,
668 2371 977 2445 cultrum
1038 2369 1282 2459 sociis,
1324 2377 1402 2442 ut
1451 2367 1744 2442 vincula
1783 2369 2180 2459 solverent,
2219 2366 2551 2467 projecit,

295 2507 720 2596 tantumque
765 2496 1159 2596 pugnando
1201 2496 1461 2587 effecit,
1501 2502 1580 2569 ut
1619 2495 1838 2593 pauci
1877 2496 2386 2586 barbarorum,
2430 2495 2549 2591 qui

296 2627 698 2728 ducebant),
739 2625 1197 2721 aufugerint,
1237 2622 1723 2719 excussisque
1762 2622 1961 2697 illico
2020 2622 2323 2714 catenis,
2365 2622 2549 2698 socii

294 2754 620 2853 dispersi
659 2761 864 2844 sunt,
905 2752 1067 2850 ipse
1108 2772 1283 2825 vero
1323 2774 1459 2848 per
1480 2756 1767 2824 noctem
1806 2750 1947 2825 iter
1984 2750 2290 2842 faciens,
2330 2748 2548 2824 inter-

304 2882 422 2956 diu
499 2881 574 2954 in
654 2879 867 2953 silvis
946 2877 1466 2967 delitescebat,
1526 2875 1750 2950 vitam
1812 2877 2237 2974 agrestibus
2312 2878 2552 2976 pomis

294 3010 800 3096 sustentando,
879 3007 974 3082 ad
1050 3007 1405 3102 bulgaros
1470 3004 1831 3104 pervenit,
1892 3029 2195 3103 quorum
2270 3007 2546 3083 auxilio

292 3146 556 3235 postea
592 3135 832 3210 rediit.
911 3132 1157 3209 Ursae
1197 3133 1478 3231 polaris
1559 3133 1913 3208 beneficio
1970 3134 2390 3210 affirmabat
2466 3158 2549 3209 se

294 3261 629 3352 scivisse,
670 3284 815 3358 qua
901 3260 1045 3333 sibi
1084 3259 1522 3334 veniendum
1581 3267 1803 3334 esset.
1898 3261 2282 3336 Martonos
2358 3263 2547 3337 enim

297 3389 565 3488 oppido
620 3385 1006 3461 Inferioris
1045 3385 1480 3481 Hungariae
1523 3394 1764 3480 natus,
1805 3388 2083 3485 campis
2121 3389 2546 3485 patentibus

296 3525 641 3602 assvetus
735 3522 934 3603 erat,
1013 3520 1086 3587 et
1169 3514 1244 3588 in
1312 3515 1953 3589 excursationibus
2040 3517 2417 3590 nocturnis
2476 3522 2549 3590 et

297 3639 696 3716 hostilibus
754 3639 934 3714 mire
976 3639 1448 3732 exercitatus,
1507 3640 1580 3714 in
1623 3665 1768 3738 qua
1806 3640 2135 3739 planitie,
2172 3641 2315 3715 nisi
2356 3643 2542 3717 bene

295 3768 574 3865 peritus
652 3766 815 3863 quis
854 3764 951 3838 sit
987 3766 1370 3841 stellarum
1448 3768 1946 3863 quarumdam,
2004 3768 2225 3843 facile
2266 3776 2381 3843 est
2435 3792 2544 3843 er-

295 3918 479 3984 rare,
535 3901 611 3967 et
648 3893 723 3966 in
761 3914 1019 3967 manus
1057 3890 1378 3968 hostium
1415 3893 1685 3969 venire.
1785 3897 1958 3994 Ipse
2000 3894 2268 3994 quippe
2329 3895 2532 3970 Volf-

299 4042 584 4116 gangus
663 4018 1067 4115 Batthyani
1087 4007 1153 4114 *ἢ
1249 4018 1323 4092 in
1359 4021 1831 4116 praefectura
1898 4023 2194 4116 legatus
2253 4020 2533 4095 Loson-

722 4198 838 4206 ...-

508 4265 571 4334 ¹⁵)
590 4265 836 4326 Istvanfi
853 4269 1131 4342 jegyzete
1156 4290 1170 4325 ε
1206 4270 1323 4326 Iste
1345 4267 1730 4346 wolfgangus
1751 4271 2041 4337 Bathiani,
2064 4269 2219 4328 filius
2242 4270 2548 4331 Benedicti

299 4355 586 4430 Bathiany
630 4376 663 4415 e
700 4357 1033 4440 catharina¹
1060 4358 1299 4417 Istvanfi
1357 4376 1554 4418 sorore
1609 4363 1795 4432 patris
1852 4360 1962 4418 mei
2018 4359 2127 4418 fuit
2163 4363 2414 4437 genitus,
2479 4368 2541 4421 et

292 4449 527 4517 primum
569 4448 728 4504 bello
766 4450 929 4507 civili
970 4469 1005 4507 a
1043 4450 1320 4507 Ladislao
1364 4449 1520 4508 More
1562 4457 1766 4523 captus
1806 4450 1930 4523 fuit,
1973 4471 2043 4511 ac
2082 4453 2156 4509 ab
2196 4470 2265 4510 eo
2302 4453 2536 4512 Havam

293 4536 586 4604 deductus,
626 4555 775 4612 quae
816 4557 945 4596 cum
985 4559 1020 4597 a
1057 4541 1265 4598 Turcis
1304 4560 1420 4601 una
1456 4560 1585 4600 cum
1623 4543 1749 4615 ipso
1788 4543 2060 4601 Ladiolao
2097 4543 2258 4604 More
2301 4561 2549 4619 capere·
