3293 5219
2374 345 2534 422 415

259 580 693 676 quaesitae,
716 578 1220 677 multiplicatis
1233 580 1421 653 odiis
1433 579 1618 654 iram
1632 579 2385 679 accenderant,usque
2404 581 2529 656 ad-

252 728 377 794 eo,
423 713 512 779 ut
548 705 614 778 si
654 706 864 780 modo
904 728 1033 779 eos
1071 704 1323 780 delere
1360 712 1639 800 posset,
1691 730 1736 778 a
1774 707 2097 780 barbaro
2137 714 2528 801 perpetuo-

251 853 414 927 que
457 831 674 905 hoste
709 830 1062 905 auxilium
1100 837 1303 906 esset
1339 832 1723 927 petiturus.
1743 831 2099 922 Alterum,
2137 839 2218 906 ut
2244 832 2299 908 J
2304 834 2525 909 ohan-

250 978 406 1030 nes
451 958 556 1029 II.
611 956 733 1052 qui
791 956 1049 1030 iisdem
1099 956 1522 1032 foederibus
1561 958 2076 1051 contineretur,
2114 959 2309 1034 intra
2346 983 2523 1035 suos

246 1081 457 1156 fines
538 1104 618 1156 se
693 1082 1114 1173 contineret,
1192 1105 1332 1157 nec
1408 1105 1848 1179 quemquam
1924 1083 2157 1181 copiis
2204 1087 2521 1181 Juvaret.

252 1207 661 1282 Metuebat
712 1208 902 1281 enim
962 1207 1243 1298 merito,
1293 1207 1466 1304 quin
1506 1206 1803 1303 Ungari
1842 1209 2013 1282 novi
2054 1210 2337 1306 aliquid
2374 1236 2521 1287 mo-

244 1333 410 1407 turi
453 1341 727 1408 essent.
757 1333 948 1408 Nam
969 1336 1218 1428 palam
1239 1357 1493 1408 omnes
1532 1334 2087 1430 praedicabant,
2110 1359 2269 1410 cum
2309 1340 2519 1436 leges

244 1457 802 1553 libertatesque
858 1466 1081 1554 atque
1127 1458 1639 1556 jusJurandum
1699 1483 1845 1535 non
1899 1460 2393 1550 observaret:
2435 1487 2517 1539 se

247 1605 564 1679 quoque
601 1585 797 1659 omni
833 1586 1301 1682 obligamine,
1342 1585 1511 1682 lege
1551 1588 1796 1684 patria
1852 1597 1925 1663 et
1981 1590 2279 1664 decreto
2317 1590 2519 1666 And·

245 1730 437 1783 reae
494 1711 699 1804 regis
754 1706 979 1809 (quod
1032 1720 1582 1787 sacrosanctum
1638 1735 1931 1810 semper
1967 1715 2298 1790 habitum
2371 1713 2516 1815 est)

250 1833 557 1910 solutos
596 1858 785 1911 esse.
843 1834 1009 1911 Hoc
1044 1860 1221 1912 vero
1260 1837 1443 1912 nihil
1500 1839 1856 1915 offensius
1907 1837 2305 1916 Germanis
2345 1866 2517 1920 esse

253 1968 547 2054 potest,
606 1962 898 2058 qnando
947 1963 1255 2039 libertas
1312 1965 1528 2060 regni
1565 1987 1654 2039 eo
1694 1964 1988 2040 decreto
2026 1967 2376 2060 firmatur,
2416 1969 2520 2043 ita

252 2093 334 2159 ut
375 2087 445 2160 si
490 2087 824 2180 violetur,
863 2089 936 2162 vi
977 2109 1265 2186 qnoque
1324 2097 1399 2164 et
1439 2090 1666 2164 armis
1707 2100 1964 2166 contra
2000 2090 2241 2188 ipsum
2293 2093 2513 2169 etiam

248 2234 519 2308 regem
548 2212 837 2308 impune
871 2214 1229 2290 vindicari
1267 2215 1523 2312 possit.

479 2336 847 2426 Conscius
903 2363 1082 2437 ergo
1123 2331 1398 2414 harum*
1437 2362 1681 2416 rerum
1719 2341 2290 2433 Maximilianus,
2331 2346 2505 2440 quid

251 2465 598 2540 facturus
636 2473 860 2558 esset,
883 2467 1139 2541 eratin
1177 2466 1545 2562 ambigu03
1581 2466 1800 2540 simul
1841 2466 2059 2540 etiam
2098 2468 2502 2561 gliscentes
2615 2488 2633 2503 ·

248 2591 414 2684 jam
471 2591 834 2668 factiones
893 2594 1281 2669 metuebat.
1342 2591 1643 2668 Sciebat
1681 2592 1872 2667 enim
1909 2593 1980 2698 ⁸J
1989 2592 2350 2669 ohannem
2405 2598 2503 2671 11.

255 2717 775 2794 occasionibus
813 2719 1189 2812 intentum,
1210 2728 1288 2795 ut
1325 2719 1509 2795 fines
1531 2740 1709 2792 suos
1732 2719 2065 2816 proferre
2122 2731 2399 2817 posset3
2437 2731 2512 2798 et

253 2841 558 2939 legatos
580 2867 869 2942 quoque
890 2847 984 2921 ad
1007 2844 1356 2921 Selimum
1379 2868 1536 2920 cum
1549 2846 1974 2919 muneribus
2014 2854 2087 2920 et
2123 2848 2511 2944 promissis
2624 2948 2631 2951 ⁸

257 2970 582 3061 misisse,
604 2973 668 3045 si
708 2973 779 3045 in
811 2980 1018 3050 tanta
1036 2974 1427 3047 occasione
1465 2972 1738 3047 bellum
1758 2973 2004 3046 facere
2023 2973 2506 3069 permisisset.

257 3095 362 3169 At
373 3093 697 3171 Selimus
709 3097 980 3172 bellum
1005 3098 1438 3173 maritimum
1460 3097 1534 3170 in
1554 3098 1887 3172 Venetos
1908 3106 2255 3193 moturus,
2277 3101 2506 3175 misso

256 3223 525 3297 nuncio
601 3221 873 3298 bellum
935 3224 1289 3298 concitari
1347 3222 1547 3297 nullo
1604 3222 1819 3299 modo
1856 3245 2127 3320 passus
2185 3233 2321 3307 est}
2367 3223 2505 3298 hoc

256 3347 499 3422 solum
592 3370 952 3446 responso
1045 3348 1139 3423 ad
1214 3351 1471 3445 plures
1564 3347 1980 3443 legationes
2072 3349 2286 3423 dato:
2396 3351 2501 3421 in-

256 3471 606 3570 telligere
644 3497 729 3549 se
765 3475 1158 3550 nonnullos
1215 3497 1376 3550 eum
1470 3474 1715 3548 vivum
1738 3495 1914 3548 esse
1948 3472 2169 3565 nolle,
2211 3497 2299 3546 ac
2338 3475 2501 3569 ejus

258 3606 496 3674 morte
569 3601 1022 3675 commodum
1097 3601 1473 3699 proprium
1549 3599 1737 3674 clam
1794 3599 2091 3692 sectari3
2144 3607 2294 3674 tum
2369 3599 2500 3673 illo

255 3730 591 3819 tempore
647 3748 860 3821 quam
902 3725 1000 3801 sit
1043 3725 1537 3823 periculosum
1591 3724 1777 3800 tanti
1826 3724 2171 3799 momenti
2224 3725 2498 3798 bellum

258 3871 580 3945 movere;
617 3850 785 3925 ideo
825 3851 1142 3926 svadere
1181 3874 1265 3925 se
1302 3851 1549 3949 potius
1588 3849 2222 3947 tranquillitatem.
2267 3850 2497 3925 Litte-

259 3998 382 4050 ras
441 3998 733 4073 quoque
797 3984 946 4051 tum
989 3976 1305 4074 publice,
1361 3984 1515 4051 tum
1571 3971 1917 4073 privatim
1975 3975 2071 4048 ad
2143 3997 2496 4072 proceres

255 4102 582 4196 miserat3
622 4124 804 4198 quas
844 4100 1150 4200 Gaspar
1186 4102 1442 4179 Bekes
1481 4102 1577 4177 ab
1616 4101 1911 4191 nuncio,
1980 4100 2153 4195 quia
2208 4101 2300 4175 de
2366 4100 2499 4175 illo

254 4228 609 4304 atrociter
664 4229 1156 4324 loquerentur,
1217 4228 1418 4303 mille
1490 4228 1783 4304 talleris
1857 4225 2188 4303 redemit.
2269 4228 2496 4304 Istius

250 4356 440 4429 enim
532 4333 828 4427 consilii
931 4359 1229 4451 praeter
1339 4350 1764 4451 Gasparem
1853 4352 2148 4446 Beques
2255 4361 2330 4427 et
2382 4377 2495 4430 re·

251 4504 441 4574 gem,
480 4489 695 4554 erant
731 4478 1176 4577 paucissimi,
1249 4485 1648 4576 propterea
1694 4476 1891 4572 quod
1964 4477 2297 4551 omnibus
2335 4478 2494 4554 fere

251 4605 697 4703 displicebat
753 4605 1024 4679 bellum
1118 4626 1263 4679 non
1337 4611 1457 4677 sat
1511 4606 1720 4678 firmo
1804 4602 2085 4698 judicio
2142 4603 2495 4680 inchoari.
