3293 5219
2310 338 2467 419 395

212 557 517 634 decreto
555 560 631 634 in
672 561 1059 659 pristinum
1100 569 1371 637 statum
1413 570 1485 637 et
1524 561 1992 660 splendorem
2015 561 2459 636 restitueret.

211 684 610 783 Nunquam
669 688 860 762 enim
896 687 1210 763 feminas
1283 688 1358 762 in
1409 684 1682 763 Galliis
1723 713 1814 763 ex
1853 689 2090 763 veteri
2127 687 2463 762 instituto

209 814 462 910 gentis
523 818 650 887 aut
707 813 1010 888 tutrices
1087 822 1213 888 aut
1250 814 1815 911 gubernatrices
1856 814 2129 910 egisse,
2189 812 2461 912 quippe

211 939 460 1036 legem
519 939 850 1025 salicam,
891 942 1246 1016 hactenus
1297 964 1511 1016 sacro
1555 948 1888 1015 sanctam
1945 941 2019 1015 id
2061 938 2458 1024 disertissi-

209 1090 325 1140 me
365 1074 640 1141 vetare.
682 1066 735 1142 J
741 1090 859 1141 am
898 1067 962 1140 si
1003 1067 1293 1142 omnino
1333 1066 1405 1142 in
1445 1065 1618 1142 aula
1658 1091 1889 1164 agere
1927 1066 2152 1154 malit,
2193 1067 2456 1140 saltem

198 1192 531 1268 imitetur
585 1196 938 1290 reginam,
996 1217 1184 1291 quae
1240 1195 1520 1270 Bianca
1579 1202 1843 1270 vocata
1879 1193 2037 1267 fuit.
2090 1194 2204 1268 E‘a
2260 1191 2450 1266 enim

199 1318 277 1393 in
317 1319 492 1394 aula
530 1310 876 1416 degebat,
916 1319 1051 1395 sed
1107 1319 1383 1394 nullam
1436 1320 2148 1395 administrationem
2209 1318 2447 1416 publi-

200 1468 366 1519 cam
405 1445 844 1541 attingebat,
904 1453 974 1519 et
1015 1446 1109 1519 ad
1150 1446 1638 1520 differentiam
1698 1446 1976 1520 Bianca
2015 1442 2449 1542 appellaba-

197 1578 341 1663 tur,
401 1571 596 1667 quod
633 1571 899 1646 viduae
949 1571 1253 1666 reginae
1310 1572 1394 1647 ‘in
1456 1569 1736 1646 Galliis
1776 1594 1919 1645 non
1974 1572 2269 1669 pullam,
2329 1571 2449 1644 vel

200 1705 445 1770 atram
499 1698 779 1772 vestem
838 1718 1036 1770 more
1099 1697 1411 1772 aliarum
1469 1697 1812 1793 gentium,
1872 1696 2006 1771 sed
2064 1694 2449 1769 candidam

200 1829 510 1916 gestare
549 1823 812 1899 solitae
850 1825 1165 1917 fuerant,
1206 1832 1462 1900 contra
1503 1848 1718 1921 quam
1776 1824 2125 1900 moderna
2165 1823 2446 1918 regina,

200 1971 390 2044 quae
431 1956 504 2022 et
541 1949 706 2046 ipsa
764 1950 994 2025 italici
1031 1951 1331 2046 generis
1355 1950 1427 2024 iu
1457 1952 1599 2025 hoc
1637 1950 1855 2025 etiam
1898 1950 2255 2024 Italorum
2294 1971 2445 2022 ser·

195 2083 411 2148 varet
431 2077 1047 2150 consvetudinem.
1073 2075 1224 2152 Sed
1261 2100 1474 2151 unum
1498 2076 1960 2174 potissimum
1992 2073 2445 2148 cardinalem

195 2198 753 2295 Lotharingum,
793 2202 1155 2277 hominem
1213 2204 1708 2302 peregrinum,
1779 2201 2303 2275 fabricatorem
2360 2222 2434 2273 o·

192 2325 461 2401 mnium
484 2329 856 2418 malorum,
897 2329 1369 2427 impulsorem
1391 2329 1596 2426 regis
1621 2337 1843 2424 atque
1883 2328 2209 2423 reginae,
2250 2324 2443 2401 omni

188 2474 501 2550 prorsus
523 2454 1159 2530 administratione
1199 2463 1418 2553 atque
1460 2458 1554 2530 ab
1592 2456 1761 2553 ipsa
1800 2454 1973 2528 aula
2012 2453 2441 2529 dimoverat.

192 2576 442 2674 thue
481 2601 614 2675 pro
657 2599 904 2656 eorum
944 2582 1343 2657 securitate
1417 2590 1570 2657 tres
1609 2580 1974 2672 civitates,
2012 2577 2440 2688 Bononiam,

191 2699 529 2778 Caletum
555 2707 1039 2783 etMetensem
1061 2708 1436 2783 civitatem
1460 2708 1799 2783 manibus
1822 2731 2070 2783 eorum
2090 2706 2439 2800 traderet,

196 2837 418 2926 atque
460 2831 788 2907 Helvetii
829 2842 1508 2929 exauctorarentur3
1549 2858 1788 2932 neque
1830 2835 2020 2910 enim
2077 2834 2441 2930 intellige-

188 2963 375 3048 rent,
417 2980 559 3053 quo
601 2965 709 3033 tot
731 2961 1093 3037 bellorum
1131 2963 1425 3056 indicia,
1469 2985 1687 3061 quam
1727 2962 1822 3036 ad
1855 2985 1983 3038 eos
2025 2961 2437 3059 opprimen-

194 3079 330 3153 dos
390 3092 833 3180 spectarent.
893 3086 1043 3163 Sed
1099 3090 1389 3163 nomine
1430 3088 1634 3185 regis
1697 3086 2268 3162 dissumalanter
2322 3107 2434 3158 re-

186 3208 911 3314 spondebatur,fore,
949 3214 1125 3289 utin
1157 3214 1416 3289 melius
1437 3213 1870 3313 propediem
1910 3213 2152 3287 omnia
2192 3233 2432 3286 emen-

184 3330 557 3421 darentur,
598 3344 675 3410 ut
713 3339 1138 3436 perspicere
1195 3340 1506 3438 possint,
1550 3339 1742 3413 velle
1764 3363 2037 3434 regem,
2097 3336 2434 3412 omnibus

182 3459 326 3532 sibi
368 3462 728 3558 subjectis
769 3488 860 3540 ex
902 3489 1137 3563 aequo
1169 3475 1252 3543 ‚et
1274 3469 1467 3542 bono
1508 3466 1914 3558 consulere3
1956 3486 2182 3561 saepe
2223 3471 2296 3538 et
2334 3462 2429 3535 ab

181 3584 447 3680 regina
486 3588 746 3663 eadem
804 3592 1093 3688 magnis
1162 3591 1823 3690 pollicitationibus
1881 3591 2429 3687 repetebantur.

182 3706 739 3796 Connestabilis
780 3724 1022 3793 autem
1079 3726 1152 3793 et
1193 3719 1700 3816 Lotharingus
1742 3717 2259 3793 Helvetiorum
2297 3713 2425 3787 mi-

182 3837 390 3911 litem
446 3844 520 3911 et
578 3843 945 3918 exercitus
1004 3844 1526 3922 conscribendi
1583 3867 1885 3919 causam
1940 3841 2426 3929 adducebant,

176 3963 553 4059 antiquum
577 3987 744 4041 esse
784 3975 856 4041 et
895 3969 1388 4045 inveteratum
1410 3969 1912 4067 Hispanorum
1961 3968 2035 4041 in
2075 3968 2425 4062 gallicum

187 4112 501 4185 regnum
542 4091 805 4183 odium,
849 4081 952 4168 et'
994 4097 1394 4171 timendum
1441 4119 1535 4170 ne
1583 4093 1972 4169 occasione
2031 4101 2254 4169 nacta
2292 4093 2422 4168 ali·

182 4215 358 4311 quid
395 4214 670 4290 hostile
710 4225 1095 4310 attentent,
1139 4221 1585 4317 praesertim
1633 4244 1806 4297 ,cum
1865 4221 1939 4294 in
1980 4219 2220 4295 vicina
2258 4242 2424 4317 pro-

174 4339 417 4415 vincia
460 4342 726 4416 validis
746 4345 1144 4442 praesidiis
1167 4348 1431 4422 fulctos
1489 4347 2012 4440 intelligerent.
2071 4345 2282 4421 Haec
2320 4346 2427 4421 ita

175 4465 247 4540 in
287 4467 615 4564 speciem
655 4474 1239 4548 ostentabantur.
1294 4471 1688 4548 Condaeus
1727 4481 1947 4569 atque
1988 4472 2115 4547 alii
2154 4473 2420 4571 primo·

172 4615 292 4668 res
333 4596 786 4680 reformatae
828 4599 1212 4697 religionis
1255 4600 1414 4697 viri,
1455 4599 2146 4697 ingravescentibus
2196 4601 2419 4676 rebus
