3293 5219
713 338 731 356 α
787 301 946 377 222

784 515 1156 608 incitatus,
1232 513 1607 611 negotium
1683 516 2258 613 promovendum
2333 519 2674 595 omnibus
2754 521 3041 597 viribus

779 643 1258 738 suscepisset,
1299 642 1422 740 qui
1462 642 1852 739 plurimum
1889 650 2219 745 poterat:
2261 668 2499 742 quam.
2538 647 3041 724 occultissime

775 769 1035 871 potuit,
1075 768 1318 844 omnia
1353 769 1782 843 necessaria
1823 778 2232 865 comparat3
2293 794 2582 869 quoque
2619 796 2745 847 res
2784 774 2886 849 sit
2920 797 3041 848 oc-

776 897 1064 987 cultior,
1098 895 1173 970 in
1229 893 1598 990 publicum
1636 894 2016 993 spargitur
2067 895 2263 969 fama
2321 897 2603 992 mortis,
2679 906 2906 998 atque
2962 903 3035 975 in

782 1022 1052 1122 oppido
1106 1018 1515 1096 Cesmarco
1592 1019 1952 1096 Albertus
1992 1020 2280 1097 Lascus
2319 1024 2612 1117 publice
2655 1027 2881 1101 funus
2922 1026 3042 1101 de-

783 1147 1000 1223 ducit.
1040 1145 1190 1221 Per
1211 1168 1566 1222 summam
1605 1168 1788 1242 ergo
1827 1146 2404 1223 taciturnitatem
2428 1172 2706 1227 summe
2728 1153 3044 1243 Lascus,

781 1285 856 1351 et
930 1273 1278 1372 despotes
1314 1272 1780 1347 laborabant.
1822 1271 1925 1347 At
1961 1273 2413 1352 Franciscus
2453 1275 2616 1375 Zay
2643 1277 3039 1354 Antonium

778 1399 1015 1476 Zekel
1089 1399 1186 1474 ad
1257 1398 1801 1497 suscipiendam
1840 1399 2384 1495 expeditionem
2415 1402 2776 1497 hortatur,
2817 1412 3039 1502 atque

774 1527 1065 1604 tandem
1101 1525 1398 1618 inducit,
1438 1547 1653 1621 quem
1669 1524 1747 1599 in
1768 1526 2107 1601 omnibus
2147 1528 2367 1602 bellis
2388 1527 2877 1605 fortissimum
2935 1540 3037 1605 at-

780 1679 920 1752 que
976 1654 1412 1730 accerimum
1517 1662 1991 1750 cognoverat.
2117 1654 2305 1729 Erat
2382 1663 2626 1731 autem
2701 1658 2853 1732 dux
2914 1654 3039 1730 CC

785 1782 1128 1881 equitum,
1150 1789 1225 1856 et
1241 1802 1570 1857 summae
1591 1779 1702 1855 rei
1719 1760 2167 1877 praeficitur.
2192 1778 2487 1858 Ceteris
2526 1784 2892 1876 omnibus,
2916 1784 3038 1881 qui

777 1909 1076 1999 vellent,
1114 1913 1560 2005 potestatem
1616 1905 1799 1980 facit
1864 1905 2406 2003 proficiscendi.
2486 1909 2667 1985 Ideo
2745 1909 2799 1986 J
2803 1906 3031 1984 ohan·

779 2058 911 2110 nes
1003 2031 1259 2132 Villey
1277 2028 1369 2131 ²¹⁸),
1461 2032 1759 2108 natione
1854 2032 2122 2129 gallus,
2199 2034 2333 2109 sed
2370 2036 2445 2108 in
2592 2036 3033 2133 pannonicis

778 2159 1002 2236 bellis
1041 2159 1165 2234 diu
1202 2159 1610 2252 exercitus,
1671 2166 1744 2234 et
1798 2165 1950 2234 tum
2008 2156 2070 2233 O
2128 2143 2450 2256 equitum
2527 2161 2694 2254 dux,
2771 2187 2865 2237 ac
2900 2162 3036 2239 ,Jo-

741 2350 744 2353 ,
782 2290 1065 2363 hannes
1139 2286 1409 2363 Petrus
1483 2285 1906 2363 Ruscellius
1965 2287 2398 2383 burgundus
2458 2312 2620 2364 cum
2678 2289 3035 2387 quinqua-

781 2414 992 2511 ginta
1048 2414 1340 2489 circiter
1397 2413 1770 2509 equitibus
1847 2414 2487 2510 burgundionibus
2561 2415 3038 2514 sclopetariis

783 2549 857 2617 et
892 2538 1216 2639 galeatis
1269 2562 1418 2617 una
1479 2541 2065 2638 proficiscuntur.
2125 2544 2213 2618 In
2272 2538 2550 2618 Silesia
2609 2550 2903 2619 centum
2961 2551 3033 2620 et

782 2669 1321 2767 quinquaginta
1359 2668 1645 2766 equites
1685 2668 2060 2763 gravioris
2099 2678 2521 2747 armaturae
2581 2668 2767 2745 duce
2807 2669 3035 2745 Petro

779 2792 1081 2871 Sedliza
1134 2793 1551 2872 Rucovscio
1620 2794 2204 2870 conscribuntur.
2268 2792 2522 2870 Ceteri
2579 2795 2874 2892 equites
2931 2806 3035 2872 at·

780 2944 920 3018 que
999 2920 1292 3020 pedites
1381 2921 1719 3019 plerique
1812 2944 1905 2995 ex
1962 2923 2295 2997 exercitu
2351 2922 2683 2998 caesaris
2740 2932 3034 2999 consta·

776 3049 976 3122 bant.
1038 3044 1335 3123 Summa
1386 3056 1634 3123 tamen
1692 3047 2014 3121 omnium
2071 3045 2294 3123 MDC
2332 3070 2477 3123 non
2555 3048 2877 3148 amplius
2936 3052 3034 3125 ef-

786 3171 1125 3270 ficiebat3
1202 3183 1570 3251 tormenta
1656 3197 1833 3249 vero
1909 3182 2095 3248 octo.
2139 3174 2282 3248 His
2324 3174 2559 3274 copiis
2634 3181 2862 3273 atque
2918 3176 3035 3252 his

774 3300 1081 3378 ducibus
1120 3299 1172 3379 J
1175 3301 1450 3376 acobus
1508 3299 1866 3396 Ongvaro
1923 3299 2335 3374 Mucacium
2402 3322 2667 3376 versus
2743 3323 2835 3375 ac
2872 3309 3031 3377 tan-

773 3429 939 3505 dem
1033 3429 1128 3504 ad
1199 3437 1487 3504 montes
1562 3422 1989 3501 ruthenicos
2063 3425 2331 3523 pergit.
2409 3426 2510 3500 Et
2583 3449 3029 3524 quamquam

770 3552 1151 3629 Ruthenos
1244 3561 1466 3651 atque
1523 3551 1847 3626 Polonos
1940 3550 2420 3647 impedituros
2495 3551 2710 3643 viam,
2797 3573 3027 3649 quan-

764 3687 916 3755 tum
952 3686 1282 3777 possent,
1320 3677 1686 3753 sciebant:
1764 3685 2005 3752 tamen
2046 3676 2209 3750 dum
2286 3678 2709 3773 praefectus
2748 3676 3026 3755 Ruthe-

768 3805 958 3899 niae,
981 3805 1105 3903 qui
1115 3803 1697 3902 jam-exercitum
1719 3803 2257 3894 conscribebat,
2279 3806 2598 3898 majores
2619 3804 2879 3903 copias
2902 3806 3024 3881 ad-

767 3939 1113 4025 moveret,
1152 3928 1577 4007 evadendos
1599 3930 1839 4006 saltus
1861 3939 1934 4006 et
1969 3929 2489 4026 impedimenta
2508 3930 2794 4006 viarum
2835 3952 3024 4008 sum-

764 4081 887 4132 ma
939 4057 1318 4133 celeritate
1339 4057 1783 4152 censebant;
1842 4056 2269 4153 duobusque
2325 4056 2400 4130 in
2438 4056 2624 4130 locis
2683 4055 3021 4152 disjectis

763 4185 889 4282 qui
925 4183 1283 4285 impedire
1321 4184 1799 4275 conabantur,
1840 4190 1914 4256 et
1962 4181 2338 4283 aliquibus
2376 4205 2627 4259 eorum
2667 4182 3016 4260 interfec-

759 4309 878 4402 tis,
955 4310 1051 4385 ad
1124 4310 1472 4409 oppidum
1528 4308 1936 4408 Estepnicz
1992 4309 2068 4382 in
2124 4307 2530 4383 confinibus
2587 4308 3016 4386 Moldaviae

759 4435 1224 4533 perveniunt.
1281 4431 1382 4509 At
1436 4435 1490 4512 J
1494 4437 1774 4512 acobus
1830 4435 2195 4511 neminem
2250 4433 2347 4508 ad
2405 4458 2486 4509 se
2544 4434 2867 4510 deficere
2924 4459 3012 4510 ac

761 4560 1034 4650 venire,
1074 4567 1334 4634 contra
1371 4582 1587 4656 quam
1625 4567 2087 4656 speraverat,
2109 4560 2548 4656 angebatur;
2589 4561 3006 4636 consilium-

868 4731 1044 4772 lotvmfl
1066 4733 1263 4782 με’-ιιι.
1283 4748 1291 4770 :
1314 4731 1580 4782 sumundu-
