3293 5219
783 261 1136 330 LXXVIII

775 472 955 539 ram,
997 455 1071 521 et
1109 446 1379 522 leniam
1418 467 1695 539 meum;
1737 444 1812 518 id
1851 443 2040 519 enim
2081 467 2199 519 me
2234 444 2443 518 iuvat
2500 466 2831 542 sperare,
2873 464 3038 520 cum

775 576 1048 675 optime
1106 581 1407 659 teneas,
1467 592 1614 668 qua
1672 593 1813 667 ego
1870 570 2007 646 sim
2064 571 2138 643 in
2195 579 2266 645 te
2325 569 2825 664 observantia,
2885 577 3031 645 stu·

774 703 916 793 dio,
955 720 1228 789 amore,
1264 719 1637 794 nunquam
1692 697 1875 787 fore,
1914 704 1995 772 ut
2032 696 2167 770 tibi
2222 696 2443 770 facile
2501 696 2644 770 mei
2683 696 3036 771 memoria

775 828 1066 923 effluat3
1124 821 1489 898 interdum
1548 821 1993 897 desiderium
2071 823 2375 909 subeat,
2434 821 2639 896 cuius
2697 825 3033 897 aculeum

770 957 992 1047 ferre,
1031 951 1156 1051 qui
1206 951 1401 1026 idem
1463 949 1682 1026 homo
1741 949 1857 1034 sit,
1907 948 2106 1023 haud
2160 948 2384 1023 facile
2439 956 2707 1044 potest.
2772 949 3032 1046 Neque

776 1103 957 1156 vero
994 1086 1067 1154 te
1107 1100 1249 1173 ego
1289 1098 1558 1153 censeo
1599 1074 1692 1150 de
1731 1098 1845 1148 me
1903 1082 2272 1171 tamquam
2315 1074 2406 1149 de
2454 1074 2697 1149 alieno
2737 1075 3035 1151 homine

769 1207 917 1283 iam
956 1204 1309 1300 cogitare,
1369 1202 1525 1293 sed,
1581 1208 1665 1275 ut
1721 1200 1811 1274 de
1860 1222 1948 1276 eo
1989 1200 2220 1293 decet,
2263 1199 2410 1296 qui,
2449 1208 2529 1276 ut
2565 1209 2768 1276 esset
2807 1200 3035 1299 plane

769 1340 980 1424 tuus,
1044 1328 1400 1406 beneficio
1456 1335 1582 1404 tuo
1639 1326 1916 1403 illustri
1971 1327 2256 1426 pridem
2328 1327 2663 1403 effecisti.
2738 1330 3032 1426 Itaque,

770 1456 1065 1554 quando
1101 1454 1317 1529 video
1357 1451 1533 1527 mihi
1571 1458 1918 1528 constare
1955 1459 2155 1527 tuam
2193 1452 2810 1544 benevolentiam,
2831 1461 2905 1530 te
2937 1455 3033 1529 de

770 1578 1136 1679 singulari
1172 1601 1337 1653 mea
1374 1577 1855 1653 observantia
1892 1576 2186 1652 minime
2224 1576 2604 1654 dubitare:
2638 1602 2783 1675 ego
2824 1603 3029 1673 vero,

769 1710 937 1784 Deo
975 1704 1372 1780 immortali
1409 1704 1600 1778 bene
1656 1704 1977 1794 iuvante,
2018 1727 2133 1779 me
2189 1703 2437 1779 itineri
2493 1704 2588 1778 ad
2645 1705 3027 1802 proximas

770 1831 1437 1910 Francfordienses
1492 1829 1860 1905 nundinas
1918 1829 2327 1926 accingam,
2366 1831 2821 1929 praemissis,
2860 1856 3026 1908 cum

767 1960 939 2038 aliis
995 1956 1580 2057 impedimentis,
1638 1956 2148 2043 Bibliotheca,
2207 1980 2353 2053 qua
2410 1957 2702 2053 quidem
2744 1982 3022 2042 carere,

764 2098 846 2166 ut
900 2087 1075 2179 dixi,
1130 2085 1273 2160 nisi
1326 2094 1407 2160 ut
1463 2085 1617 2160 vita
1675 2083 1891 2158 simul
1949 2082 2124 2157 mihi
2185 2083 2582 2159 carendum
2642 2084 2760 2176 sit,
2818 2085 3022 2160 haud

762 2216 985 2292 facile
1024 2235 1339 2313 possum.
1382 2210 1547 2303 Quo
1580 2210 1882 2308 quidem
1921 2208 2186 2285 itinere
2234 2209 2602 2303 faciundo,
2646 2236 2805 2288 cum
2844 2213 3022 2287 mihi

763 2363 950 2439 opus
989 2340 1090 2415 sit
1127 2338 1481 2431 subsidi0,
1522 2338 1832 2412 obsecro
1871 2344 1966 2426 te,
2009 2358 2225 2432 quam
2266 2337 2623 2432 pecuniae
2662 2361 3021 2414 summam

761 2466 1075 2544 iubebas
1112 2465 1290 2540 mihi
1337 2464 1698 2552 Viennae,
1741 2460 2277 2535 Francfordiae
2328 2484 2542 2537 cures
2581 2486 3020 2562 repraesen-

761 2591 1086 2669 tandam.
1128 2590 1242 2665 Ac
1279 2598 1453 2666 tuae
1493 2588 1809 2679 litterae,
1851 2586 1916 2662 si
1956 2586 2172 2662 dabis
2213 2611 2535 2685 operam,
2582 2597 2664 2666 ut
2701 2592 3020 2669 Turria-

758 2718 877 2793 nis
915 2724 1074 2793 tuto
1113 2717 1538 2808 reddantur,
1578 2736 1883 2809 quorum
1943 2721 2061 2788 est
2116 2715 2412 2790 celebre
2468 2736 2732 2792 nomen
2781 2718 3018 2794 Fran·

761 2843 1065 2932 cofurti,
1127 2847 1350 2939 atque
1408 2839 1483 2913 in
1538 2837 2276 2933 Norimbergensium
2355 2849 2758 2932 conventu,
2840 2844 3017 2941 quid

760 2970 936 3045 mihi
975 2968 1343 3065 agendum
1382 2966 1473 3042 de
1510 2967 1653 3040 hac
1680 2989 1760 3041 re
1794 2972 2107 3059 statuas,
2148 2965 2531 3043 docebunt.
2584 2968 2729 3044 His
2770 2976 3017 3045 autem

757 3096 965 3194 ipsis,
1007 3095 1132 3192 qui
1169 3093 1346 3168 mihi
1399 3094 1785 3192 pecuniam
1843 3092 2278 3186 dissoluent,
2328 3116 2493 3168 mea
2532 3094 2779 3169 omnia
2817 3096 3015 3171 tradi

755 3220 1024 3319 placet,
1062 3228 1144 3295 ut
1180 3220 1396 3297 simul
1458 3229 1530 3294 et
1583 3220 1722 3293 tibi
1780 3219 1874 3294 de
1930 3218 2244 3317 pecunia
2297 3229 2651 3294 caveatur
2690 3216 3016 3320 (etiamsi

757 3344 913 3422 scio
952 3370 1096 3423 non
1138 3353 1211 3421 te
1251 3346 1488 3420 minus
1525 3345 1912 3442 praeclare
1954 3344 2044 3418 de
2080 3343 2227 3419 fide
2249 3366 2434 3432 mea,
2457 3367 2674 3441 quam
2696 3345 2787 3421 de
2807 3347 3016 3443 inge-

755 3473 880 3549 nio
916 3466 1369 3568 existimare)
1411 3477 1486 3544 et
1521 3466 1697 3543 mihi
1736 3469 2346 3567 consulaturzqui
2385 3492 2528 3545 non
2566 3472 2806 3565 facile,
2846 3474 3016 3568 nisi,

752 3603 1156 3700 praecepto
1209 3594 1565 3694 temporis
1622 3594 1886 3692 spatio,
1930 3617 2089 3670 meo
2139 3594 2497 3671 adventui
2534 3620 3013 3695 praecurram

754 3723 967 3799 libris
1023 3719 1418 3810 mittendis,
1475 3742 1769 3817 sperem
1829 3743 2062 3796 meam
2124 3720 2256 3795 tibi
2312 3744 2609 3819 operam
2669 3746 2784 3798 me
2840 3748 3011 3821 pro-

748 3849 1110 3925 baturum.
1171 3847 1439 3922 Habeo
1478 3845 1550 3919 in
1592 3846 1927 3921 manibus
1986 3844 2344 3923 Caesaris
2396 3845 3010 3942 Commentarios,

749 3974 995 4049 mullis
1052 4000 1099 4049 a
1156 3997 1270 4049 me
1345 3972 2115 4049 animadversionibus
2192 3975 2659 4065 emendatos,
2737 3977 3009 4074 quibus

748 4101 1017 4176 iustum
1076 4099 1421 4178 volumen
1461 4097 1786 4189 accedet,
1826 4099 1900 4174 in
1941 4124 2106 4197 quo,
2146 4109 2348 4176 certo
2404 4102 2682 4192 ordine,
2722 4101 3010 4201 politis-

744 4225 909 4302 simi
966 4227 1350 4326 scriptoris
1408 4247 1629 4302 voces
1686 4227 2146 4324 phrasesque
2199 4249 2493 4318 omnes,
2556 4237 2736 4318 tum,
2801 4229 2998 4326 quod

745 4352 1132 4448 permagni
1163 4350 1577 4426 faciendum
1618 4358 1756 4441 est,
1797 4373 2038 4424 rerum
2095 4351 2410 4425 omnium
2455 4352 2999 4452 descriptiones

746 4474 823 4548 in
883 4475 1085 4549 locos
1142 4497 1559 4552 communes
1617 4473 1969 4549 redactae
2025 4474 2428 4571 habentur3
2487 4485 2565 4551 ut
2622 4478 2686 4551 si
2737 4479 2854 4552 eui
2898 4479 2999 4553 sit
