3293 5219
2438 240 2589 316 311

336 459 498 550 jam
541 462 703 529 tres
739 455 1073 550 legiones
1129 455 1203 528 in
1259 456 1526 529 castris
1586 465 1817 546 erant,
1896 478 2028 531 sex
2069 457 2390 554 equitum
2426 481 2598 555 ger-

355 603 733 657 manorum
793 579 1045 655 millia.
1099 579 1313 656 Haec
1366 605 1600 678 usque
1659 582 1836 657 Idus
1874 582 2122 659 Julias
2161 591 2346 658 acta.
2388 581 2600 661 Cete-

345 733 511 783 rum
549 679 1078 805 percrebuerat
1122 708 1279 804 jam
1317 708 1518 782 fama
1573 709 1830 783 turcici
1885 710 2275 810 exercitus,
2314 735 2452 786 nec
2485 717 2600 786 ta-

355 859 525 911 men
569 837 954 932 quisquam
996 834 1233 909 adhuc
1290 835 1596 928 sciebat,
1653 861 1747 911 an
1783 837 2185 935 imperator
2256 860 2603 936 persona-

348 960 525 1037 liter
562 961 760 1037 bello
800 961 1139 1059 adesset3
1178 982 1315 1036 uec
1353 962 1848 1039 referentibus
1887 965 2482 1063 exploratoribus
2520 965 2599 1038 fi-

344 1090 480 1165 des
521 1090 974 1182 habebatur3
1034 1090 1141 1164 ita
1181 1099 1677 1188 occupavaret
1731 1091 2015 1167 animos
2053 1091 2258 1190 prior
2296 1114 2599 1191 persva-

344 1218 498 1311 si03
577 1217 808 1292 donec
845 1215 1180 1316 Dravam
1238 1217 1411 1291 totis
1460 1217 1705 1314 copiis
1762 1216 1985 1315 paulo
2046 1216 2242 1292 infra
2279 1217 2598 1293 Ezecum

340 1351 567 1442 ponte
647 1343 960 1418 navibus
1021 1343 1353 1417 confecto
1430 1339 1892 1440 trajecisset‚'
1937 1367 2028 1417 ac
2081 1341 2417 1441 Sigetum
2474 1367 2599 1441 pe-

341 1478 558 1545 teret.
601 1469 912 1545 Insolita
949 1493 1084 1567 per
1124 1492 1252 1544 eos
1293 1468 1451 1543 dies
1473 1468 1781 1544 Dravae
1822 1474 1896 1544 et
1934 1465 2179 1545 Savae
2215 1469 2591 1548 inundatio

334 1596 665 1695 profusis
724 1595 873 1669 late
932 1594 1148 1669 undis
1189 1619 1467 1670 moram
1522 1594 1630 1669 illi
1688 1594 1886 1689 fecit,
1929 1617 2072 1692 quo
2129 1594 2413 1671 tardius
2476 1595 2585 1672 Si-

335 1733 590 1821 getum
629 1724 1079 1823 perveniret,
1115 1709 1301 1797 *cum
1340 1722 1412 1797 in
1471 1723 1814 1798 Inferiori
1896 1720 2236 1819 Ungaria
2310 1721 2601 1798 Pertaff

333 1852 568 1926 bassa
614 1853 772 1947 jam
816 1844 1123 1923 Giulam
1163 1851 1666 1947 oppugnabat.
1747 1846 2192 1944 Solymanus
2251 1851 2440 1924 enim
2480 1850 2589 1924 bi-

335 1976 612 2075 partito
651 1977 726 2049 in
752 1969 1114 2074 principio
1156 1974 1429 2050 bellum
1470 1975 1875 2071 gerendum
1916 1975 2176 2050 statuit
2219 1972 2590 2073 Siquidem

336 2104 711 2201 ingentem
751 2111 824 2178 et
863 2125 1280 2202 supremam
1302 2125 1594 2179 suorum
1635 2108 2017 2199 gestorum
2056 2101 2594 2201 expeditionem

337 2239 545 2306 tanto
589 2229 894 2305 consilio
936 2230 1311 2326 tantisque
1351 2229 1635 2304 viribus
1677 2236 2140 2326 susceperat,
2179 2235 2259 2303 ut
2298 2225 2599 2305 Giulam

339 2380 561 2432 unam
619 2355 929 2452 alicujus
975 2354 1319 2431 momenti
1376 2354 1738 2429 inimicam
1778 2376 2023 2429 arcem
2082 2379 2128 2428 a
2187 2362 2399 2450 tergo
2456 2375 2600 2427 non

336 2482 827 2580 relinqueret,
887 2505 1121 2580 eaque
1216 2489 1673 2580 expugnata,
1750 2480 2158 2578 conjunctis
2216 2481 2593 2556 amborum

335 2609 788 2687 exercituum
812 2608 1113 2700 viribuS,
1137 2609 1509 2705 perfracto
1534 2609 1753 2685 etiam
1793 2632 1937 2684 uno
1967 2607 2355 2707 Ungariae
2397 2607 2594 2684 clau-

336 2748 501 2816 stro
562 2735 860 2834 Sigeto,
952 2736 1026 2810 in
1096 2736 1551 2813 austrianam
1629 2735 2168 2834 expeditionem
2260 2734 2600 2811 attende-

333 2874 466 2941 ret.
545 2867 805 2962 Itaque
843 2865 1047 2963 prior
1110 2862 1400 2940 Pertaff
1459 2865 1691 2940 bassa
1729 2864 1824 2939 ad
1864 2861 2163 2940 Giulam
2202 2863 2601 2939 exercitum

343 2992 665 3070 adduxit.
744 2995 919 3091 Ipse
996 2990 1093 3066 ad
1144 2989 1479 3087 Sigetum
1536 2989 2011 3089 praecipuum
2071 2990 2441 3066 exercitus
2479 3011 2593 3066 ro-

338 3122 476 3197 bur
513 3119 900 3220 promovit.
942 3119 1030 3194 In
1087 3118 1434 3194 Danubio
1490 3116 1665 3193 item
1703 3117 2247 3193 innumerarum
2303 3115 2599 3224 navium

336 3245 574 3323 omnis
622 3244 920 3341 generis
960 3243 1279 3319 classem
1299 3243 1731 3337 adduxerat3
1755 3243 1891 3319 sed
1930 3267 2022 3319 ex
2066 3243 2401 3320 omnibus
2442 3244 2598 3320 bel·

332 3373 532 3449 licae
591 3393 824 3446 naves
884 3373 1108 3469 (quas
1166 3371 1494 3446 nasadas
1545 3372 1851 3462 vocant)
1907 3369 2137 3446 ternis
2179 3378 2254 3446 et
2288 3370 2595 3446 tricenis

335 3499 690 3574 militibus
739 3507 812 3572 et
870 3498 1256 3575 tormentis
1297 3498 1549 3575 aeneis
1608 3499 1798 3573 bene
1846 3496 2253 3572 instructae
2291 3519 2590 3573 numero
2678 3524 2682 3529 ’

335 3627 737 3720 ducentae;
777 3625 1098 3721 majores
1137 3630 1352 3699 erant
1392 3623 1682 3698 omnino
1723 3631 2028 3721 septem,
2055 3630 2130 3699 et
2166 3645 2418 3698 earum
2453 3646 2602 3699 una

334 3751 655 3848 insignis
699 3750 1191 3848 quadriremis
1213 3749 1614 3849 praetoria,
1637 3750 1881 3826 altera
1901 3748 2244 3841 triremis,
2265 3748 2600 3846 reliquae

337 3878 560 3978 paulo
576 3877 898 3952 minores
912 3877 1139 3975 justis
1161 3877 1604 3953 triremibus.
1620 3875 1912 3952 Pertaff
1923 3877 2153 3952 bassa
2173 3875 2598 3975 septuagin-

328 3996 407 4082 ta
437 4012 888 4080 armatorum
925 4003 1179 4098 millia,
1202 4011 1278 4080 et
1312 4004 1385 4078 in
1406 4002 1525 4078 his
1575 4004 2079 4100 janizarorum
2123 4011 2433 4100 quatuor
2468 4002 2596 4077 ha·

343 4134 588 4209 bebat.
634 4131 1013 4206 Addidere
1090 4131 1204 4207 his
1262 4131 1769 4208 Temesiensis
1827 4124 2098 4222 decem,
2157 4129 2592 4229 Transalpi-

345 4282 481 4334 nus
540 4258 954 4351 duodecim,
993 4265 1067 4333 et
1107 4258 1392 4333 finitimi
1436 4257 1746 4354 Bulgari
1782 4257 1944 4332 tria.
2038 4255 2140 4330 Et
2176 4279 2443 4354 parere
2477 4255 2587 4330 illi

332 4388 548 4485 jussa
585 4387 1071 4461 Tartarorum
1110 4382 1608 4482 quadraginta
1649 4379 1879 4457 millia
1910 4408 1927 4478 ;
1966 4381 2232 4479 ingens
2252 4400 2595 4460 numerus

326 4512 822 4588 saevissimae
883 4512 1158 4608 gentis,
1211 4534 1400 4610 quae
1440 4532 1574 4608 per
1630 4508 1876 4585 omnia
1930 4532 2210 4608 genera
2246 4508 2601 4584 cruciatu·
