3293 5219
711 273 905 338 LXX

709 457 930 554 prius
990 454 1080 528 ab
1135 456 1289 550 ipso
1343 456 1667 553 qratiosa
1724 454 1960 547 venia,
2005 466 2215 552 atque
2249 457 2544 550 insuper
2579 453 2989 552 dignitates,

706 591 1122 678 proventm,
1179 590 1387 678 atque
1444 577 1930 671 emolumenta,
1991 587 2176 678 quae
2232 580 2604 668 habuisset,
2663 601 2994 676 quaeque

723 704 979 779 habere
1012 716 1376 809 sperasset,
1416 703 1632 778 simul
1665 729 1829 778 cum
1865 706 2059 778 omni
2079 705 2532 802 patrimonio
2568 701 2993 800 relinquere,

725 829 815 903 ab
853 834 1237 928 eoeterz‘sque
1275 831 1699 906 nationibus
1737 830 1834 906 ad
1870 852 2008 905 nos
2061 830 2316 905 venire
2356 851 2504 904 non
2544 827 2995 922 dubitasset,

722 963 877 1031 tum
934 979 1112 1031 vero
1170 980 1260 1031 ex
1320 956 1688 1053 singulari
1742 963 2007 1032 nostra
2063 956 2310 1052 Regia
2373 951 2808 1047 Clementia,
2850 978 2997 1030 nos

727 1082 1136 1173 castellum,
1199 1105 1332 1158 seu
1387 1080 1688 1159 Curiam
1747 1082 2189 1157 Abbatialem
2240 1078 2829 1156 Coloe-Monostor
2866 1105 3001 1156 vo-

728 1217 966 1284 catam
1011 1209 1085 1284 in
1131 1205 1502 1285 Comitatu
1559 1206 1982 1284 Colosiensi
2037 1210 2499 1300 existentem,
2559 1207 2799 1282 medio
2856 1207 3000 1282 ali-

728 1357 939 1411 arum
961 1334 1371 1410 litterarum
1401 1343 1823 1411 nostrarum
1861 1334 2432 1433 privilegialiter
2462 1341 2995 1425 emanatarum,

732 1462 946 1537 simul
984 1483 1144 1536 cum
1182 1460 1551 1536 universis
1591 1463 1754 1558 ejus
1792 1460 2279 1560 pertinentiis,
2311 1460 2815 1559 proventibus,
2855 1459 3003 1533 uti-

622 1571 631 1580 ’
737 1587 1096 1676 litatibus‚
1137 1593 1362 1682 atque
1410 1587 1941 1679 emolumentis,
1983 1607 2435 1684 quocumque
2473 1585 2762 1661 nomine
2801 1584 3003 1660 voci-

733 1719 1001 1804 tentur,
1058 1712 1155 1787 ad
1228 1711 1462 1806 idem,
1522 1721 1598 1789 et
1653 1712 1962 1788 eandem
2040 1714 2549 1812 spectantibus
2574 1768 2591 1801 ,
2651 1710 3003 1786 manibus

734 1836 1013 1911 nostris
1062 1834 1366 1933 Regiis,
1426 1838 1571 1912 sibi
1644 1837 2244 1936 haeredibusque
2300 1837 2456 1913 suis
2514 1835 3006 1929 dedissemus,

739 1968 963 2058 atque
1000 1963 1589 2039 contulissemus.
1644 1965 1734 2039 In
1773 1966 1983 2062 cujus
2022 1974 2098 2040 et
2136 1984 2444 2062 quorum
2480 1961 2792 2061 pacifico
2830 1984 3000 2054 usu,

746 2087 1127 2182 Dominio,
1183 2091 1380 2165 ultra
1434 2090 1651 2166 unius
1708 2092 1885 2166 anni
1941 2091 2428 2168 evolutionem
2488 2088 2866 2183 stetisset,
2924 2093 3010 2165 et'

740 2238 934 2292 nunc
971 2237 1262 2313 quoque
1299 2215 1681 2308 existeret,
1718 2224 1798 2291 tu
1821 2216 2063 2315 ipsum
2103 2216 2503 2291 molestare
2540 2221 3007 2291 attentasses

744 2341 1147 2438 vellesque.
1189 2381 1288 2392 --
1332 2337 1802 2441 Supplicavit
1837 2343 2064 2440 igitur
2101 2341 2488 2439 Majestati
2526 2349 2661 2417 etc.
2706 2382 2804 2393 —-
2848 2340 3008 2417 Da-

744 2476 897 2544 tum
933 2467 1012 2542 in
1047 2463 1346 2565 Oppido
1385 2467 1648 2542 Torda
1689 2467 1811 2543 22.
1854 2465 2089 2549 Mens.
2132 2464 2310 2541 Maii
2353 2461 2581 2541 1570.

960 2592 1013 2670 J
1018 2614 1299 2669 oannes
1338 2592 1646 2669 Electus
1684 2592 1872 2670 Rex.

1907 2720 2126 2798 Mich.
2173 2718 2410 2797 Csaki
2449 2717 2781 2795 Cancell.

748 2875 1018 2944 (Eredetio
1036 2892 1070 2928 a
1088 2876 1402 2944 Forgachok
1422 2876 1622 2929 csaladi
1641 2877 2018 2931 levoltaraban.
2031 2848 2226 2931 Kiadta
2236 2877 2478 2946 Macedo-y
2496 2893 2550 2928 u.
2564 2892 2657 2928 o.a
2683 2873 2877 2926 loo-8.
2904 2872 3009 2940 11.).

1658 3113 2091 3122 ———.———

1837 3347 1932 3422 V.

758 3523 1216 3601 Maximilidn
1280 3526 1513 3625 kircily
1585 3525 1886 3599 biztosz'to
1962 3523 2257 3600 oklevcle
2312 3524 2414 3599 Fo
2423 3524 2635 3624 rydch.
2707 3521 3021 3596 Ferencz

1365 3654 1646 3742 resze‘re,
1697 3655 1927 3725 1571.
1945 3651 2239 3749 januar
2277 3655 2400 3725 31.

973 3850 1046 3923 M
1051 3850 1521 3927 aximilianus
1559 3847 1944 3927 Secundus
1965 3851 2241 3926 Divina
2275 3852 2575 3927 favente
2596 3842 3021 3924 Clementia

758 3985 1037 4059 electus
1092 3979 1589 4056 Romanorum
1648 3981 2084 4077 Imperator,
2141 3998 2439 4076 semper
2476 3972 2886 4068 Augustus,
2924 3996 3024 4048 ac

760 4107 1238 4200 Germaniae,
1259 4105 1714 4201 Hungariae,
1734 4103 2161 4195 Bohemiae,
2182 4100 2627 4189 Dalmatiae,
2641 4095 3022 4191 Oroatiac,

761 4233 1200 4308 Sclavoniae
1258 4240 1394 4309 etc.
1453 4232 1619 4308 Rex
1676 4230 1808 4306 Ar.
1849 4229 2222 4322 Austriae,
2282 4228 2457 4304 Dux
2513 4223 3023 4321 Burgundiae,

760 4355 1083 4457 Styriae,
1139 4353 1594 4450 Carinthiae,
1651 4350 2080 4432 Carnioliae
2137 4359 2213 4427 et
2248 4351 2818 4446 Virtenbergae,
2876 4345 3027 4425 Go-

761 4505 919 4560 mes
976 4481 1286 4582 Tyrolis
1342 4489 1477 4557 etc.
1547 4480 2209 4578 Recognoscimus,
2268 4485 2344 4552 et
2397 4484 2645 4551 notum
2703 4475 3024 4553 facimus
