3293 5219
775 287 933 363 438

778 512 964 594 runt,
1006 512 1081 579 et
1118 499 1529 600 apparebat
1549 522 1681 575 eos
1724 497 1922 574 serio
1951 523 2103 574 rem
2126 505 2448 573 acturos.
2488 498 2679 572 Nam
2718 496 3025 595 primum

779 631 903 727 qui
913 629 1076 706 dem
1169 625 1702 723 confligendum
1742 647 1913 700 esse
1974 625 2396 717 decernunt,
2452 631 2527 699 et
2562 623 2877 699 Rustum
2911 645 3027 699 us-

775 777 918 854 que
978 754 1074 831 ad
1129 753 1710 853 promontorium
1768 752 2071 851 propius
2126 751 2414 828 hostem
2468 750 2783 849 profecti
2837 758 3026 826 sunt„

645 853 650 866 ¹
776 881 895 958 Ibi
928 882 982 959 J
986 881 1314 958 ohannes
1355 878 1588 954 Auria
1623 879 1918 954 litteras
1956 879 2052 953 ab
2072 876 2345 974 legatis
2363 877 2593 973 regiis
2631 876 2878 954 Roma
2910 899 3027 952 ac-

780 1008 996 1108 cepit,
1036 1006 1297 1105 quibus
1318 1006 1425 1081 ita
1444 1004 1954 1097 mandabatur,
1981 1002 2089 1078 uti
2125 1027 2216 1079 ex
2253 1001 2420 1101 ipso
2457 1002 2678 1079 etiam
2712 1003 3024 1102 praelio,

778 1134 1075 1209 deserta
1165 1139 1430 1208 veneta
1485 1131 1730 1205 classe
1786 1127 2078 1208 rediret.
2131 1131 2394 1226 Itaque
2446 1129 2619 1206 inde
2674 1151 2839 1205 cum
2894 1151 3029 1206 sua

776 1261 1024 1337 classe
1044 1258 1432 1352 abscessit,
1455 1279 1669 1354 quem
1689 1257 1790 1332 M.
1812 1255 2175 1332 Antonius
2214 1251 2577 1332 Columna
2611 1255 3026 1331 acrioribus

775 1384 1025 1460 verbis
1101 1390 1481 1481 exceptum
1528 1379 1850 1458 retinere
1920 1402 2065 1456 non
2154 1380 2411 1478 potuit.
2484 1382 2605 1458 Ita
2678 1379 2823 1456 duo
2901 1379 3028 1457 du·

777 1531 903 1587 ces
938 1511 1015 1585 in
1075 1506 1371 1585 Cretam
1407 1508 1683 1582 reverti
1736 1508 1978 1583 coacti
2031 1514 2219 1583 sunt.
2276 1505 2560 1583 Pialius
2616 1515 2864 1583 autem
2900 1529 3021 1582 ex-

776 1637 1088 1736 ploratis
1125 1636 1350 1711 rebus
1388 1634 1976 1723 christianorum,
2033 1634 2228 1732 quod
2284 1637 2715 1733 conjunctae
2771 1642 3026 1710 essent

773 1763 1078 1855 classes,
1177 1762 1519 1860 quodque
1574 1760 1887 1836 Rustum
1960 1759 2475 1854 accessissent,
2569 1784 2662 1836 ex
2737 1757 3027 1837 consilii

773 1888 1066 1966 decreto
1102 1889 1468 1988 mancipia
1501 1912 1592 1964 ac
1628 1893 1891 1963 cuncta
1924 1886 2444 1985 impedimenta
2496 1893 2875 1978 exonerat,
2915 1907 3008 1960 ac

779 1994 940 2090 cum
991 2015 1562 2093 instructissima
1580 2023 1805 2113 atque
1823 2013 2294 2091 ornatissima
2312 2013 2559 2092 classe
2611 2038 2707 2091 ex
2783 2011 3023 2089 hortis

772 2139 1357 2238 famaugustanis
1412 2143 1489 2218 in
1526 2143 1752 2218 altum
1810 2142 1979 2217 vela
2012 2140 2249 2237 dedit3
2304 2140 2490 2218 duas
2528 2164 2623 2218 ex
2679 2139 3014 2215 omnibus

782 2263 1207 2341 celerrimas
1252 2264 1711 2365 exploratum
1730 2266 2179 2365 praecedere
2244 2273 2447 2352 certo
2481 2267 2877 2344 intervallo
2907 2268 3023 2364 ju·

772 2391 917 2483 bet,
941 2414 991 2466 a
1005 2392 1275 2491 quibus
1311 2394 1385 2468 in
1443 2390 1698 2469 Sancti
1735 2387 2135 2491 Epiphanii
2169 2393 2669 2492 promontorio
2706 2392 3021 2500 classem

773 2514 1255 2594 christianam
1319 2517 1394 2592 in
1450 2513 1751 2594 Cretam
1805 2518 2207 2594 revertisse
2261 2519 2664 2617 intellexit3
2691 2518 2864 2594 inde
2910 2542 3035 2611 reg.

771 2666 1037 2724 versus
1111 2628 1463 2743 tanquam
1542 2644 1826 2741 fugatis
1882 2643 2243 2737 hostibus,
2323 2645 2540 2722 editis
2613 2646 3012 2722 immensae

774 2772 1103 2850 laetitiae
1143 2770 1400 2867 signis,
1439 2776 1963 2847 tormentorum
1982 2770 2557 2869 displosionibus
2594 2780 2671 2849 et
2705 2794 3012 2849 concen-

755 2900 963 2976 tibus
1018 2896 1512 2989 classicorum,
1570 2896 1867 2973 vexillis
1905 2898 2280 2996 expansis,
2354 2897 3011 2997 triumphabundus

773 3026 870 3101 ad
905 3025 1162 3100 hortos
1236 3022 1840 3121 famaugustanos
1896 3025 2213 3100 classem
2303 3023 2617 3100 reduxit.
2654 3024 2775 3101 Ibi
2808 3024 3020 3102 mise·

773 3152 1012 3228 rabile
1058 3153 1561 3250 spectaculum
1614 3151 1773 3227 fuit.
1834 3150 2123 3252 Quippe
2178 3151 2611 3229 nobiliorem
2665 3154 3017 3249 praedam

781 3280 1098 3354 virorum
1155 3276 1525 3371 nobilium,
1583 3276 2035 3369 feminarum,
2113 3278 2570 3376 aliarumque
2641 3302 2885 3355 rerum
2938 3279 3012 3354 in

776 3427 995 3481 unam
1034 3404 1397 3479 triremem
1460 3412 1534 3478 et
1570 3403 1755 3480 duas
1792 3426 2023 3480 naves
2060 3405 2446 3481 onerarias
2482 3407 3001 3505 imposuerant,

775 3551 967 3628 quae
984 3527 1259 3606 Selimo
1279 3553 1371 3605 ac
1386 3532 1812 3629 purpuratis
1833 3555 1925 3608 ex
1965 3531 2158 3606 omni
2176 3531 2461 3626 proeda
2475 3553 2659 3632 sepo
2668 3541 2972 3609 snerant
2995 3558 3013 3628 ;

777 3656 852 3731 in
911 3674 1217 3752 quarum
1269 3676 1418 3731 una
1451 3656 1721 3733 nobilis
1757 3664 2097 3733 matrona
2166 3657 2412 3753 ignem
2486 3658 2563 3734 in
2624 3660 3003 3757 pulverem

774 3778 1246 3878 sulphureum
1285 3781 1501 3873 misit,
1542 3800 1942 3879 omnesque
1976 3789 2133 3858 tres
2169 3805 2403 3860 naves
2441 3804 2717 3861 arsere.
2757 3782 3010 3863 Homi-

773 3929 906 3983 nes
937 3905 1382 3984 videbantur
1435 3930 1658 4008 super
1696 3917 1874 3985 aera
1923 3910 2254 4002 volitare,
2349 3913 2775 4025 passimque
2810 3937 3013 3989 mare

775 4030 1260 4115 cadaveribus
1282 4058 1371 4110 ac
1409 4034 1802 4137 discerptis
1823 4036 2165 4113 membris
2186 4037 2557 4117 refertum.
2579 4033 2763 4116 Inde
2800 4049 3013 4117 sexto

778 4156 1133 4238 Octobris
1170 4152 1455 4239 Pialius
1493 4157 2204 4263 Constantinopolim
2262 4183 2549 4257 versus,
2587 4161 2739 4264 Aly
2777 4165 3012 4261 begua

772 4284 1201 4364 rhodiensis
1238 4288 1667 4387 praefectus>
1745 4282 2106 4384 Rhodum,
2203 4290 2536 4368 redeunt.
2605 4291 2708 4370 M.
2783 4288 3010 4369 Anto·

773 4409 944 4486 nius
1002 4405 1371 4493 Columna
1420 4408 1872 4511 aliquantum
1910 4416 2335 4494 immoratus
2392 4417 2469 4492 in
2522 4413 2773 4511 Creta,
2848 4440 3008 4493 cum

771 4534 1071 4629 rediret,
1181 4547 1617 4637 tempestate
1693 4551 2084 4640 exceptus,
2144 4551 2219 4619 et
2306 4542 2681 4641 praetoria
2770 4543 3004 4621 fulmi-
