3293 5219
2349 342 2511 422 435

258 583 400 638 nas
438 559 806 646 invenere,
846 557 974 633 alii
1012 579 1190 633 vero
1227 557 1484 633 vineas
1523 579 2018 656 aggeresque,
2059 569 2133 637 et
2168 562 2503 638 munitio-

260 710 398 765 nes
453 709 589 782 pro
666 691 1186 760 tormentorum
1263 685 1985 783 oppugnantiumque
2061 689 2501 766 stationibus

260 809 574 910 erigere.
614 813 909 888 Montes
930 810 1124 887 altos
1145 819 1458 909 quatuor
1480 820 1895 899 erexerunt,
1921 837 2013 889 ex
2055 816 2318 911 quibus
2356 817 2497 914 pri·

258 963 454 1015 mum
469 938 856 1014 tormentis
875 937 1137 1014 civitas
1158 937 1310 1036 peti
1330 946 1594 1036 eoepta
1617 947 1752 1014 est:
1775 947 1849 1014 et
1888 940 2057 1037 quia
2081 943 2264 1018 muri
2278 943 2372 1018 ab
2397 944 2498 1017 in-

257 1072 379 1141 tus
398 1063 851 1142 terrasolida
886 1061 1153 1139 firmati
1174 1071 1405 1156 erant,
1426 1063 1738 1160 ideoque
1757 1087 1901 1140 non
1939 1067 2237 1141 multum
2275 1069 2496 1166 profi-

266 1200 542 1286 eerent,
635 1189 828 1266 alios
864 1198 1176 1287 quatuor
1265 1189 1434 1265 aliis
1491 1191 1586 1266 ab
1663 1191 1997 1287 partibus
2089 1193 2502 1268 effecerunt.

258 1316 671 1410 Quatriduo
730 1316 1046 1391 maxima
1081 1359 1084 1366 ‹
1119 1316 1191 1389 vi
1240 1317 1418 1391 totis
1475 1316 1738 1391 diebus
1796 1316 1891 1392 ad
1947 1340 2190 1392 serum
2262 1341 2496 1416 usque

261 1441 432 1534 diei,
504 1442 648 1517 nisi
685 1440 990 1516 meridie
1048 1448 1359 1538 quatuor
1417 1441 1640 1517 horas
1698 1441 2120 1538 exceperis,
2160 1446 2497 1540 quassati

257 1569 486 1662 muri,
561 1573 1061 1677 verumtamen
1115 1568 1320 1680 globi
1375 1567 1451 1641 in
1514 1568 1827 1643 materia
1884 1568 2084 1644 velut
2160 1570 2499 1646 suffocati

255 1693 540 1771 ruinam
598 1694 890 1769 minime
943 1677 1340 1774 timendam
1397 1693 1787 1770 faciebant.
1848 1691 2275 1773 Omiserunt
2311 1720 2492 1792 ergo

252 1821 641 1896 tormentis
679 1842 1151 1920 oppugnare.
1190 1818 1287 1902 ad
1325 1820 1514 1896 alias
1554 1829 1755 1895 artes
1792 1821 2496 1919 transiere31igoni-

253 1948 393 2022 bus
431 1954 509 2024 et
526 1946 1032 2023 instrumentis
1051 1946 1389 2022 fosseriis
1411 1945 1720 2045 propius
1732 1946 2090 2026 aceedere
2106 1946 2207 2022 ad
2224 1971 2494 2042 muros,

251 2071 513 2148 vineas
534 2096 782 2170 agere,
821 2080 896 2148 et
912 2081 1183 2148 terram
1203 2093 1385 2171 prae
1423 2094 1506 2146 se
1546 2073 1707 2156 sine
1745 2073 1899 2148 ulla
1938 2075 2053 2148 sui
2090 2070 2495 2152 offensione
2658 2127 2663 2148 .

249 2222 641 2300 aggerare.
731 2198 850 2274 Ita
884 2198 1112 2274 fossis
1132 2197 1750 2296 profundissimis,
1789 2200 2218 2295 aggeribus,
2296 2222 2495 2276 mon-

244 2330 443 2408 tibus
482 2336 634 2403 tum
671 2346 764 2400 ex
819 2324 1152 2419 materia,
1188 2335 1341 2403 tum
1395 2348 1489 2401 ex
1526 2324 1722 2416 lana,
1780 2327 2040 2404 mirum
2090 2328 2167 2401 in
2205 2327 2496 2404 modum

246 2477 422 2530 sese
460 2452 940 2528 muniverant.
964 2449 1548 2528 civitatensibus
1586 2471 1764 2527 verso
1803 2453 2120 2530 omnium
2155 2451 2492 2530 offensio-

241 2606 414 2659 num
432 2580 600 2659 loea
620 2600 939 2678 superne
952 2588 1180 2683 atque
1194 2580 1479 2656 inferne
1510 2584 1873 2678 oeeupata
1891 2587 2127 2676 erant3
2135 2600 2376 2679 neque
2393 2581 2489 2656 ab

243 2707 495 2800 muris,
516 2728 755 2804 neque
790 2706 889 2783 ab
927 2704 1308 2797 lateribus,
1347 2714 1475 2785 aut
1493 2700 1942 2784 defendendi.
1968 2705 2088 2779 sui
2123 2714 2253 2782 aut
2272 2706 2492 2782 offen-

246 2832 469 2907 dendi
486 2831 760 2906 inimiei
777 2829 1175 2911 remedium
1192 2826 1642 2910 habebant.J
1648 2853 1765 2905 am
1795 2830 1991 2906 intra
2022 2830 2233 2929 ipsas
2243 2832 2493 2908 fossas

244 2956 628 3057 praesidia
664 2954 987 3033 hostium
1004 2956 1324 3033 stabant.
1363 2952 1569 3053 Ergo
1588 2953 1706 3031 his
1736 2965 1811 3032 et
1846 2966 1954 3032 tot
1973 2956 2325 3055 operibus
2364 2960 2491 3033 im-

246 3109 441 3185 pune
460 3084 838 3179 confectis,
876 3082 1455 3183 propugnacula,
1480 3107 1673 3182 quae
1712 3104 1805 3160 ex
1842 3093 2137 3161 terrena
2172 3086 2489 3165 materia

245 3209 705 3305 eonstabant,
725 3218 802 3291 et
819 3230 1067 3289 muros
1101 3209 1444 3293 fossoriis
1479 3210 1986 3285 instrumentis
2016 3215 2186 3290 eum
2206 3232 2478 3308 magna

241 3340 458 3416 ruina
492 3335 825 3415 demoliri
858 3346 1275 3439 coeperunt.
1339 3336 1546 3429 Quae
1603 3355 1763 3421 eum
1799 3335 1984 3413 talia
2016 3347 2261 3435 atque:
2280 3346 2489 3413 tanta

244 3475 518 3561 essent,
552 3474 633 3542 ut
666 3485 925 3545 omnes
958 3460 1188 3540 facile
1209 3471 1624 3540 extremam
1674 3463 2089 3560 ‚perniciem-
2137 3459 2488 3543 denotare

238 3585 776 3687 intelligerent:
849 3584 1324 3691 praesid'iarii
1394 3586 1852 3687 praefectum.
1876 3585 2292 3683 hortentur,
2363 3610 2488 3663 au-

237 3715 550 3793 dendum
580 3738 756 3792 esse
795 3706 1092 3815 aliquid,
1133 3735 1289 3815 qne
1299 3716 1961 3813 hostesffiuantum
2000 3710 2295 3812 quidem
2324 3712 2488 3789 fieri

241 3852 523 3941 posset,
593 3836 1050 3943 impedirent.
1130 3838 1272 3919 Ille
1309 3859 1730 3941 quanquam
1775 3848 2141 3917 statuerat
2170 3863 2257 3916 se
2292 3840 2487 3916 intra

239 3991 487 4046 muros
540 3975 822 4047 tantum
896 3990 1115 4066 quam
1153 3966 1560 4047 diutissime
1617 3960 2042 4059 defendere,
2080 3975 2328 4043 tamen
2358 3963 2483 4039 ad-

241 4117 506 4174 sensus
549 4104 685 4187 est,
739 4104 823 4172 ut
858 4093 1162 4193 eruptio.
1179 4088 1397 4171 fieret
1445 4093 1772 4192 peditum
1849 4102 2068 4190 atque
2142 4092 2483 4190 equitum.

237 4221 547 4298 Decimo
568 4222 826 4321 quinto
840 4216 968 4296 die
987 4218 1306 4317 Augusti
1313 4216 1867 4313 ‚dueeGaesare
1881 4211 2229 4295 Provena
2246 4218 2488 4293 vieen·

231 4346 611 4439 tino,mil1e
630 4348 919 4449 pedites
941 4340 1107 4422 itali
1124 4369 1214 4423 ae
1231 4348 1487 4443 graeei
1503 4347 1585 4421 in
1626 4346 1792 4445 ipso
1827 4344 2070 4424 medio
2109 4344 2252 4420 diei
2291 4343 2486 4420 exie-

231 4497 336 4569 re,
376 4474 572 4572 quod
599 4482 756 4550 tum
811 4473 1105 4550 Tureae
1153 4474 1534 4577 quieseere
1586 4471 1953 4565 solebant,
2011 4470 2108 4545 ad
2138 4469 2479 4547 munitio·

229 4623 365 4677 nes
403 4608 811 4693 aecurrunt,
851 4608 926 4676 et
962 4600 1338 4700 praesidia
1388 4600 1460 4676 di
1477 4602 1836 4693 sturbant,
1876 4597 2318 4694 fugantque-3
2358 4597 2482 4696 qui

2022 4720 2165 4796 28*
