3293 5219
841 319 1026 384 LXII

839 505 1112 596 longae
1157 498 1585 573 Vacationis
1624 504 2039 593 exponatur
2086 495 2605 582 incommodis,
2648 498 2986 593 paternis
3029 508 3102 574 et

837 626 1180 703 sollicitis
1209 624 1474 699 studiis
1503 623 1990 711 intendenteS,
2012 630 2184 719 post
2212 621 2846 715 deliberationem,
2873 646 3101 720 quam

837 755 929 829 de
964 749 1463 851 praeficiendo
1523 748 1769 824 cidem
1820 748 2206 822 Ecclesiae
2265 771 2660 845 personam
2721 749 2988 823 utilem
3031 759 3105 826 et

838 879 1057 956 etiam
1117 877 1593 966 fructuosam,
1634 894 1795 947 cum
1832 873 2189 948 fratribus
2240 872 2517 947 nostris
2557 872 2952 948 habuimus
3000 875 3105 948 di·

837 1008 1209 1101 ligentem.
1270 1000 1584 1076 Demum
1644 999 1740 1073 ad
1791 1006 1862 1074 te
1902 999 2438 1096 Presbyterum
2497 1000 2908 1074 Nitriensis
2969 1024 3105 1076 seu

839 1130 1143 1209 alterius
1165 1127 1578 1217 Dioecesis,
1609 1126 1701 1200 de
1732 1123 2060 1223 legitimo
2101 1125 2562 1200 matrimonio
2601 1134 3103 1218 procreatum,

837 1267 912 1335 et
962 1259 1039 1333 in
1097 1262 1345 1332 aetate
1399 1254 1735 1348 legitima
1792 1252 2307 1342 constitutum,
2363 1273 2499 1352 pro
2550 1274 2692 1347 quo
2744 1251 3105 1328 charissi-

836 1408 997 1462 mus
1051 1385 1128 1458 in
1184 1378 1485 1456 Christo
1542 1380 1739 1454 filius
1815 1389 2069 1453 noster
2128 1377 2646 1452 Ferdinandus
2705 1378 3102 1473 Vngariae

834 1511 1001 1586 Rex
1056 1506 1405 1597 Illustris,
1461 1506 1537 1579 in
1594 1506 2127 1604 Imperatorem
2187 1502 2488 1595 electus,
2528 1504 2744 1578 nobis
2801 1505 2899 1579 ad
2957 1507 3108 1581 hoc

836 1661 972 1736 per
1012 1656 1187 1709 suas
1244 1632 1537 1706 litteras
1588 1629 2056 1729 supplicavit,
2096 1637 2169 1703 et.
2206 1629 2322 1702 cui
2364 1627 2560 1726 apud
2597 1650 2734 1702 nos
2772 1629 2862 1703 de
2904 1630 3105 1705 litte·

836 1781 1081 1838 rarum
1120 1757 1451 1848 scientia,
1494 1756 1694 1830 vitae
1751 1754 2124 1846 munditia,
2165 1754 2556 1829 honestate
2607 1776 2906 1846 morum,
2946 1759 3105 1855 spi·

695 1916 719 1942 .
835 1887 1205 1965 ritualium
1242 1881 1714 1982 providentia
1746 1891 1820 1956 et
1855 1879 2365 1979 temporalium
2410 1879 3107 1978 circumspectione,

834 2013 1151 2109 aliisque
1207 2005 1717 2105 multiplicium
1775 2004 2125 2079 virtutum
2186 2003 2418 2088 donis,
2469 2004 2848 2103 fidedigna
2885 2010 3102 2082 testi-

834 2135 1080 2215 monia
1134 2135 1638 2234 perhibentur,
1681 2131 2081 2205 direximus
2143 2130 2394 2205 oculos
2451 2136 2758 2205 nostrae
2796 2135 3097 2209 mentis.

834 2265 1122 2357 Quibus
1163 2260 1500 2336 omnibus
1540 2257 1793 2332 debita
1832 2256 2306 2330 meditatiosse
2344 2256 2700 2352 pensatis,
2738 2260 2813 2331 te
2848 2282 2896 2333 a
2937 2263 3105 2356 qui·

832 2391 1090 2467 bnsvis
1149 2383 1951 2472 excommunicationis,
1994 2381 2505 2480 suspensionis
2564 2389 2639 2458 et
2693 2383 3101 2480 interdicti,

833 2518 1149 2615 aliisque
1205 2509 1765 2587 Ecclesiasticis
1822 2508 2247 2598 sententiis,
2310 2509 2644 2583 censuris
2701 2518 2775 2585 et
2827 2514 3100 2607 poenis

830 2646 882 2722 J
887 2668 1018 2720 ure
1055 2641 1175 2717 vel
1216 2640 1312 2714 ab
1351 2637 1569 2713 hodie
1610 2637 1872 2733 quavis
1914 2636 2304 2712 occasione
2344 2637 2461 2711 vel
2514 2660 2741 2712 causa
2779 2637 2980 2731 latis,
3029 2642 3101 2714 si

833 2770 1098 2867 quibus
1156 2762 1706 2863 quomodolibet
1760 2762 2157 2837 innodatus
2234 2760 2536 2847 existis,
2594 2762 2688 2836 ad
2748 2765 3101 2840 effectum

831 2891 1350 2995 pertinentium
1424 2888 1822 2979 duntaxat,
1880 2888 2514 2984 consequendum,
2572 2888 2832 2964 harum
2890 2892 3099 2969 serie

830 3021 1331 3110 absoluentes,
1371 3023 1446 3092 et
1483 3014 1903 3090 absolutum
1944 3015 2102 3089 fore
2153 3021 2584 3111 censentes3
2625 3015 2717 3089 de
2755 3040 3099 3115 persona

737 3242 740 3247 Ι
829 3157 956 3223 tua
1011 3144 1227 3220 nobis
1284 3149 1358 3220 et
1409 3140 1769 3216 fratribus
1842 3139 2073 3238 ipsis,
2133 3139 2228 3213 ob
2285 3147 2575 3216 tuorum
2632 3143 3099 3237 exigentiam

830 3271 1249 3347 meritorum
1326 3274 1673 3364 accepta,
1730 3264 1969 3341 eidem
2024 3264 2452 3355 Ecclesiae,
2513 3266 2604 3341 de
2661 3268 3097 3346 eorumdem

829 3399 1139 3474 fratrum
1198 3392 1549 3484 consilio,
1609 3390 2026 3489 apostolica
2082 3391 2525 3466 auctoritate
2579 3392 3090 3490 providemus,

829 3532 1048 3622 teque
1085 3518 1196 3594 illi
1234 3518 1308 3592 in
1365 3517 1818 3615 Episcopum
1875 3514 2342 3613 praeficimus
2398 3524 2473 3591 et
2527 3525 2925 3615 pastorem,
2970 3544 3100 3597 cu-

827 3672 987 3725 ram
1027 3652 1102 3720 et
1137 3640 1843 3719 administrationem
1881 3639 2116 3737 ipsius
2153 3640 2541 3716 Ecclesiae
2579 3642 2714 3717 tibi
2752 3642 2827 3717 in
2869 3644 3096 3742 spiri-

829 3773 1150 3850 tualibus
1189 3776 1264 3844 et
1300 3766 1831 3866 temporalibus
1870 3764 2206 3864 plenarie
2246 3766 2784 3860 committendo,
2814 3769 2887 3843 in
2930 3770 3097 3864 illo,

827 3899 951 3999 qui
992 3898 1121 3973 dat
1158 3893 1476 3993 gratiam
1515 3899 1590 3967 et
1625 3891 1942 3988 largitur
1977 3878 2331 3991 praemia,
2373 3893 2845 3983 confidentes,
2886 3900 3094 3991 quod

826 4024 1191 4121 dirigente
1247 4019 1560 4096 Domino
1617 4026 1829 4093 actus
1887 4027 2074 4109 tuos,
2129 4021 2474 4117 praefata
2528 4017 2899 4113 Ecclesia,
2941 4024 3093 4098 sub

825 4158 951 4226 tuo
990 4148 1190 4224 felici
1226 4146 1585 4244 regimine
1623 4152 1927 4240 regetur
1962 4143 2265 4245 utiliter,
2306 4150 2381 4219 et
2410 4166 2772 4243 prospere
2810 4145 3093 4244 dirige-

821 4282 964 4361 tur,
1003 4295 1094 4348 ac
1129 4279 1352 4369 grata
1388 4271 1464 4346 in
1503 4272 1781 4348 eisdem
1845 4268 2357 4368 spiritualibus
2414 4279 2490 4344 et
2544 4270 3090 4369 temporalibus

827 4397 1185 4498 suscipiet
1239 4397 1709 4474 incrementa.
1769 4394 1931 4486 Quo
1990 4396 2189 4470 circa
2247 4395 2673 4471 discretioni
2709 4404 2904 4491 tuae,
2944 4421 3095 4496 per

815 4518 1294 4623 'Apostolica
1341 4526 1620 4625 scripta
1693 4521 2163 4605 mandamus,
2230 4527 2593 4616 quatenus
2660 4522 3091 4619 impositum
