3293 5219
741 340 897 417 124

725 557 896 633 illos
935 559 1147 635 dolus
1185 558 1417 635 latuit.
1445 558 1916 660 Quapropter
1936 562 2301 659 expeditis
2319 561 2693 662 palatinus
2731 564 2950 641 curri-

726 686 887 777 bus,
910 707 1096 783 quos
1116 683 1208 760 de
1227 693 1442 761 nocte
1461 710 1596 784 per
1624 694 1784 786 tota
1804 694 2055 763 castra
2073 691 2386 783 onerari,
2412 698 2486 765 et
2521 691 2600 765 in
2618 690 2960 791 expedito

724 811 885 888 fieri
914 813 1266 909 jusserat,
1305 813 1515 887 acies.
1540 812 1932 889 universas
1975 815 2287 891 instruit.
2313 817 2596 893 Banum
2626 839 2788 893 cum
2809 818 2961 894 suis

726 937 821 1014 ad
841 937 1349 1014 lacessendum
1370 938 1658 1014 hostem
1682 941 2104 1037 praemittit3
2147 942 2256 1018 illi
2295 943 2730 1020 auxiliarem
2768 945 2964 1020 alam

723 1065 1246 1162 stipendiarios
1273 1065 1770 1165 provinciales
1806 1067 1882 1142 in
1903 1065 2298 1146 Sclavonia
2334 1077 2701 1145 merentes
2740 1070 2963 1162 addit;

723 1200 896 1292 post
930 1193 1071 1269 hos
1085 1193 1489 1291 peditatum
1507 1195 2007 1298 germanicum
2027 1197 2100 1271 in
2121 1197 2280 1272 acie
2301 1198 2572 1274 consisi
2589 1221 2718 1273 ere
2725 1200 2958 1295 jubet,

723 1325 895 1418 post
917 1341 1046 1394 eos
1068 1318 1353 1417 equites
1372 1319 1732 1416 ungarici,
1755 1343 1916 1396 cum
1938 1321 2307 1420 equitibus
2330 1323 2775 1419 germanicis
2794 1347 2960 1423 pro·

725 1447 1203 1541 vincialibus3
1245 1469 1433 1546 pone
1455 1470 1585 1524 eos
1606 1449 2313 1548 equitesgermanici
2341 1474 2394 1523 e
2419 1450 2471 1527 J
2476 1450 2734 1526 aurino
2777 1451 2958 1526 duce

730 1572 1026 1650 Othone
1044 1574 1369 1652 Henrico
1399 1600 1445 1651 a
1465 1573 1915 1677 Puecham*)
1956 1577 2091 1654 sub
2113 1577 2328 1672 signo
2367 1578 2701 1674 generali
2740 1578 2961 1654 collo·

724 1703 889 1778 cati.
905 1703 1155 1778 Banus
1180 1702 1374 1779 facto
1395 1727 1690 1802 pugnae
1710 1705 2070 1803 principio
2090 1703 2246 1779 suis
2268 1703 2959 1795 confirmatis‚tanto

722 1831 797 1904 in
820 1830 1111 1904 Turcas
1145 1829 1419 1929 impetu
1440 1837 1557 1905 est
1591 1830 1945 1923 invectus,
1982 1839 2060 1908 ut
2098 1834 2506 1908 consistere
2544 1832 2962 1930 neutiquam

722 1966 1046 2056 possent,
1068 1957 1241 2053 quin
1280 1981 1362 2033 se
1399 1959 1762 2056 partimin
1799 1961 2160 2056 objectum
2203 1982 2488 2035 amnem
2508 1959 2959 2058 praecipites

722 2084 1003 2174 darent,
1058 2085 1330 2182 partim
1370 2109 1503 2184 per
1542 2108 1905 2178 aversum,
1944 2088 2152 2183 cnjus
2191 2109 2426 2185 supra
2478 2085 2961 2179 meminimus,

721 2221 1014 2312 pontem
1042 2222 1362 2306 ruerent,
1383 2215 1506 2290 ubi
1527 2215 1770 2290 virtus
1790 2216 2110 2314 equitum
2132 2215 2711 2312 germanicorum
2722 2216 2963 2312 jauri-

717 2339 1000 2416 ensium
1016 2339 1405 2440 praeclare
1427 2340 1705 2433 enituit,
1754 2364 1925 2416 nam
1964 2339 2267 2416 aciebus
2292 2337 2509 2415 modo
2548 2336 2962 2436 praemisso

715 2467 1305 2561 instructis,.cum
1328 2469 1560 2545 eloco
1600 2477 2009 2546 castrorum
2047 2489 2428 2544 excessum
2463 2466 2753 2558 fuisset,
2772 2465 2961 2543 Tur-

716 2619 850 2670 cae
890 2595 1148 2673 mirum
1171 2603 1445 2694 quanta
1465 2596 1846 2673 celeritate
1865 2595 2344 2672 tabernacula
2361 2593 2667 2692 aliquot,
2678 2601 2752 2669 et
2780 2592 2963 2669 iniis

715 2721 1084 2799 ‚Iohannis
1104 2722 1538 2814 Lencovith,
1560 2723 2001 2798 servitorum
2040 2721 2499 2819 negligentia
2517 2718 2804 2796 tardius
2843 2743 2961 2796 cu·

721 2856 906 2940 rata,
929 2849 1378 2947 diripientes,
1396 2871 1542 2924 non
1561 2850 1801 2924 levem
1823 2856 2146 2927 extremo
2168 2849 2445 2947 agmini
2465 2844 2962 2924 tumultuatio·

718 2999 881 3050 nem
900 2975 1330 3073 injecerant,
1354 2976 1618 3073 quibus
1659 2998 1820 3051 cum
1855 2976 2115 3075 paucis
2151 2975 2653 3050 huzaronibus
2685 2974 2961 3070 objecti

718 3103 1003 3202 equites
1022 3104 1426 3198 germanici
1461 3104 1826 3201 singulari
1857 3104 2094 3180 animo
2134 3127 2223 3178 ac
2240 3102 2669 3178 fortitudine
2690 3124 2852 3177 cum
2873 3101 2959 3177 il·

714 3229 812 3304 lis
846 3228 1332 3306 decertarunt.
1386 3230 1633 3306 Bassa
1652 3232 1749 3306 ab
1769 3229 2120 3308 ulteriore
2139 3229 2306 3327 ripa
2326 3252 2463 3303 nec
2479 3228 2646 3327 ipse
2666 3228 2959 3304 interim

722 3355 1016 3456 quietus
1094 3379 1282 3449 esse,
1358 3358 1491 3434 sed
1546 3356 1764 3434 simul
1838 3378 2036 3450 suos,
2092 3364 2171 3431 ut
2223 3378 2545 3455 pugnam
2598 3361 2960 3453 repetant,

716 3483 1021 3574 hortari,
1063 3482 1281 3560 simul
1319 3484 1905 3575 bombardarios,
1962 3505 2102 3581 quo
2138 3482 2623 3579 frequentius,
2663 3482 2958 3577 majori-

721 3632 862 3709 que
916 3633 1221 3685 numero
1276 3617 1569 3707 queant,
1632 3612 1708 3686 in
1747 3631 1876 3685 eos
1933 3608 2314 3685 tormentis
2361 3607 2799 3703 jaculentur,
2838 3630 2953 3683 ur-

717 3762 916 3837 gere.
976 3737 1242 3835 Pugna
1294 3739 1635 3837 repetita,
1675 3738 2097 3834 nostrisque
2151 3735 2413 3835 pedem
2468 3734 2559 3809 de
2595 3733 2959 3810 industria

718 3866 1228 3955 referentibus,
1272 3864 1564 3942 Turcae
1619 3867 1813 3941 facto
1873 3863 2328 3938 validissimo
2385 3861 2674 3958 agmine
2722 3861 2797 3935 in
2835 3863 2962 3936 ba·

719 4017 889 4071 num
911 3992 1213 4085 irruunt,
1235 4013 1688 4089 numeroque·
1711 3990 1952 4087 magis
1993 4013 2206 4087 quam
2246 3990 2514 4064 robore
2535 3988 2961 4079 validiores,

718 4129 1108 4220 postquam
1147 4120 1269 4195 diu
1317 4120 1409 4193 de
1470 4118 1779 4194 victoria
1852 4123 2303 4208 certassent,
2362 4116 2459 4191 ad
2512 4121 2960 4210 postremum

721 4249 989 4323 banum
1028 4270 1172 4322 una
1227 4268 1383 4322 cum
1426 4246 1580 4320 suis
1618 4246 1940 4344 undique
1978 4242 2190 4319 effusi
2229 4242 2581 4336 obruunt3
2619 4265 2756 4317 nec
2792 4264 2959 4339 pro-

720 4375 836 4449 cul
855 4398 901 4446 a
920 4373 1249 4472 periculo
1270 4373 1568 4449 aberat:
1609 4396 1862 4448 verum
1883 4371 2258 4470 palatinus
2293 4368 2713 4445 discrimine
2729 4368 2958 4443 anim-

723 4502 1077 4593 adverso,
1170 4502 1458 4600 signum
1518 4501 1858 4577 continuo
1937 4501 2260 4597 regium,
2340 4498 2534 4595 quod
2608 4497 2720 4571 sui
2797 4518 2955 4569 cum

883 4658 947 4730 ὓ)
977 4657 1217 4717 lstvanfi
1240 4662 1510 4732 jegyzete
1539 4681 1553 4714 ε
1579 4660 1852 4716 Johannc
1876 4658 2131 4716 Rubero.
