3293 5219
758 283 1110 346 Lxxxlv

761 490 903 562 que
946 465 1301 560 Regibus,
1347 475 1417 539 ct
1468 465 1938 561 Principibus
1998 486 2281 536 summa
2328 486 2504 536 eura
2542 465 3023 561 propositum,

760 603 840 668 ut
897 601 1249 688 quantum
1310 590 1704 665 Maiestate
1767 590 2060 687 Imperii
2121 588 2393 664 ceteris
2455 590 3025 685 praeminerent,

765 727 1044 794 tautum
1088 716 1492 791 multifaria
1529 739 1772 790 rerum
1814 715 2241 809 cognitione
2282 715 2667 789 anteirent.
2698 715 2801 790 Vt
2820 716 3031 788 omit-

765 852 911 918 tam
971 842 1303 916 infiuitos
1362 841 1595 929 alios,
1657 840 1889 915 doluit
1963 841 2433 915 vehementer
2491 863 2762 936 magno
2822 843 3029 916 orbis

766 969 1107 1045 domitori
1152 968 1606 1044 Alexandro.
1653 969 1848 1066 quod
1912 968 2383 1058 Aristotelea,
2429 991 2619 1065 quae
2669 970 2810 1043 sibi
2850 970 3028 1043 olim

767 1122 807 1169 e
848 1096 1300 1183 sublimiore,
1357 1105 1430 1170 et
1489 1097 1864 1171 sanctiore
1913 1096 2406 1193 Philosophia
2442 1096 2893 1185 tradidisset,
2933 1120 3032 1169 ea

767 1223 1037 1299 ceteris
1079 1224 1515 1298 mortalibus
1574 1224 1999 1320 evulgando
2059 1224 2470 1298 communia
2515 1224 2843 1307 fecisset,
2884 1246 3030 1296 non

769 1350 988 1426 aliter
1046 1374 1130 1426 se
1188 1352 1537 1445 Magnum
1618 1359 2012 1448 reputans,
2072 1350 2213 1423 nisi
2291 1347 2653 1446 singulari
2711 1351 3035 1447 quadam

767 1475 1083 1550 scientia
1139 1476 1447 1572 reliquis
1487 1477 2013 1573 praepolleret.
2076 1474 2504 1572 Alphousus
2560 1499 2750 1561 vem,
2801 1477 3034 1550 Arra-

769 1601 1039 1697 goniae
1061 1600 1346 1696 Regum
1387 1602 1604 1675 facile
1644 1602 2117 1689 cultissimus,
2151 1603 2464 1678 omnium
2502 1604 2769 1700 potius,
2811 1624 3031 1700 quam

771 1725 1129 1801 scientiae
1168 1726 1527 1801 iacturam
1564 1752 1646 1802 se
1677 1730 1928 1803 facere
1969 1730 2418 1826 paratiorem
2458 1730 2639 1818 fore,
2680 1729 3033 1805 adseruit.

774 1848 1069 1938 Cetera,
1112 1875 1274 1927 cum
1314 1878 1426 1944 ea,
1469 1879 1661 1951 quae
1718 1856 1813 1929 ad
1872 1856 2209 1931 actiones
2260 1857 2650 1953 pertinent,
2695 1857 2766 1929 iu
2808 1855 3038 1931 homi·

776 1999 928 2063 nes,
967 1977 1039 2050 in
1085 1977 1266 2065 loca,
1308 1980 1382 2053 in
1423 1988 1778 2078 tempora,
1825 1972 1918 2055 et*
1954 1983 2024 2057 in
2086 2005 2208 2056 res
2249 2007 2293 2055 a
2333 1982 2798 2077 sapientibus
2855 1981 3037 2055 divi·

777 2103 1041 2176 dantur
1085 2130 1099 2173 :
1145 2103 1483 2179 Historia
1524 2129 1700 2179 vero
1759 2106 1875 2179 his
1935 2108 2225 2181 omniuo
2285 2106 2623 2205 partibus
2665 2108 3036 2181 continea-

775 2237 931 2321 tur;
973 2252 1257 2305 omnem
1301 2230 1459 2304 eius
1501 2231 2000 2327 cognitionem
2042 2232 2315 2321 utilem,
2356 2233 2819 2330 potissimum
2856 2255 3002 2305 ve«-

780 2379 965 2447 eam,
1025 2378 1217 2452 quae
1275 2356 1599 2451 Regum,
1659 2355 2226 2455 Principumque
2287 2358 2628 2432 Virorum
2693 2359 2906 2447 vitas,
2967 2372 3032 2431 et

781 2504 902 2556 res
961 2489 1220 2575 gestas
1280 2482 1374 2556 ob
1432 2482 1692 2555 oculos
1752 2483 1980 2578 ponit,
2041 2483 2909 2575 adcommodatissimam,
2968 2489 3045 2556 et

779 2608 1418 2705 pernecessariam
1460 2607 1573 2695 iis,
1618 2609 1737 2703 qui
1799 2633 2041 2685 rerum
2100 2609 2494 2706 potiuntur,
2537 2617 2610 2683 et
2649 2634 2694 2682 a
2735 2633 3040 2706 quorum

779 2731 1126 2822 moribus,
1168 2742 1242 2806 et
1277 2731 1916 2809 administratione
1971 2735 2321 2809 fortitudo
2381 2735 2706 2828 gentium
2748 2737 3043 2834 pendet,

781 2867 983 2933 recte
1022 2859 1455 2934 indicarunt.
1522 2861 1635 2934 Ea
1675 2862 2037 2958 siquidem
2080 2863 2194 2936 vis
2246 2871 2361 2937 est
2400 2862 2925 2960 exemplorum,
2966 2868 3048 2936 ut

782 2984 1117 3082 plerique
1192 2986 1286 3059 ad
1364 2988 2171 3082 praestantissimorum
2254 2989 2619 3062 hominum
2708 2988 3045 3062 facinora

784 3110 1115 3185 actiones
1156 3112 1351 3186 vitae
1394 3135 1574 3186 suae
1615 3123 2160 3211 componentes,
2203 3115 2298 3188 ad
2339 3137 2692 3189 summum
2753 3114 3046 3208 gloriae

783 3237 1071 3310 culmen
1127 3238 1275 3311 sint
1331 3239 1589 3312 evecti.
1675 3237 1898 3313 Certe
1961 3240 2338 3314 Hannibal
2395 3239 2650 3314 fatalis
2713 3240 2909 3325 Dux,
2975 3247 3048 3311 et

785 3374 1028 3439 terror
1068 3362 1358 3453 Italiae,
1400 3363 1674 3460 Pyrrhi
1717 3365 1952 3460 Regis
1997 3365 2488 3462 Epirotarum,
2524 3372 2598 3440 et
2633 3364 3046 3440 Alexandri

783 3490 1221 3566 Macedonis
1280 3490 1692 3587 disciplina,
1736 3515 1952 3587 quam
1995 3517 2088 3566 ex
2135 3493 2487 3567 Historiis
2527 3493 2884 3566 hauserat
2942 3494 3048 3564 ita

785 3624 903 3691 est
939 3616 1397 3704 informatus,
1436 3623 1518 3691 ut
1555 3616 1866 3691 Romam
1926 3619 2128 3692 orbis
2170 3630 2393 3714 caput
2431 3643 2670 3715 paene
2711 3641 3045 3715 pessum-

788 3743 1092 3817 dederit.
1151 3745 1326 3840 Ipse
1387 3766 1602 3837 porro
1646 3746 2075 3819 Alexander
2131 3745 2365 3840 Regis
2425 3743 2628 3843 Cyri,
2688 3754 2760 3818 et
2813 3745 3046 3818 lulius

787 3867 1092 3944 Caesar.
1140 3869 1547 3944 Alexandri
1605 3871 2012 3944 imitatione
2073 3880 2146 3946 et
2187 3873 2544 3970 exemplis
2593 3869 3047 3945 inflammati.

789 4019 878 4068 ae
913 3997 1269 4069 instructi.
1313 3998 1789 4071 Monarchias
1832 4000 2033 4072 erbis
2095 3999 2259 4087 sibi,
2301 4023 2458 4072 eum
2498 3997 2782 4095 ingenti
2822 3997 3044 4070 nomi·

790 4119 904 4189 nis
943 4121 1411 4208 incremento,
1455 4133 1992 4220 compararunt.
2057 4123 2202 4198 Sed
2243 4132 2319 4198 ut
2367 4124 2771 4198 institutum
2812 4146 3043 4197 meum

791 4262 1220 4338 prosequar,
1285 4247 1687 4322 Historiam
1750 4250 2086 4346 plerique
2146 4253 2532 4324 multarum
2581 4247 2930 4341 gentium,
2973 4255 3046 4320 et-

795 4363 1326 4436 seutellliarum
1390 4374 1761 4456 gravitate
1821 4397 1910 4444 ae
1954 4376 2330 4448 varietate.
2375 4383 2448 4445 01
2487 4374 2878 4448 verborum
2922 4397 3042 4446 co-

790 4491 914 4588 pia
974 4502 1047 4561 et
1089 4486 1372 4562 dicendi
1416 4495 1788 4588 elegantia
1829 4508 2379 4580 contexuerunt,
2415 4501 2625 4572 sicuti
2653 4509 2723 4571 et
2747 4507 3043 4574 uestrae
