3293 5219
2416 283 2564 362 167

312 512 645 586 thoreum
721 509 1203 587 Somliensem
1281 516 1779 607 expugnatum
1854 510 2069 583 misit.
2167 507 2571 582 Ferdinan-

313 639 447 714 dus
530 663 617 714 eo
693 649 1019 736 tempore
1113 639 1524 713 Emericum
1602 636 2111 710 Telecessium
2186 659 2567 732 ungarum,

307 765 542 841 virum
582 768 928 864 antiquae
967 765 1423 863 disciplinae,
1482 764 1913 863 provinciae
1950 763 2446 861 praefecerat.
2484 764 2563 838 Is

305 893 947 969 Kisvardensibus
1039 865 1391 968 auxilium
1483 891 1792 980 laturus,
1851 889 2281 987 conquisitis
2335 890 2560 963 omni-

305 1021 444 1094 bus
484 1018 807 1114 navigiis
848 1019 1229 1094 Tibiscum
1268 1016 1581 1114 trajecit.
1642 1016 1764 1090 Illi
1821 1022 2065 1090 autem
2104 1015 2560 1090 obsidionem

312 1146 747 1242 relinquunt,
784 1147 1074 1222 firmato
1102 1145 1410 1219 castello
1451 1142 1745 1219 Olchva
1762 1143 2160 1242 praesidio.
2201 1141 2305 1218 At
2342 1142 2560 1217 Tele-

307 1271 565 1364 cesius,
621 1295 714 1347 ne
768 1271 1252 1371 propinquum
1330 1270 1714 1345 castellum
1735 1266 2073 1343 hostibus
2092 1271 2560 1367 relinqueret,

307 1405 701 1496 expugnat,
740 1404 815 1471 et
851 1397 1021 1472 inde
1059 1398 1375 1492 trajecto
1418 1396 1726 1471 Tibisco
1767 1396 2182 1471 revertitur.

511 1524 712 1598 Exin
768 1524 1104 1598 Isabella
1158 1544 1353 1597 nova
1410 1521 1722 1595 consilia
1779 1521 1854 1594 in
1907 1529 2209 1619 pectore
2249 1546 2557 1599 versare

304 1650 559 1746 coepit,
615 1673 776 1724 cum
834 1649 1034 1724 curis
1072 1649 1478 1739 fatisceret,
1538 1655 1613 1721 et
1670 1646 1959 1720 deliciis
2020 1655 2216 1723 totos
2276 1647 2433 1722 dies
2472 1673 2554 1725 se

303 1776 621 1867 dederet,
661 1798 848 1874 quas
903 1776 1117 1850 simul
1158 1783 1232 1849 et
1288 1781 1569 1849 sumtus
1624 1774 1934 1849 bellicos
2003 1776 2267 1850 annuis
2324 1777 2556 1851 censi-

302 1904 434 1977 bus
472 1925 702 1997 aegre
743 1904 1227 1992 sustentabat,
1286 1902 1506 1976 etiam
1545 1900 1937 1976 illustrium
1977 1902 2302 1977 virorum
2339 1905 2554 1994 bona,

302 2031 363 2106 si
384 2029 684 2105 occasio
708 2052 792 2105 se
813 2033 1136 2119 offerret,
1168 2028 1873 2127 circumspectabat;
1913 2031 2116 2126 atqui
2158 2030 2254 2104 ad
2275 2029 2552 2106 inflam-

299 2158 635 2232 mandum
694 2161 854 2254 ejus
895 2159 1236 2251 animum,
1276 2181 1420 2233 non
1457 2180 1764 2255 parvum
1840 2165 2281 2231 momentum
2323 2158 2552 2233 Fran-

295 2286 537 2360 ciscus
577 2285 828 2360 Bebec
882 2286 1184 2360 addidit.
1244 2287 1582 2382 Namque
1621 2284 1820 2357 circa
1875 2284 2067 2357 idem
2106 2293 2394 2381 tempus
2435 2286 2549 2359 vir

292 2419 364 2486 et
420 2435 641 2510 opum
700 2420 774 2486 et
852 2413 1355 2488 clientelarum
1432 2433 1861 2507 magnarum
1918 2409 2014 2483 ad
2073 2408 2550 2508 Solymanum

289 2541 482 2616 ultro
519 2539 662 2615 iter
699 2539 1050 2633 instituit3
1108 2542 1317 2637 eujus
1375 2540 1470 2614 ad
1525 2561 1608 2614 se
1648 2538 2041 2613 adventum
2099 2536 2544 2635 Solymanus

287 2689 432 2741 non
470 2667 841 2762 ingratum
895 2666 1130 2742 fuisse
1189 2666 1435 2741 multis
1492 2665 1969 2741 humanitatis
2012 2665 2277 2740 officiis
2316 2674 2544 2741 testa·

292 2799 408 2866 tus
523 2801 679 2884 est,
793 2815 951 2866 cum
1057 2793 1150 2866 ad
1209 2792 1651 2888 colloquium
1727 2791 2128 2882 admiserit,
2205 2800 2330 2866 et·
2385 2815 2545 2867 ver-

284 2919 547 2992 borum
613 2918 892 2992 honore
949 2916 1365 3015 exceperit,
1424 2917 1855 3014 copiamque
1927 2942 2167 2993 rerum
2227 2919 2539 2994 omnium

285 3044 612 3140 gratuito
684 3044 1030 3142 praeberi
1080 3042 1410 3139 jusserit,
1488 3051 1561 3116 et
1636 3042 1976 3140 petitioni
2051 3044 2542 3139 satisfecerit3

283 3195 450 3246 nam
506 3171 1032 3266 gubernatoris
1090 3177 1536 3269 potestatem
1612 3169 1682 3243 ei
1736 3172 2104 3246 concessit
2176 3179 2254 3246 ut
2343 3178 2538 3267 apud

282 3305 572 3396 patrem
608 3298 661 3374 J
667 3296 1029 3371 ohannem
1068 3296 1487 3371 Ludovicus
1544 3291 1838 3370 Grittus
1892 3297 2065 3385 fuit,
2105 3303 2326 3395 atque
2365 3302 2537 3374 mol-

285 3422 553 3496 davum
576 3429 651 3495 et
665 3421 1224 3518 transalpinum,
1246 3422 1505 3497 ambos
1528 3421 1900 3520 principes
1923 3423 1988 3495 ei
2008 3444 2276 3520 parere
2284 3425 2535 3519 jussit.

281 3548 648 3645 Adjunxit
705 3548 927 3623 etiam
965 3548 1347 3623 chausium
1406 3571 1565 3622 cum
1618 3546 1986 3621 mandatis
2047 3547 2142 3621 ad
2197 3549 2532 3644 reginam

280 3684 507 3772 atque
548 3674 844 3750 ordines
883 3677 1118 3771 regni.
1163 3673 1306 3766 Qui
1344 3681 1738 3772 postquam
1774 3675 1847 3748 in
1890 3672 2531 3750 Transsilvaniam
2630 3722 2633 3726 ι

282 3803 501 3891 venit,
544 3802 923 3877 chausium
984 3824 1140 3876 cum
1181 3801 1548 3875 mandatis
1625 3802 1721 3875 ad
1773 3802 2103 3898 reginam
2126 3801 2528 3901 praemisit.

281 3928 379 4005 At
432 3928 721 4022 regina,
761 3951 849 4002 ac
892 3928 954 4001 si
1033 3928 1399 4004 mandatis
1476 3930 1905 4026 acquietura
1978 3937 2203 4022 esset,
2257 3929 2530 4004 homini

279 4062 445 4153 post
544 4052 811 4129 multas
923 4056 1339 4152 legationes
1402 4051 1702 4130 'additis
1793 4057 2214 4133 muneribus
2311 4032 2529 4153 atque

277 4180 668 4279 promissis
773 4182 1169 4278 persvasit.
1287 4178 1435 4257 Sed
1542 4184 1820 4280 primos
1917 4192 2135 4280 atque
2209 4183 2525 4282 “praeci-

279 4331 485 4405 puos,
600 4329 904 4404 quorum
1017 4331 1156 4408 ope
1230 4309 1305 4383 in
1412 4333 1721 4407 regnum
1815 4318 2140 4403 venerat,
2211 4310 2287 4384 in
2359 4333 2525 4409 pec-

279 4441 434 4509 tore
527 4440 980 4511 notaverat:
1057 4436 1537 4513 Franciscum
1610 4446 1683 4512 et
1739 4436 2134 4512 Antonium
2223 4436 2516 4535 Kendy,

280 4560 755 4635 Franciscum
805 4562 1085 4654 Bebek,
1129 4562 1609 4639 Melchiorem
1628 4565 2045 4656 Balassam,
2084 4562 2520 4640 Michaelem
