<?xml version="1.0" encoding="UTF-8"?>
<!DOCTYPE html PUBLIC "-//W3C//DTD XHTML 1.0 Transitional//EN"
    "http://www.w3.org/TR/xhtml1/DTD/xhtml1-transitional.dtd">
<html xmlns="http://www.w3.org/1999/xhtml" xml:lang="en" lang="en">
 <head>
  <title>
</title>
<meta http-equiv="Content-Type" content="text/html;charset=utf-8" />
  <meta name='ocr-system' content='tesseract 3.04.00' />
  <meta name='ocr-capabilities' content='ocr_page ocr_carea ocr_par ocr_line ocrx_word'/>
</head>
<body>
  <div class='ocr_page' id='page_1' title='image "./magyarhistorija00bpgoog/magyarhistorija00bpgoog_0246.png"; bbox 0 0 3293 5219; ppageno 0'>
   <div class='ocr_carea' id='block_1_1' title="bbox 789 362 941 443">
    <p class='ocr_par' dir='ltr' id='par_1_1' title="bbox 789 362 941 443">
     <span class='ocr_line' id='line_1_1' title="bbox 789 362 941 443; baseline -0.013 0"><span class='ocrx_word' id='word_1_1' title='bbox 789 362 941 443; x_wconf 85' lang='lat'>138</span> 
     </span>
    </p>
   </div>
   <div class='ocr_carea' id='block_1_2' title="bbox 782 580 3052 4740">
    <p class='ocr_par' dir='ltr' id='par_1_2' title="bbox 782 580 3052 4740">
     <span class='ocr_line' id='line_1_2' title="bbox 782 580 3030 682; baseline 0.002 -27"><span class='ocrx_word' id='word_1_2' title='bbox 782 589 855 655; x_wconf 89' lang='lat' dir='ltr'>to</span> <span class='ocrx_word' id='word_1_3' title='bbox 896 580 1218 654; x_wconf 89' lang='lat' dir='ltr'>clamore</span> <span class='ocrx_word' id='word_1_4' title='bbox 1252 583 1584 656; x_wconf 81' lang='lat' dir='ltr'><strong>certatim</strong></span> <span class='ocrx_word' id='word_1_5' title='bbox 1613 590 1694 656; x_wconf 91' lang='lat' dir='ltr'>ut</span> <span class='ocrx_word' id='word_1_6' title='bbox 1714 584 2022 680; x_wconf 89' lang='lat' dir='ltr'>quisque</span> <span class='ocrx_word' id='word_1_7' title='bbox 2063 593 2330 682; x_wconf 89' lang='lat' dir='ltr'>potest,</span> <span class='ocrx_word' id='word_1_8' title='bbox 2370 595 2773 662; x_wconf 85' lang='lat' dir='ltr'>transeunt.</span> <span class='ocrx_word' id='word_1_9' title='bbox 2815 581 3030 673; x_wconf 82' lang='lat' dir='ltr'>Quod</span> 
     </span>
     <span class='ocr_line' id='line_1_3' title="bbox 782 704 3031 814; baseline 0.003 -31"><span class='ocrx_word' id='word_1_10' title='bbox 782 707 906 783; x_wconf 92' lang='lat' dir='ltr'>ubi</span> <span class='ocrx_word' id='word_1_11' title='bbox 928 704 1257 803; x_wconf 80' lang='lat' dir='ltr'>reliquus</span> <span class='ocrx_word' id='word_1_12' title='bbox 1278 710 1650 784; x_wconf 81' lang='lat' dir='ltr'>exercitus</span> <span class='ocrx_word' id='word_1_13' title='bbox 1672 711 2212 797; x_wconf 88' lang='lat' dir='ltr'>animadvertit,</span> <span class='ocrx_word' id='word_1_14' title='bbox 2234 735 2462 810; x_wconf 90' lang='lat' dir='ltr'>eques</span> <span class='ocrx_word' id='word_1_15' title='bbox 2501 723 2576 788; x_wconf 95' lang='lat' dir='ltr'>et</span> <span class='ocrx_word' id='word_1_16' title='bbox 2612 716 2842 814; x_wconf 90' lang='lat' dir='ltr'>pedes</span> <span class='ocrx_word' id='word_1_17' title='bbox 2873 715 3031 810; x_wconf 86' lang='lat' dir='ltr'>gla·</span> 
     </span>
     <span class='ocr_line' id='line_1_4' title="bbox 782 834 3032 939; baseline 0.002 -30"><span class='ocrx_word' id='word_1_18' title='bbox 782 834 924 910; x_wconf 87' lang='lat' dir='ltr'>diis</span> <span class='ocrx_word' id='word_1_19' title='bbox 979 834 1366 931; x_wconf 78' lang='lat' dir='ltr'>signisque</span> <span class='ocrx_word' id='word_1_20' title='bbox 1423 836 1744 934; x_wconf 77' lang='lat' dir='ltr'><strong>arreptis</strong></span> <span class='ocrx_word' id='word_1_21' title='bbox 1801 838 2057 914; x_wconf 92' lang='lat' dir='ltr'>eodem</span> <span class='ocrx_word' id='word_1_22' title='bbox 2114 839 2623 927; x_wconf 82' lang='lat' dir='ltr'>tumultuarie,</span> <span class='ocrx_word' id='word_1_23' title='bbox 2661 846 2742 915; x_wconf 87' lang='lat' dir='ltr'>ut</span> <span class='ocrx_word' id='word_1_24' title='bbox 2783 862 3032 939; x_wconf 90' lang='lat' dir='ltr'>quem-</span> 
     </span>
     <span class='ocr_line' id='line_1_5' title="bbox 785 946 3023 1066; baseline 0.002 -28"><span class='ocrx_word' id='word_1_25' title='bbox 785 986 928 1061; x_wconf 91' lang='lat' dir='ltr'>que</span> <span class='ocrx_word' id='word_1_26' title='bbox 982 963 1299 1060; x_wconf 89' lang='lat' dir='ltr'>impetus</span> <span class='ocrx_word' id='word_1_27' title='bbox 1371 961 1573 1059; x_wconf 84' lang='lat' dir='ltr'>tulit,</span> <span class='ocrx_word' id='word_1_28' title='bbox 1630 946 2124 1041; x_wconf 87' lang='lat' dir='ltr'>effunduntur.</span> <span class='ocrx_word' id='word_1_29' title='bbox 2182 967 2464 1043; x_wconf 90' lang='lat' dir='ltr'>Hostes</span> <span class='ocrx_word' id='word_1_30' title='bbox 2520 968 2820 1066; x_wconf 85' lang='lat' dir='ltr'>inopina</span> <span class='ocrx_word' id='word_1_31' title='bbox 2896 991 3023 1042; x_wconf 91' lang='lat' dir='ltr'>no-</span> 
     </span>
     <span class='ocr_line' id='line_1_6' title="bbox 786 1090 3031 1192; baseline 0 -26"><span class='ocrx_word' id='word_1_32' title='bbox 786 1100 1104 1167; x_wconf 88' lang='lat' dir='ltr'>strorum</span> <span class='ocrx_word' id='word_1_33' title='bbox 1143 1090 1548 1188; x_wconf 82' lang='lat' dir='ltr'>irruptione</span> <span class='ocrx_word' id='word_1_34' title='bbox 1606 1092 1928 1187; x_wconf 85' lang='lat' dir='ltr'>cognita,</span> <span class='ocrx_word' id='word_1_35' title='bbox 1967 1102 2357 1192; x_wconf 78' lang='lat' dir='ltr'>postquam</span> <span class='ocrx_word' id='word_1_36' title='bbox 2398 1117 2480 1169; x_wconf 90' lang='lat' dir='ltr'>se</span> <span class='ocrx_word' id='word_1_37' title='bbox 2520 1095 2594 1170; x_wconf 90' lang='lat' dir='ltr'>in</span> <span class='ocrx_word' id='word_1_38' title='bbox 2633 1094 3031 1169; x_wconf 76' lang='lat' dir='ltr'>discrimen</span> 
     </span>
     <span class='ocr_line' id='line_1_7' title="bbox 786 1216 3041 1307; baseline 0.001 -16"><span class='ocrx_word' id='word_1_39' title='bbox 786 1217 1082 1293; x_wconf 85' lang='lat' dir='ltr'>venisse</span> <span class='ocrx_word' id='word_1_40' title='bbox 1110 1216 1802 1307; x_wconf 87' lang='lat' dir='ltr'>animadverterunt,</span> <span class='ocrx_word' id='word_1_41' title='bbox 1822 1218 2302 1295; x_wconf 77' lang='lat' dir='ltr'>infestissime</span> <span class='ocrx_word' id='word_1_42' title='bbox 2322 1226 2620 1296; x_wconf 89' lang='lat' dir='ltr'>nostros</span> <span class='ocrx_word' id='word_1_43' title='bbox 2656 1219 3041 1305; x_wconf 81' lang='lat' dir='ltr'>invadunt,</span> 
     </span>
     <span class='ocr_line' id='line_1_8' title="bbox 785 1343 3041 1444; baseline -0 -25"><span class='ocrx_word' id='word_1_44' title='bbox 785 1354 865 1419; x_wconf 90' lang='lat' dir='ltr'>ut</span> <span class='ocrx_word' id='word_1_45' title='bbox 903 1343 1025 1441; x_wconf 92' lang='lat' dir='ltr'>qui</span> <span class='ocrx_word' id='word_1_46' title='bbox 1054 1345 1215 1438; x_wconf 89' lang='lat' dir='ltr'>jam</span> <span class='ocrx_word' id='word_1_47' title='bbox 1249 1351 1469 1418; x_wconf 85' lang='lat' dir='ltr'>antea</span> <span class='ocrx_word' id='word_1_48' title='bbox 1506 1350 1635 1417; x_wconf 91' lang='lat' dir='ltr'>aut</span> <span class='ocrx_word' id='word_1_49' title='bbox 1670 1345 2101 1436; x_wconf 79' lang='lat' dir='ltr'>consistere,</span> <span class='ocrx_word' id='word_1_50' title='bbox 2135 1355 2261 1421; x_wconf 88' lang='lat' dir='ltr'>aut</span> <span class='ocrx_word' id='word_1_51' title='bbox 2297 1346 2579 1421; x_wconf 89' lang='lat' dir='ltr'>immori</span> <span class='ocrx_word' id='word_1_52' title='bbox 2617 1366 3041 1444; x_wconf 86' lang='lat' dir='ltr'>propugna-</span> 
     </span>
     <span class='ocr_line' id='line_1_9' title="bbox 784 1470 3041 1570; baseline -0.001 -21"><span class='ocrx_word' id='word_1_53' title='bbox 784 1470 966 1549; x_wconf 90' lang='lat' dir='ltr'>tioni</span> <span class='ocrx_word' id='word_1_54' title='bbox 1025 1471 1535 1566; x_wconf 75' lang='lat' dir='ltr'>decreverant,</span> <span class='ocrx_word' id='word_1_55' title='bbox 1595 1474 1974 1569; x_wconf 89' lang='lat' dir='ltr'>semelque</span> <span class='ocrx_word' id='word_1_56' title='bbox 2032 1479 2107 1547; x_wconf 93' lang='lat' dir='ltr'>et</span> <span class='ocrx_word' id='word_1_57' title='bbox 2142 1473 2407 1548; x_wconf 88' lang='lat' dir='ltr'>iterum</span> <span class='ocrx_word' id='word_1_58' title='bbox 2445 1494 2679 1570; x_wconf 92' lang='lat' dir='ltr'>usque</span> <span class='ocrx_word' id='word_1_59' title='bbox 2718 1472 2815 1547; x_wconf 86' lang='lat' dir='ltr'>ad</span> <span class='ocrx_word' id='word_1_60' title='bbox 2847 1473 3041 1547; x_wconf 90' lang='lat' dir='ltr'>muri</span> 
     </span>
     <span class='ocr_line' id='line_1_10' title="bbox 789 1596 3032 1699; baseline 0 -25"><span class='ocrx_word' id='word_1_61' title='bbox 789 1599 1247 1699; x_wconf 87' lang='lat' dir='ltr'>apertionem</span> <span class='ocrx_word' id='word_1_62' title='bbox 1302 1596 1692 1696; x_wconf 86' lang='lat' dir='ltr'>repellunt.</span> <span class='ocrx_word' id='word_1_63' title='bbox 1752 1600 1902 1674; x_wconf 83' lang='lat' dir='ltr'>Sed</span> <span class='ocrx_word' id='word_1_64' title='bbox 1958 1609 2175 1676; x_wconf 86' lang='lat' dir='ltr'>aucto</span> <span class='ocrx_word' id='word_1_65' title='bbox 2213 1600 2572 1699; x_wconf 85' lang='lat' dir='ltr'>paulatim</span> <span class='ocrx_word' id='word_1_66' title='bbox 2609 1608 3032 1676; x_wconf 89' lang='lat' dir='ltr'>nostrorum</span> 
     </span>
     <span class='ocr_line' id='line_1_11' title="bbox 791 1726 3043 1825; baseline -0.001 -23"><span class='ocrx_word' id='word_1_67' title='bbox 791 1726 1245 1802; x_wconf 75' lang='lat' dir='ltr'>continenter</span> <span class='ocrx_word' id='word_1_68' title='bbox 1298 1726 1852 1822; x_wconf 87' lang='lat' dir='ltr'>irrumpentium</span> <span class='ocrx_word' id='word_1_69' title='bbox 1890 1750 2213 1818; x_wconf 89' lang='lat' dir='ltr'>numero,</span> <span class='ocrx_word' id='word_1_70' title='bbox 2268 1728 2455 1802; x_wconf 88' lang='lat' dir='ltr'>fessi</span> <span class='ocrx_word' id='word_1_71' title='bbox 2494 1748 2664 1803; x_wconf 89' lang='lat' dir='ltr'>sese</span> <span class='ocrx_word' id='word_1_72' title='bbox 2701 1727 3043 1825; x_wconf 88' lang='lat' dir='ltr'>recipere</span> 
     </span>
     <span class='ocr_line' id='line_1_12' title="bbox 792 1851 3042 1951; baseline -0.001 -21"><span class='ocrx_word' id='word_1_73' title='bbox 792 1863 1167 1951; x_wconf 87' lang='lat' dir='ltr'>coguntur.</span> <span class='ocrx_word' id='word_1_74' title='bbox 1191 1864 1203 1879; x_wconf 83' lang='lat'><strong><em>‘</em></strong></span> <span class='ocrx_word' id='word_1_75' title='bbox 1226 1851 1328 1928; x_wconf 88' lang='lat' dir='ltr'>At</span> <span class='ocrx_word' id='word_1_76' title='bbox 1364 1854 1641 1927; x_wconf 87' lang='lat' dir='ltr'>nostris</span> <span class='ocrx_word' id='word_1_77' title='bbox 1681 1877 1932 1930; x_wconf 90' lang='lat' dir='ltr'>eorum</span> <span class='ocrx_word' id='word_1_78' title='bbox 1971 1856 2312 1950; x_wconf 86' lang='lat' dir='ltr'>vestigiis</span> <span class='ocrx_word' id='word_1_79' title='bbox 2352 1855 2621 1951; x_wconf 91' lang='lat' dir='ltr'>ubique</span> <span class='ocrx_word' id='word_1_80' title='bbox 2656 1854 3042 1928; x_wconf 90' lang='lat' dir='ltr'>imminen-</span> 
     </span>
     <span class='ocr_line' id='line_1_13' title="bbox 788 1980 3046 2079; baseline 0 -24"><span class='ocrx_word' id='word_1_81' title='bbox 788 1981 987 2055; x_wconf 87' lang='lat' dir='ltr'>tibus</span> <span class='ocrx_word' id='word_1_82' title='bbox 1027 1988 1101 2055; x_wconf 92' lang='lat' dir='ltr'>et</span> <span class='ocrx_word' id='word_1_83' title='bbox 1135 1980 1378 2055; x_wconf 90' lang='lat' dir='ltr'>subito</span> <span class='ocrx_word' id='word_1_84' title='bbox 1400 1981 1714 2055; x_wconf 87' lang='lat' dir='ltr'>admotis</span> <span class='ocrx_word' id='word_1_85' title='bbox 1735 1981 1959 2056; x_wconf 87' lang='lat' dir='ltr'>scalis</span> <span class='ocrx_word' id='word_1_86' title='bbox 1981 2004 2208 2079; x_wconf 88' lang='lat' dir='ltr'>supra</span> <span class='ocrx_word' id='word_1_87' title='bbox 2244 2004 2492 2058; x_wconf 85' lang='lat' dir='ltr'>muros</span> <span class='ocrx_word' id='word_1_88' title='bbox 2532 1981 3046 2071; x_wconf 78' lang='lat' dir='ltr'>evadentibus,</span> 
     </span>
     <span class='ocr_line' id='line_1_14' title="bbox 793 2107 3048 2206; baseline -0 -24"><span class='ocrx_word' id='word_1_89' title='bbox 793 2108 1084 2182; x_wconf 89' lang='lat' dir='ltr'>ancae</span> <span class='ocrx_word' id='word_1_90' title='bbox 1121 2113 1511 2206; x_wconf 89' lang='lat' dir='ltr'>postquam</span> <span class='ocrx_word' id='word_1_91' title='bbox 1530 2129 1670 2180; x_wconf 90' lang='lat' dir='ltr'>nec</span> <span class='ocrx_word' id='word_1_92' title='bbox 1688 2107 1977 2182; x_wconf 91' lang='lat' dir='ltr'>moenia</span> <span class='ocrx_word' id='word_1_93' title='bbox 2005 2107 2217 2199; x_wconf 89' lang='lat' dir='ltr'>tueri,</span> <span class='ocrx_word' id='word_1_94' title='bbox 2238 2130 2375 2181; x_wconf 91' lang='lat' dir='ltr'>nec</span> <span class='ocrx_word' id='word_1_95' title='bbox 2394 2107 2759 2203; x_wconf 84' lang='lat' dir='ltr'>ingressis</span> <span class='ocrx_word' id='word_1_96' title='bbox 2781 2107 3048 2205; x_wconf 87' lang='lat' dir='ltr'>ampli-</span> 
     </span>
     <span class='ocr_line' id='line_1_15' title="bbox 789 2234 3044 2332; baseline -0.002 -19"><span class='ocrx_word' id='word_1_97' title='bbox 789 2261 878 2313; x_wconf 93' lang='lat' dir='ltr'>us</span> <span class='ocrx_word' id='word_1_98' title='bbox 892 2236 1245 2312; x_wconf 89' lang='lat' dir='ltr'>resistere</span> <span class='ocrx_word' id='word_1_99' title='bbox 1264 2256 1346 2309; x_wconf 92' lang='lat' dir='ltr'>se</span> <span class='ocrx_word' id='word_1_100' title='bbox 1364 2256 1589 2332; x_wconf 88' lang='lat' dir='ltr'>posse</span> <span class='ocrx_word' id='word_1_101' title='bbox 1611 2234 2219 2327; x_wconf 89' lang='lat' dir='ltr'>animadvertunt,</span> <span class='ocrx_word' id='word_1_102' title='bbox 2243 2234 2562 2330; x_wconf 86' lang='lat' dir='ltr'>abjectis</span> <span class='ocrx_word' id='word_1_103' title='bbox 2585 2234 2833 2324; x_wconf 90' lang='lat' dir='ltr'>armis,</span> <span class='ocrx_word' id='word_1_104' title='bbox 2868 2257 3044 2332; x_wconf 89' lang='lat' dir='ltr'>sup-</span> 
     </span>
     <span class='ocr_line' id='line_1_16' title="bbox 786 2360 3048 2462; baseline -0.002 -24"><span class='ocrx_word' id='word_1_105' title='bbox 786 2363 1020 2462; x_wconf 90' lang='lat' dir='ltr'>plices</span> <span class='ocrx_word' id='word_1_106' title='bbox 1057 2362 1249 2437; x_wconf 90' lang='lat' dir='ltr'>inter</span> <span class='ocrx_word' id='word_1_107' title='bbox 1270 2384 1475 2436; x_wconf 88' lang='lat' dir='ltr'>arma</span> <span class='ocrx_word' id='word_1_108' title='bbox 1513 2382 1917 2457; x_wconf 88' lang='lat' dir='ltr'>manusque</span> <span class='ocrx_word' id='word_1_109' title='bbox 1953 2360 2501 2435; x_wconf 86' lang='lat' dir='ltr'>infensissimas</span> <span class='ocrx_word' id='word_1_110' title='bbox 2539 2360 2892 2455; x_wconf 80' lang='lat' dir='ltr'>fugitare,</span> <span class='ocrx_word' id='word_1_111' title='bbox 2929 2382 3048 2433; x_wconf 84' lang='lat' dir='ltr'>sa-</span> 
     </span>
     <span class='ocr_line' id='line_1_17' title="bbox 787 2473 3049 2585; baseline -0.002 -22"><span class='ocrx_word' id='word_1_112' title='bbox 787 2490 1158 2585; x_wconf 89' lang='lat' dir='ltr'>lutemque</span> <span class='ocrx_word' id='word_1_113' title='bbox 1212 2488 1308 2562; x_wconf 91' lang='lat' dir='ltr'>ab</span> <span class='ocrx_word' id='word_1_114' title='bbox 1344 2485 1708 2562; x_wconf 77' lang='lat' dir='ltr'>&#39;hostibus</span> <span class='ocrx_word' id='word_1_115' title='bbox 1746 2485 2270 2561; x_wconf 88' lang='lat' dir='ltr'>miserabiliter</span> <span class='ocrx_word' id='word_1_116' title='bbox 2309 2473 2682 2584; x_wconf 81' lang='lat' dir='ltr'>expetere,</span> <span class='ocrx_word' id='word_1_117' title='bbox 2722 2493 2797 2560; x_wconf 89' lang='lat' dir='ltr'>et</span> <span class='ocrx_word' id='word_1_118' title='bbox 2835 2494 3049 2583; x_wconf 81' lang='lat' dir='ltr'>post-</span> 
     </span>
     <span class='ocr_line' id='line_1_18' title="bbox 791 2612 3051 2714; baseline -0.002 -22"><span class='ocrx_word' id='word_1_119' title='bbox 791 2639 1005 2714; x_wconf 88' lang='lat' dir='ltr'>quam</span> <span class='ocrx_word' id='word_1_120' title='bbox 1040 2616 1117 2689; x_wconf 91' lang='lat' dir='ltr'>in</span> <span class='ocrx_word' id='word_1_121' title='bbox 1141 2612 1541 2690; x_wconf 82' lang='lat' dir='ltr'>Germanis</span> <span class='ocrx_word' id='word_1_122' title='bbox 1578 2615 1854 2690; x_wconf 85' lang='lat' dir='ltr'>nullam</span> <span class='ocrx_word' id='word_1_123' title='bbox 1874 2613 2429 2690; x_wconf 80' lang='lat' dir='ltr'>misericordiae</span> <span class='ocrx_word' id='word_1_124' title='bbox 2460 2637 2665 2712; x_wconf 88' lang='lat' dir='ltr'>spem</span> <span class='ocrx_word' id='word_1_125' title='bbox 2704 2613 3051 2690; x_wconf 82' lang='lat' dir='ltr'>relictam</span> 
     </span>
     <span class='ocr_line' id='line_1_19' title="bbox 788 2740 3050 2837; baseline -0 -21"><span class='ocrx_word' id='word_1_126' title='bbox 788 2742 1058 2831; x_wconf 88' lang='lat' dir='ltr'>vident,</span> <span class='ocrx_word' id='word_1_127' title='bbox 1115 2740 1450 2837; x_wconf 88' lang='lat' dir='ltr'>Ungaris</span> <span class='ocrx_word' id='word_1_128' title='bbox 1490 2764 1573 2816; x_wconf 91' lang='lat' dir='ltr'>se</span> <span class='ocrx_word' id='word_1_129' title='bbox 1627 2741 2029 2833; x_wconf 88' lang='lat' dir='ltr'>insinuare,</span> <span class='ocrx_word' id='word_1_130' title='bbox 2070 2742 2167 2817; x_wconf 88' lang='lat' dir='ltr'>ab</span> <span class='ocrx_word' id='word_1_131' title='bbox 2188 2741 2428 2837; x_wconf 89' lang='lat' dir='ltr'>iisque</span> <span class='ocrx_word' id='word_1_132' title='bbox 2467 2740 2693 2815; x_wconf 83' lang='lat' dir='ltr'>vitam</span> <span class='ocrx_word' id='word_1_133' title='bbox 2733 2763 2902 2815; x_wconf 90' lang='lat' dir='ltr'>cum</span> <span class='ocrx_word' id='word_1_134' title='bbox 2940 2742 3050 2815; x_wconf 86' lang='lat' dir='ltr'>la-</span> 
     </span>
     <span class='ocr_line' id='line_1_20' title="bbox 790 2864 3052 2967; baseline -0.002 -23"><span class='ocrx_word' id='word_1_135' title='bbox 790 2869 1062 2967; x_wconf 88' lang='lat' dir='ltr'>crymis</span> <span class='ocrx_word' id='word_1_136' title='bbox 1121 2876 1195 2953; x_wconf 89' lang='lat' dir='ltr'>et</span> <span class='ocrx_word' id='word_1_137' title='bbox 1248 2869 1526 2965; x_wconf 88' lang='lat' dir='ltr'>ejulatu</span> <span class='ocrx_word' id='word_1_138' title='bbox 1561 2869 2090 2965; x_wconf 89' lang='lat' dir='ltr'>necquicquam</span> <span class='ocrx_word' id='word_1_139' title='bbox 2130 2868 2557 2966; x_wconf 87' lang='lat' dir='ltr'>deposcere.</span> <span class='ocrx_word' id='word_1_140' title='bbox 2637 2864 3052 2942; x_wconf 83' lang='lat' dir='ltr'>Germanis</span> 
     </span>
     <span class='ocr_line' id='line_1_21' title="bbox 791 2993 3046 3085; baseline 0 -15"><span class='ocrx_word' id='word_1_141' title='bbox 791 3011 952 3071; x_wconf 90' lang='lat' dir='ltr'>cum</span> <span class='ocrx_word' id='word_1_142' title='bbox 974 2995 1291 3071; x_wconf 83' lang='lat' dir='ltr'>naturali</span> <span class='ocrx_word' id='word_1_143' title='bbox 1331 2994 1519 3085; x_wconf 91' lang='lat' dir='ltr'>odio,</span> <span class='ocrx_word' id='word_1_144' title='bbox 1537 3004 1689 3070; x_wconf 87' lang='lat' dir='ltr'>tum</span> <span class='ocrx_word' id='word_1_145' title='bbox 1709 2996 2060 3071; x_wconf 91' lang='lat' dir='ltr'>memoria</span> <span class='ocrx_word' id='word_1_146' title='bbox 2091 2993 2342 3069; x_wconf 89' lang='lat' dir='ltr'>caedis</span> <span class='ocrx_word' id='word_1_147' title='bbox 2363 3016 2657 3069; x_wconf 89' lang='lat' dir='ltr'>suorum</span> <span class='ocrx_word' id='word_1_148' title='bbox 2680 2993 2776 3068; x_wconf 88' lang='lat' dir='ltr'>ad</span> <span class='ocrx_word' id='word_1_149' title='bbox 2795 2993 3046 3070; x_wconf 85' lang='lat' dir='ltr'>Babo-</span> 
     </span>
     <span class='ocr_line' id='line_1_22' title="bbox 793 3121 3051 3220; baseline -0.002 -22"><span class='ocrx_word' id='word_1_150' title='bbox 793 3123 1003 3198; x_wconf 88' lang='lat' dir='ltr'>cham</span> <span class='ocrx_word' id='word_1_151' title='bbox 1076 3122 1300 3207; x_wconf 85' lang='lat' dir='ltr'>facta,</span> <span class='ocrx_word' id='word_1_152' title='bbox 1377 3144 1506 3196; x_wconf 89' lang='lat' dir='ltr'>eos</span> <span class='ocrx_word' id='word_1_153' title='bbox 1579 3123 1861 3220; x_wconf 89' lang='lat' dir='ltr'>passim</span> <span class='ocrx_word' id='word_1_154' title='bbox 1899 3122 1975 3195; x_wconf 89' lang='lat' dir='ltr'>in</span> <span class='ocrx_word' id='word_1_155' title='bbox 2014 3122 2351 3196; x_wconf 89' lang='lat' dir='ltr'>manibus</span> <span class='ocrx_word' id='word_1_156' title='bbox 2391 3121 3051 3218; x_wconf 82' lang='lat' dir='ltr'>complexibusque</span> 
     </span>
     <span class='ocr_line' id='line_1_23' title="bbox 788 3246 3048 3346; baseline -0.003 -20"><span class='ocrx_word' id='word_1_157' title='bbox 788 3249 1281 3346; x_wconf 83' lang='lat' dir='ltr'>Ungarorum,</span> <span class='ocrx_word' id='word_1_158' title='bbox 1303 3249 1462 3323; x_wconf 92' lang='lat' dir='ltr'>sine</span> <span class='ocrx_word' id='word_1_159' title='bbox 1499 3248 1655 3323; x_wconf 90' lang='lat' dir='ltr'>ulla</span> <span class='ocrx_word' id='word_1_160' title='bbox 1691 3249 2164 3325; x_wconf 85' lang='lat' dir='ltr'>miseratione</span> <span class='ocrx_word' id='word_1_161' title='bbox 2199 3246 2760 3339; x_wconf 87' lang='lat' dir='ltr'>trucidantibus,</span> <span class='ocrx_word' id='word_1_162' title='bbox 2779 3247 3048 3321; x_wconf 87' lang='lat' dir='ltr'>mortis</span> 
     </span>
     <span class='ocr_line' id='line_1_24' title="bbox 790 3373 3052 3476; baseline -0.002 -24"><span class='ocrx_word' id='word_1_163' title='bbox 790 3377 1117 3476; x_wconf 91' lang='lat' dir='ltr'>periculo</span> <span class='ocrx_word' id='word_1_164' title='bbox 1178 3375 1557 3451; x_wconf 90' lang='lat' dir='ltr'>consilium</span> <span class='ocrx_word' id='word_1_165' title='bbox 1613 3374 1767 3449; x_wconf 89' lang='lat' dir='ltr'>illis</span> <span class='ocrx_word' id='word_1_166' title='bbox 1825 3373 2366 3473; x_wconf 88' lang='lat' dir='ltr'>suppeditante,</span> <span class='ocrx_word' id='word_1_167' title='bbox 2405 3373 2624 3470; x_wconf 88' lang='lat' dir='ltr'>pileis</span> <span class='ocrx_word' id='word_1_168' title='bbox 2661 3373 3052 3468; x_wconf 84' lang='lat' dir='ltr'>ungaricis</span> 
     </span>
     <span class='ocr_line' id='line_1_25' title="bbox 790 3500 3050 3600; baseline -0.002 -22"><span class='ocrx_word' id='word_1_169' title='bbox 790 3504 985 3596; x_wconf 90' lang='lat' dir='ltr'>tecti,</span> <span class='ocrx_word' id='word_1_170' title='bbox 1024 3512 1243 3600; x_wconf 88' lang='lat' dir='ltr'>prout</span> <span class='ocrx_word' id='word_1_171' title='bbox 1297 3504 1371 3576; x_wconf 94' lang='lat' dir='ltr'>in</span> <span class='ocrx_word' id='word_1_172' title='bbox 1428 3502 1986 3578; x_wconf 82' lang='lat' dir='ltr'>excursionibus</span> <span class='ocrx_word' id='word_1_173' title='bbox 2061 3508 2622 3590; x_wconf 88' lang='lat' dir='ltr'>consveverant,</span> <span class='ocrx_word' id='word_1_174' title='bbox 2677 3500 2908 3596; x_wconf 85' lang='lat' dir='ltr'>fugae</span> <span class='ocrx_word' id='word_1_175' title='bbox 2964 3521 3050 3573; x_wconf 86' lang='lat' dir='ltr'>se</span> 
     </span>
     <span class='ocr_line' id='line_1_26' title="bbox 792 3627 3049 3729; baseline 0 -25"><span class='ocrx_word' id='word_1_176' title='bbox 792 3630 1247 3706; x_wconf 84' lang='lat' dir='ltr'>mandarunt.</span> <span class='ocrx_word' id='word_1_177' title='bbox 1270 3629 1413 3721; x_wconf 84' lang='lat' dir='ltr'>Qui</span> <span class='ocrx_word' id='word_1_178' title='bbox 1452 3631 1854 3706; x_wconf 86' lang='lat' dir='ltr'>Babociam</span> <span class='ocrx_word' id='word_1_179' title='bbox 1873 3639 2230 3729; x_wconf 90' lang='lat' dir='ltr'>perpetuo</span> <span class='ocrx_word' id='word_1_180' title='bbox 2252 3650 2471 3704; x_wconf 89' lang='lat' dir='ltr'>cursu</span> <span class='ocrx_word' id='word_1_181' title='bbox 2501 3627 2770 3718; x_wconf 84' lang='lat' dir='ltr'>anheli,</span> <span class='ocrx_word' id='word_1_182' title='bbox 2789 3628 3049 3705; x_wconf 84' lang='lat' dir='ltr'>foedo-</span> 
     </span>
     <span class='ocr_line' id='line_1_27' title="bbox 792 3755 3048 3855; baseline -0.001 -22"><span class='ocrx_word' id='word_1_183' title='bbox 792 3780 933 3855; x_wconf 92' lang='lat' dir='ltr'>que</span> <span class='ocrx_word' id='word_1_184' title='bbox 973 3780 1064 3831; x_wconf 85' lang='lat' dir='ltr'>ex</span> <span class='ocrx_word' id='word_1_185' title='bbox 1103 3756 1361 3832; x_wconf 89' lang='lat' dir='ltr'>mortis</span> <span class='ocrx_word' id='word_1_186' title='bbox 1404 3765 1693 3833; x_wconf 88' lang='lat' dir='ltr'>terrore</span> <span class='ocrx_word' id='word_1_187' title='bbox 1728 3757 1995 3832; x_wconf 86' lang='lat' dir='ltr'>faciem</span> <span class='ocrx_word' id='word_1_188' title='bbox 2037 3756 2323 3851; x_wconf 90' lang='lat' dir='ltr'>pallore</span> <span class='ocrx_word' id='word_1_189' title='bbox 2363 3756 2731 3852; x_wconf 78' lang='lat' dir='ltr'>deturpati</span> <span class='ocrx_word' id='word_1_190' title='bbox 2770 3755 3048 3851; x_wconf 90' lang='lat' dir='ltr'>pertin-</span> 
     </span>
     <span class='ocr_line' id='line_1_28' title="bbox 795 3878 3045 3980; baseline -0.001 -24"><span class='ocrx_word' id='word_1_191' title='bbox 795 3890 1077 3980; x_wconf 85' lang='lat' dir='ltr'>gentes,</span> <span class='ocrx_word' id='word_1_192' title='bbox 1116 3890 1506 3980; x_wconf 88' lang='lat' dir='ltr'>postquam</span> <span class='ocrx_word' id='word_1_193' title='bbox 1545 3881 1837 3956; x_wconf 84' lang='lat' dir='ltr'>Turcas</span> <span class='ocrx_word' id='word_1_194' title='bbox 1859 3881 1949 3956; x_wconf 89' lang='lat' dir='ltr'>de</span> <span class='ocrx_word' id='word_1_195' title='bbox 1972 3890 2401 3980; x_wconf 84' lang='lat' dir='ltr'>expugnata</span> <span class='ocrx_word' id='word_1_196' title='bbox 2439 3882 2807 3972; x_wconf 82' lang='lat' dir='ltr'>Korotna,</span> <span class='ocrx_word' id='word_1_197' title='bbox 2850 3878 3045 3956; x_wconf 83' lang='lat' dir='ltr'>Ger-</span> 
     </span>
     <span class='ocr_line' id='line_1_29' title="bbox 795 4008 3045 4105; baseline -0.002 -20"><span class='ocrx_word' id='word_1_198' title='bbox 795 4031 1170 4085; x_wconf 87' lang='lat' dir='ltr'>manorum</span> <span class='ocrx_word' id='word_1_199' title='bbox 1229 4009 1681 4100; x_wconf 88' lang='lat' dir='ltr'>crudelitate,</span> <span class='ocrx_word' id='word_1_200' title='bbox 1742 4008 2398 4105; x_wconf 88' lang='lat' dir='ltr'>atcrocissimaque</span> <span class='ocrx_word' id='word_1_201' title='bbox 2455 4030 2750 4083; x_wconf 89' lang='lat' dir='ltr'>suorum</span> <span class='ocrx_word' id='word_1_202' title='bbox 2808 4008 3045 4083; x_wconf 85' lang='lat' dir='ltr'>caede</span> 
     </span>
     <span class='ocr_line' id='line_1_30' title="bbox 796 4134 3047 4233; baseline -0.001 -23"><span class='ocrx_word' id='word_1_203' title='bbox 796 4135 1283 4226; x_wconf 89' lang='lat' dir='ltr'>edocuissent,</span> <span class='ocrx_word' id='word_1_204' title='bbox 1361 4135 1965 4233; x_wconf 77' lang='lat' dir='ltr'>addidissemque</span> <span class='ocrx_word' id='word_1_205' title='bbox 2057 4158 2138 4209; x_wconf 92' lang='lat' dir='ltr'>se</span> <span class='ocrx_word' id='word_1_206' title='bbox 2181 4134 2557 4209; x_wconf 89' lang='lat' dir='ltr'>audivisse</span> <span class='ocrx_word' id='word_1_207' title='bbox 2632 4134 3047 4233; x_wconf 88' lang='lat' dir='ltr'>principem</span> 
     </span>
     <span class='ocr_line' id='line_1_31' title="bbox 798 4258 3046 4359; baseline -0.001 -22"><span class='ocrx_word' id='word_1_208' title='bbox 798 4262 1144 4337; x_wconf 81' lang='lat' dir='ltr'>Korotna</span> <span class='ocrx_word' id='word_1_209' title='bbox 1181 4263 1485 4359; x_wconf 81' lang='lat' dir='ltr'>potitum</span> <span class='ocrx_word' id='word_1_210' title='bbox 1545 4270 1748 4336; x_wconf 88' lang='lat' dir='ltr'>recta</span> <span class='ocrx_word' id='word_1_211' title='bbox 1783 4261 2269 4348; x_wconf 52' lang='lat' dir='ltr'>&#39;Babocham,</span> <span class='ocrx_word' id='word_1_212' title='bbox 2325 4260 2494 4334; x_wconf 91' lang='lat' dir='ltr'>inde</span> <span class='ocrx_word' id='word_1_213' title='bbox 2532 4258 2822 4356; x_wconf 88' lang='lat' dir='ltr'>reliqua</span> <span class='ocrx_word' id='word_1_214' title='bbox 2879 4263 3046 4356; x_wconf 83' lang='lat' dir='ltr'>ejus</span> 
     </span>
     <span class='ocr_line' id='line_1_32' title="bbox 793 4386 3049 4487; baseline -0 -26"><span class='ocrx_word' id='word_1_215' title='bbox 793 4396 1073 4463; x_wconf 86' lang='lat' dir='ltr'>tractus</span> <span class='ocrx_word' id='word_1_216' title='bbox 1110 4389 1294 4476; x_wconf 88' lang='lat' dir='ltr'>loca,</span> <span class='ocrx_word' id='word_1_217' title='bbox 1322 4399 1397 4464; x_wconf 90' lang='lat' dir='ltr'>ut</span> <span class='ocrx_word' id='word_1_218' title='bbox 1433 4412 1764 4487; x_wconf 88' lang='lat' dir='ltr'>quaeque</span> <span class='ocrx_word' id='word_1_219' title='bbox 1822 4389 2044 4463; x_wconf 88' lang='lat' dir='ltr'>obvia</span> <span class='ocrx_word' id='word_1_220' title='bbox 2098 4386 2391 4474; x_wconf 85' lang='lat' dir='ltr'>fuerint,</span> <span class='ocrx_word' id='word_1_221' title='bbox 2432 4394 3049 4483; x_wconf 64' lang='lat' dir='ltr'>expugnaturum</span> 
     </span>
     <span class='ocr_line' id='line_1_33' title="bbox 801 4511 3049 4613; baseline -0.001 -25"><span class='ocrx_word' id='word_1_222' title='bbox 801 4534 1036 4610; x_wconf 90' lang='lat' dir='ltr'>eoque</span> <span class='ocrx_word' id='word_1_223' title='bbox 1073 4515 1355 4590; x_wconf 88' lang='lat' dir='ltr'>divisas</span> <span class='ocrx_word' id='word_1_224' title='bbox 1392 4519 1649 4613; x_wconf 87' lang='lat' dir='ltr'>copias</span> <span class='ocrx_word' id='word_1_225' title='bbox 1687 4537 1877 4609; x_wconf 90' lang='lat' dir='ltr'>esse,</span> <span class='ocrx_word' id='word_1_226' title='bbox 1914 4522 1995 4590; x_wconf 90' lang='lat' dir='ltr'>ut</span> <span class='ocrx_word' id='word_1_227' title='bbox 2031 4515 2377 4612; x_wconf 89' lang='lat' dir='ltr'>princeps</span> <span class='ocrx_word' id='word_1_228' title='bbox 2433 4511 2724 4609; x_wconf 92' lang='lat' dir='ltr'>quidem</span> <span class='ocrx_word' id='word_1_229' title='bbox 2761 4511 3049 4587; x_wconf 78' lang='lat' dir='ltr'>directa</span> 
     </span>
     <span class='ocr_line' id='line_1_34' title="bbox 804 4636 3039 4740; baseline -0.002 -26"><span class='ocrx_word' id='word_1_230' title='bbox 804 4639 946 4729; x_wconf 82' lang='lat' dir='ltr'>via,</span> <span class='ocrx_word' id='word_1_231' title='bbox 985 4642 1223 4717; x_wconf 86' lang='lat' dir='ltr'>altera</span> <span class='ocrx_word' id='word_1_232' title='bbox 1256 4663 1482 4739; x_wconf 89' lang='lat' dir='ltr'>porro</span> <span class='ocrx_word' id='word_1_233' title='bbox 1520 4642 1890 4717; x_wconf 87' lang='lat' dir='ltr'>exereitus</span> <span class='ocrx_word' id='word_1_234' title='bbox 1927 4664 2127 4740; x_wconf 88' lang='lat' dir='ltr'>pars,</span> <span class='ocrx_word' id='word_1_235' title='bbox 2170 4639 2367 4715; x_wconf 84' lang='lat' dir='ltr'>flexo</span> <span class='ocrx_word' id='word_1_236' title='bbox 2422 4659 2684 4714; x_wconf 84' lang='lat' dir='ltr'>versus</span> <span class='ocrx_word' id='word_1_237' title='bbox 2723 4636 3039 4711; x_wconf 76' lang='lat' dir='ltr'>orienta-</span> 
     </span>
    </p>
   </div>
  </div>
 </body>
</html>
