3293 5219
759 302 921 378 430
1026 281 1030 285 ’

757 531 907 595 111111
947 520 1214 594 bonum
1253 515 1677 591 christianis
1713 514 2231 604 invidentibus,
2264 522 2597 612 ereptum
2618 515 2861 590 fuisse.
2905 511 3014 587 Si-

723 646 1055 742 ,quidem
1081 651 1506 740 expugnata
1544 641 1837 716 Vienna
1868 647 2091 736 atque
2132 641 2442 715 Austria
2481 664 2699 716 unum
2735 648 3010 715 tantum

759 772 834 845 id
890 771 1256 870 cupiebat,
1329 777 1410 844 ut
1465 766 1908 843 Federicum
1984 767 2080 841 ad
2155 766 2554 841 sanitatem
2611 768 3009 854 reduceret,

763 898 887 994 qui
927 919 1220 994 semper
1259 894 1713 970 salutaribus
1772 893 2345 969 christianorum
2384 893 2719 968 consiliis
2759 894 3010 968 adver·

761 1045 889 1096 sus
982 1021 1266 1097 fuisset.
1379 1020 1572 1093 Nam
1644 1026 1724 1091 ut
1795 1025 2207 1116 appareret
2283 1020 2534 1115 quanti
2649 1019 2863 1093 animi
2940 1027 3012 1092 et

753 1170 973 1242 quam
1011 1145 1358 1242 generosi
1379 1146 1592 1235 foret,
1631 1142 2001 1218 Viennam
2057 1142 2588 1239 Austriamque
2628 1144 3009 1234 Federico,

756 1279 980 1369 pacta
1018 1272 1283 1345 saltem
1324 1277 1531 1343 certa
1569 1289 1852 1342 summa
1890 1267 2248 1366 pecuniae
2277 1267 2730 1343 redditurum
2764 1270 3016 1355 fuisse,

748 1407 828 1473 ut
839 1397 1166 1473 turcicae
1187 1395 1299 1471 illi
1319 1402 1394 1469 61
1407 1393 1999 1490 gloriosissimae
2023 1393 2477 1491 expeditioni
2499 1418 2715 1491 quam
2756 1394 3009 1469 certis·

751 1524 932 1598 sime
971 1523 1251 1597 initium
1289 1521 1591 1597 faceret.
1632 1520 1838 1596 Inter
1897 1543 2084 1617 quae
2124 1521 2442 1597 consilia
2484 1529 2561 1596 et
2600 1523 3008 1597 meditatio·

759 1672 918 1742 nes,
958 1649 1150 1723 malo
1174 1646 1745 1721 christianorum
1784 1647 1917 1721 sed
1939 1647 2164 1722 multo
2205 1646 2467 1740 majori
2505 1656 2782 1732 nostro,
2822 1648 3010 1744 proh

758 1773 1008 1865 dolor,
1067 1772 1228 1847 sive
1286 1770 1455 1848 dolo
1533 1771 1964 1862 domestico,
2016 1778 2098 1854 ut
2152 1770 2569 1869 perhibent,
2645 1773 2802 1847 sive
2853 1773 3012 1848 fato

752 1899 1001 1997 aliquo
1045 1906 1343 1997 ereptus
1385 1905 1522 1972 est.
1599 1898 1849 1972 Etiam
1890 1895 2058 1971 dolo
2113 1895 2190 1969 in
2226 1895 2475 1971 navali
2516 1898 2795 1996 etipsa
2829 1899 3011 1974 urbe

750 2026 959 2099 initio
988 2026 1191 2098 -anni
1247 2025 1516 2102 Veneti
1573 2033 1921 2120 magnum
1978 2023 2320 2097 damnum
2377 2032 2838 2121 receperunt.
2899 2022 3009 2098 Si-

751 2150 1043 2245 quidem
1117 2150 1304 2223 duae
1392 2157 1636 2224 turres
1712 2151 2019 2247 pulvere
2093 2150 2576 2224 tormentatio
2670 2148 3010 2246 refertae,

752 2279 1009 2352 mirum
1068 2300 1286 2373 quam
1325 2275 1609 2353 occulte
1669 2286 1744 2352 et
1834 2283 2121 2352 secrete
2178 2276 2273 2349 ab
2349 2275 2493 2349 imo
2567 2276 3008 2372 perforatae,

747 2403 1341 2501 inflammatoque
1392 2406 1701 2501 pulvere
1812 2405 2074 2477 ambae
2148 2425 2240 2476 ex
2299 2401 2465 2475 imis
2520 2401 3008 2476 fundamentis

753 2531 1116 2629 disjectae
1158 2538 1352 2619 sunt,
1397 2554 1543 2605 una
1581 2553 1742 2605 cum
1782 2529 2186 2620 moenibus,
2243 2535 2637 2625 praeterea
2674 2528 3009 2625 proxima

750 2658 1140 2733 vestalium
1190 2657 1558 2752 virginum
1616 2656 1843 2731 aedes
1902 2677 2122 2731 sacra
2167 2654 2525 2751 collapsa,
2584 2662 2810 2752 atque
2848 2658 3004 2731 solo

747 2790 1086 2879 aequata.
1126 2781 1592 2857 Privatorum
1646 2804 1826 2856 vero
1887 2782 2144 2856 domus
2182 2780 2605 2877 plerasque,
2649 2804 3002 2878 quascun-

751 2929 892 3004 que
964 2908 1078 2980 vis
1151 2908 1482 3004 pulveris
1559 2907 1940 3005 sulphurei
2014 2904 2301 3000 adtigit,
2391 2906 2785 2996 concussit,
2843 2929 3001 3003 pro·

755 3031 1166 3127 stravitque
1189 3054 1348 3106 cum
1387 3030 1779 3106 multorum
1799 3030 2168 3105 hominum
2207 3029 2528 3121 interitu,
2570 3038 2784 3104 tanta
2820 3038 3002 3104 stra-

751 3183 868 3253 ge,
907 3158 1231 3252 fragore,
1290 3165 1364 3232 61
1399 3164 1705 3249 1611016,
1760 3165 1843 3231 111
1897 3154 2232 3229 homines
2281 3155 2763 3231 novissimum
2815 3156 3004 3230 diem

743 3282 1011 3357 adesse
1050 3283 1454 3375 crederent.
1522 3283 1716 3357 Nam
1755 3282 1996 3356 noctis
2027 3280 2466 3372 obscuritas,
2506 3280 2787 3376 fragor,
2889 3304 3001 3355 co·

751 3410 1196 3486 ruscationis
1255 3434 1345 3484 ac
1381 3410 1699 3505 fulguris
1740 3406 2163 3499 similitudo,
2198 3415 2274 3481 et
2309 3407 2755 3504 praesertim
2794 3408 3000 3504 igno-

747 3537 935 3611 ratio
975 3558 1241 3627 rerum‚
1277 3536 1614 3610 homines
1655 3536 1842 3610 adeo
1902 3538 2402 3625 cuncusserat,
2460 3540 2539 3607 ut
2573 3555 2709 3630 per
2748 3556 3003 3607 omnes

742 3662 1038 3761 plateas
1077 3685 1166 3735 ac
1204 3661 1409 3736 vicos
1427 3662 1710 3737 relictis
1769 3661 2106 3737 domibus
2164 3660 2683 3752 discurrerent,
2723 3665 2798 3734 61
2835 3681 3000 3755 pro·

745 3788 963 3863 strati
1002 3787 1097 3862 ad
1151 3787 1364 3863 deum
1418 3812 1685 3886 preces
1751 3788 2161 3878 funderent,
2224 3787 2456 3862 donec
2515 3784 3004 3881 magistratus

740 3933 823 3985 re
859 3911 1239 3986 intellecta
1274 3913 1571 3986 vicatim
1609 3913 2107 3988 discurrentes
2146 3911 2495 3987 docerent
2568 3910 2742 4008 quid
2778 3923 3006 4001 esset,

745 4043 820 4110 et
855 4036 931 4109 in
971 4054 1147 4111 suas
1187 4036 1440 4111 domos
1499 4060 1862 4134 quemque
1920 4037 2164 4114 redire
2204 4045 2577 4134 cogerent.
2619 4037 2899 4133 Magno
2932 4039 3009 4113 id

743 4160 1008 4234 damno
1047 4170 1120 4238 et
1157 4162 1632 4259 reipublicae,
1694 4172 1768 4237 61
1803 4164 2257 4261 privatorum
2308 4162 2661 4255 constitit;
2719 4163 3007 4257 majore

742 4291 963 4383 atque
997 4288 1414 4363 incredibili
1453 4289 1935 4381 constitisset,
1987 4290 2053 4363 si
2093 4290 2189 4364 ad
2226 4312 2458 4373 naves
2500 4295 2721 4384 atque
2761 4311 3009 4365 arma-

740 4414 1172 4489 mentarium
1211 4412 1717 4513 pervenisset.
1758 4414 1990 4508 Quae,
2033 4416 2205 4512 quia
2242 4416 2502 4488 salvae
2543 4422 2617 4488 et
2652 4414 3004 4508 integrae

738 4559 1237 4632 permansere,
1296 4542 1824 4638 rempublicam
1882 4542 2244 4637 singulari
2283 4563 2506 4615 curae
2547 4540 2687 4615 deo
2740 4540 3009 4629 fuisse,
