3293 5219
820 299 977 374 422

821 541 1036 611 quam
1075 516 1300 591 fuere.
1345 517 1630 607 Quibus
1673 521 1999 615 peractis
2039 529 2396 595 convocat
2436 522 2878 618 regnicolas,
2926 523 3051 595 sin·

820 641 1017 736 gulis
1075 666 1218 717 non
1259 645 1572 741 amplius
1615 645 2105 720 servitoribus
2163 670 2323 720 cum
2363 647 2688 743 singulis
2724 649 2798 721 in
2834 670 3056 722 arcem

817 769 1302 864 intromissis3
1342 780 1491 844 tum
1531 771 1846 857 litteras,
1888 795 2074 868 quas
2126 773 2511 848 Barrabas
2550 774 2913 863 attulerat,
2949 797 3044 848 re-

820 893 1033 967 citari
1077 893 1316 986 jubet,
1377 918 1465 967 ac
1501 894 1704 968 illico
1746 893 2203 993 Stephanum
2253 896 2644 973 Dobonem
2686 905 2761 972 et
2796 898 3047 975 Johan·

821 1042 988 1093 nem
1026 1017 1424 1093 Balassam
1482 1028 1742 1117 captos
1799 1021 1874 1094 in
1932 1022 2340 1096 custodiam
2377 1023 2629 1114 tradit,
2668 1025 3047 1121 assignatis

822 1144 1223 1239 separatim
1317 1143 1707 1241 unicuique
1800 1148 2108 1221 modicis
2199 1149 2824 1225 habitatiunculis.
2917 1150 3047 1226 Pro

820 1267 1086 1362 quibus
1109 1289 1270 1341 cum
1283 1268 1765 1345 cunctivades
1786 1292 1954 1345 esse
1968 1272 2264 1364 vellent,
2288 1273 2603 1348 ducenta
2620 1275 2847 1349 millia
2873 1301 3043 1351 num-

820 1417 1013 1468 mum
1053 1415 1351 1468 aureum
1408 1394 1805 1470 vadimonii
1861 1397 2024 1472 loco
2080 1400 2617 1495 promittentes,
2656 1402 2836 1476 nihil
2871 1405 3047 1478 aliud

821 1519 1157 1608 effecere,
1198 1540 1416 1613 quam
1453 1525 1533 1593 ut
1555 1541 1637 1593 se
1658 1520 1857 1596 intra
1883 1529 2164 1597 certum
2186 1524 2376 1599 diem
2414 1527 2725 1603 arbitrio
2753 1530 3047 1625 judicum

818 1664 1118 1717 causam
1137 1642 1430 1716 illorum
1450 1646 2040 1738 cognoscendam
2059 1650 2588 1745 permissurum
2608 1655 2916 1729 offerret„

1032 1763 1378 1840 Ceterum
1422 1770 1881 1866 perexiguae
1940 1771 2303 1870 reliquiae
2356 1778 2571 1873 regni
2609 1776 3044 1867 Sclavoniae,

818 1890 1154 1988 quamvis
1213 1890 1581 1987 integrum
1639 1895 2159 1973 Ferdinandus
2237 1903 2678 1999 accepisset,
2737 1905 2833 1979 ad
2879 1904 3039 1980 fines

817 2014 1227 2090 Carnorum
1265 2016 1508 2091 adhuc
1526 2029 1986 2117 supererant.
2029 2021 2150 2098 Ad
2170 2025 2358 2101 haec
2397 2051 2591 2124 quae
2613 2029 2858 2105 Tui-ca
2890 2053 3040 2105 non·

818 2142 985 2216 dum
1024 2151 1538 2238 occupaverat,
1579 2148 1898 2222 animum
1939 2150 2230 2246 adJecit.
2273 2153 2575 2229 Nostris
2615 2157 2877 2254 quippe
2910 2180 3035 2230 ma·

815 2265 910 2340 lis
948 2290 1094 2341 non
1152 2269 1390 2343 solum
1427 2293 1572 2344 non
1628 2276 2080 2370 movebatur,
2160 2278 2294 2353 sed
2370 2279 2588 2353 etiam
2648 2282 3037 2358 exsultabat

821 2392 886 2465 si
947 2389 1306 2466 Austriae
1384 2402 1458 2467 et
1535 2391 1991 2476 Germaniae
2064 2404 2489 2501 provinciae
2563 2429 2711 2480 non
2782 2407 3033 2505 pericli-

818 2521 1172 2590 tarentur.
1330 2516 1698 2594 Proximis
1808 2524 2037 2621 igitur
2147 2528 2365 2612 annis
2475 2527 2874 2608 Stubiciam
2971 2543 3031 2608 et

814 2641 1395 2718 Zomzeduaram
1452 2670 1669 2720 arces
1743 2651 1839 2724 ab
1886 2651 2171 2727 familia
2209 2654 2513 2752 Hening
2552 2668 3025 2757 occupaverat,

812 2770 958 2843 levi
1037 2770 1126 2844 de
1237 2793 1503 2864 causa,
1581 2799 1820 2872 neque
1892 2780 2240 2874 precibus
2329 2784 2830 2864 universorum
2932 2809 3026 2860 re-

812 2893 1268 2990 gnicolarum
1377 2898 1454 2972 in
1542 2901 1862 2996 publicis
1946 2907 2467 3001 conventibuS,
2560 2934 2793 3008 neque
2878 2912 3022 3007 lege

815 3018 1075 3093 adduci
1114 3021 1368 3116 potuit,
1419 3031 1498 3098 ut
1559 3025 1723 3119 jure
1779 3036 2059 3104 tantum
2116 3054 2418 3108 causam
2467 3038 3022 3132 cognoscendam

814 3144 1290 3241 permitteret.
1317 3144 1721 3243 Cogitabat
1751 3153 1941 3227 enim
1973 3155 2175 3232 facta
2194 3166 2541 3256 tanquam
2582 3185 2730 3238 una
2762 3163 3020 3259 provin-

813 3269 949 3361 cia,
989 3269 1287 3365 aliquod
1342 3273 1466 3346 uni
1526 3273 1929 3351 liberorum
2002 3304 2274 3377 parare
2310 3286 2860 3384 patrimonium;
2895 3297 3018 3363 tum

814 3395 912 3470 ad
985 3416 1465 3492 possessores
1539 3400 1898 3477 bonorum
2008 3413 2232 3502 atque
2327 3411 2604 3487 arcium
2718 3414 3015 3510 singulos

810 3520 1154 3594 mandata
1213 3523 1610 3617 mittuntur,
1689 3533 1766 3600 ut
1821 3530 2218 3629 privilegia
2266 3535 2363 3609 ad
2419 3548 2849 3640 quaestores
2883 3541 3015 3613 mit·

807 3652 1100 3720 tantur:
1138 3645 1190 3717 ii
1230 3646 1319 3720 de
1360 3670 1609 3723 eorum
1649 3653 1996 3730 firmitate
2046 3672 2604 3759 cognoscerent,
2646 3675 2858 3763 atque
2893 3673 3013 3738 sta·

807 3776 1115 3846 tuerent.
1160 3770 1352 3845 Nam
1392 3795 1551 3847 cum
1591 3798 1685 3850 ea
1722 3777 1915 3852 bona
1955 3789 2027 3855 et
2080 3783 2437 3883 pleraque
2476 3790 2628 3864 alia
2665 3792 3011 3868 Johannes

806 3894 954 3969 dux
1030 3893 1418 3980 Corvinus,
1456 3899 1651 4041 filius
1689 3903 2021 3983 Mathiae
2059 3911 2285 4005 regis,
2335 3937 2496 3990 cum
2533 3920 2758 3993 orbus
2786 3916 3011 3992 liberis

801 4521 916 4595 cui
943 4547 1077 4598 rex
1118 4528 1632 4619 concessisset,
1675 4533 1842 4628 lege
1880 4538 2093 4632 regni
2150 4538 2600 4619 hereditates
2632 4545 2907 4621 donare
2940 4543 3004 4617 li·
