3293 5219
853 312 1000 391 182

845 533 1099 607 alteris
1115 557 1543 631 quocunque
1564 535 1778 610 modo
1794 535 2264 624 ademissent,
2282 534 2633 630 legitimis
2654 533 2959 608 dominis
2976 534 3065 607 in-

844 661 1073 735 vicem
1096 660 1514 755 reddantur3
1556 662 1704 736 dux
1727 661 2151 736 Sabaudiae
2173 684 2522 747 sororem,
2545 658 2935 759 Philippus
2954 683 3066 734 rex

842 784 1067 862 filiam
1086 787 1393 862 Henrici
1431 788 1505 862 in
1529 789 2013 863 certissimum
2036 788 2309 861 amoris
2349 795 2569 884 atque
2607 789 2817 885 pacis
2854 785 3070 861 firma-

840 921 1157 988 mentum
1230 913 1617 1008 ducerent;
1675 915 1880 988 hisce
1953 914 2516 1006 conditionihuS,
2605 938 2757 1013 pax
2829 919 3065 988 sancte

837 1047 1060 1137 atque
1096 1038 1383 1114 illibate
1423 1047 1867 1114 servaretur.
1909 1040 2236 1115 Maxima
2273 1041 2555 1115 laetitia
2593 1040 2786 1136 apud
2826 1060 3061 1113 omnes

835 1165 994 1255 fuit,
1069 1164 1202 1238 sed
1274 1163 1664 1257 Henricus,
1723 1173 1802 1239 ut
1874 1166 2153 1241 nullum
2228 1190 2465 1262 genus
2539 1164 2938 1240 hilaritatis
2991 1187 3066 1237 ac

840 1290 1257 1390 splendoris
1330 1291 1988 1388 praetermitteret,
2062 1294 2226 1391 ipso
2284 1301 2613 1391 tempore
2670 1292 3064 1388 nuptiarum

836 1418 1034 1491 filiae
1071 1415 1282 1489 ludos
1302 1423 1691 1512 equestres
1713 1442 1802 1492 ac
1835 1419 2224 1515 pedestres
2246 1420 2676 1515 magnificos
2713 1416 3069 1492 instruxit.

836 1542 1050 1620 Uxor
1084 1565 1339 1637 regem
1378 1543 1851 1618 vehementer
1910 1567 2144 1635 orare,
2202 1544 2343 1618 sibi
2382 1553 2463 1620 ut
2495 1551 2860 1642 parceret,
2896 1564 3070 1617 neve

838 1666 1081 1744 hastis
1137 1667 1743 1763 congrederetur,
1784 1668 1930 1753 levi
1988 1679 2346 1746 momento
2386 1671 2774 1746 maximum
2811 1668 3075 1764 pericu-

838 1794 984 1870 lum
1058 1816 1287 1892 posse
1341 1794 1664 1891 percipi3
1759 1797 2113 1871 somnium
2209 1796 2430 1870 etiam
2495 1797 2876 1887 afferebat,
2914 1792 3078 1890 quid

835 1920 1011 1995 mali
1050 1920 1193 1994 sibi
1232 1943 1322 1995 ea
1370 1927 1583 1994 nocte
1620 1922 2132 2018 portendisse;
2190 1921 2571 2019 impetrari
2608 1921 2793 1995 nihil
2830 1918 3076 2019 potuit,

838 2045 1012 2142 quin
1050 2068 1277 2143 saepe
1316 2068 1789 2141 congressus,
1845 2048 2056 2121 unius
2115 2047 2377 2121 hastae
2435 2046 2801 2122 adversae
2848 2046 3075 2121 frusto

833 2194 970 2271 per
1006 2194 1401 2269 supernam
1457 2174 1724 2270 galeae
1773 2182 2213 2270 aperturam,
2254 2197 2446 2269 quae
2487 2173 2797 2248 visionis
2836 2170 3077 2269 gratia

833 2298 993 2374 fieri
1049 2298 1260 2391 solet,
1298 2298 1372 2372 in
1427 2299 1902 2397 supercilium
1959 2300 2265 2375 alterius
2320 2300 2515 2376 oculi
2569 2300 2758 2374 ictus
2826 2305 2957 2388 est,
2992 2320 3080 2370 ac

832 2448 1111 2522 paucos
1149 2433 1322 2522 post
1358 2426 1519 2501 dies
1559 2449 1601 2500 e
1637 2426 1831 2501 vivis
1872 2427 2214 2501 excessit.

1044 2550 1448 2649 Postquam
1507 2548 1824 2627 Carolus
1864 2552 1956 2627 V.
1995 2559 2302 2629 mortem
2333 2551 2534 2644 obiit,
2574 2549 3080 2628 Ferdinandus

829 2682 1315 2773 inauguratus
1336 2687 1470 2770 est,
1493 2688 1566 2754 et
1601 2680 2242 2777 splendidissimas
2283 2703 2372 2754 ac
2408 2678 3081 2779 sumptuosissimas

832 2800 1221 2896 Augustae
1314 2805 1711 2901 exsequias
1769 2803 2039 2882 Carolo
2079 2807 2168 2881 V.
2211 2814 2286 2881 et
2323 2806 2608 2880 Mariae
2644 2805 2952 2900 reginae
2988 2803 3076 2876 si·

830 2927 976 3006 mul
998 2929 1338 3005 exsolvit.
1363 2929 1777 3005 Funebrem
1799 2933 2203 3007 orationem
2235 2932 2661 3007 Modrucius
2684 2927 3076 3005 cardinalis

831 3052 1270 3131 tridentinus
1292 3077 1425 3149 pro
1448 3054 1749 3147 CarolO,
1770 3081 1908 3156 pro
1927 3059 2173 3133 Maria
2196 3055 2576 3152 Georgius
2612 3056 3074 3132 Drascoviei-

833 3203 921 3255 us
979 3180 1370 3279 episcopus
1430 3181 2231 3278 quinqueecelesiensis
2315 3183 2675 3258 recitavit.
2714 3181 2862 3257 Per
2897 3181 3079 3256 idem

832 3314 1121 3406 tempus
1144 3305 1566 3407 Stephanus
1581 3308 1825 3405 Dobo‚
1849 3309 2065 3406 quiin
2090 3306 2191 3406 Uj
2201 3314 2333 3383 var
2353 3334 2502 3385 una
2525 3333 2686 3384 cum
2722 3331 2950 3384 uxore
2971 3330 3080 3381 as-

835 3436 1295 3527 servabatur,
1319 3433 1824 3532 captivitatem
1847 3432 2168 3509 elabitur
2190 3459 2206 3530 3
2230 3434 2503 3532 quippe
2526 3435 2769 3508 omnia
2788 3442 3076 3509 secreta

839 3563 1034 3637 arcis
1091 3572 1327 3652 norat,
1369 3571 1443 3635 et
1499 3569 1717 3636 nocte
1753 3561 2053 3637 funibus
2109 3563 2204 3636 ab
2263 3585 2466 3637 muro
2527 3561 2899 3660 delapsus,
2955 3583 3079 3656 per

837 3712 1069 3786 equos
1110 3689 1205 3764 ad
1244 3695 1685 3764 conventam
1741 3687 1930 3761 diem
1969 3687 2372 3784 dispositos
2411 3686 2692 3781 evasit;
2751 3688 2946 3784 quod
2981 3695 3077 3761 ta·

833 3837 998 3888 men
1036 3815 1197 3890 fieri
1235 3838 1381 3889 non
1422 3812 1802 3910 potuisset,
1841 3812 1985 3886 nisi
2058 3812 2375 3911 polonus
2412 3813 2835 3911 praefectus
2874 3812 3076 3889 uxori

835 3938 910 4013 id
999 3940 1432 4016 beneficium
1507 3938 2044 4030 concessisset,
2140 3963 2328 4036 quae
2437 3939 2659 4014 etiam
2730 3947 2907 4035 post
2977 3939 3070 4013 di-

828 4068 1114 4164 lapsum
1172 4067 1510 4141 maritum
1531 4065 1653 4141 diu
1691 4073 2083 4140 asservata
2141 4073 2276 4156 est,
2301 4072 2374 4138 et
2393 4064 2687 4140 tandem
2728 4063 3064 4139 dimissa:

828 4214 1081 4268 verum
1107 4193 1591 4289 jurejurando
1612 4190 2081 4291 promittente
2138 4191 2422 4280 marito,
2454 4192 2580 4286 uti,
2619 4191 3075 4290 quandocun-

829 4340 972 4415 que
990 4340 1170 4394 usus
1191 4320 1620 4417 requireret,
1643 4342 1811 4394 sese
1833 4318 2103 4395 milites
2126 4330 2251 4396 aut
2288 4320 2687 4396 exercitum
2708 4319 2760 4395 J
2765 4316 3069 4395 ohannis

829 4445 906 4519 in
963 4467 1172 4520 suam
1209 4469 1449 4521 arcem
1511 4444 1848 4521 Zeredne
1887 4447 1983 4522 ad
2041 4445 2522 4521 Marmaciam
2577 4452 3071 4543 recepturum:

838 4571 1032 4668 quod
1070 4595 1226 4648 cum
1268 4574 1364 4646 ab
1405 4572 1876 4648 Ferdinando
1917 4572 2362 4648 intellectum
2410 4581 2544 4663 est,
2589 4570 2924 4668 graviter
2960 4595 3066 4647 ex·
