3293 5219
786 248 895 327 40

789 467 973 547 visis
1011 468 1544 552 deficientibus,
1566 478 1867 570 praeter
1887 470 2194 560 animos,
2236 477 2312 543 et
2334 491 2649 568 corpora
2684 491 2828 543 non
2876 490 3051 567 pro-

783 594 1034 671 futura
1053 596 1415 672 adversus
1453 604 1732 673 tantam
1754 597 2018 671 molem
2057 596 2238 671 nihil
2262 593 2645 694 supersit?
2686 595 3054 693 adjiciunt

786 722 1133 820 precibus
1153 724 1492 819 gemitus,
1514 731 1589 800 et
1627 723 1998 813 lacrimas,
2022 744 2476 821 uxorumque
2515 745 2604 797 ac
2640 722 3053 797 liberorum

785 849 1353 927 miserationem.
1395 849 1678 925 Milites
1717 850 2053 947 primum,
2093 850 2189 924 ad
2227 871 2416 945 quos
2453 849 2755 924 easdem
2776 872 3052 948 preces

788 975 1226 1070 adtulerunt,
1248 977 1579 1053 inclinati
1600 977 2005 1052 cernebant
2029 1000 2209 1052 vera
2239 998 2430 1069 esse,
2472 1000 2663 1074 quae
2703 976 3054 1051 diceban-

784 1111 923 1195 tur,
945 1126 1106 1181 cum
1127 1103 1309 1180 solis
1328 1104 1735 1180 fornicibus
1755 1110 2019 1203 portae
2057 1103 2525 1180 exstantibus
2563 1111 2816 1180 cetera
2846 1103 3055 1180 arcis

789 1238 1051 1330 aperta
1080 1240 1353 1325 essent,
1375 1239 1451 1307 et
1484 1232 1747 1309 funera
1785 1253 1923 1307 sua
1963 1232 2230 1307 saltem
2266 1253 2686 1328 supremum
2725 1230 3053 1306 omnium

794 1358 1149 1436 malorum
1169 1364 1709 1455 exspectarent.
1751 1358 1967 1436 Unde
2005 1358 2114 1433 illi
2144 1361 2300 1455 jam
2340 1359 2703 1456 primores
2737 1358 3054 1448 hortari,

796 1491 1019 1582 atque
1058 1484 1441 1560 obtestari.
1501 1483 1840 1559 Tandem
1861 1484 2302 1561 Losoncium
2343 1485 2439 1561 ad
2457 1507 2807 1584 suprema
2827 1486 3054 1561 dura-

784 1618 936 1687 tum
955 1635 1092 1711 pro
1111 1613 1460 1688 concione
1483 1610 1970 1711 alloquuntur:
1981 1613 2430 1688 fortissimos
2450 1614 2671 1689 etiam
2692 1613 2767 1688 in
2786 1636 3067 1688 neces·

793 1736 1016 1813 sitate
1037 1736 1260 1817 saluti
1282 1739 1698 1833 consulere;
1720 1762 1890 1816 nam
1913 1739 2088 1838 quid
2107 1737 2308 1814 aliud
2329 1746 2638 1832 restare,
2654 1763 2870 1837 quam
2895 1764 3053 1816 mo-

786 1864 851 1938 ri
871 1859 910 1935 ?
964 1863 1275 1941 honeste
1314 1865 1627 1964 quidem,
1669 1866 1803 1943 sed
1837 1866 2375 1966 imprudenter3
2415 1867 3051 1966 praestantissimi

791 1989 984 2066 enim
1003 1997 1114 2066 tot
1136 1988 1408 2067 milites
1438 2016 1527 2070 ac
1545 1992 1771 2068 duces
1792 2001 2026 2069 morte
2045 2015 2204 2087 sua,
2220 2015 2409 2090 quae
2429 2013 2793 2091 praesens
2811 2004 3052 2085 esset,

787 2112 1080 2213 patriae
1107 2112 1294 2191 nihil
1332 2116 1780 2193 inservirent
1802 2143 1820 2205 ς
1843 2126 1920 2194 at
1939 2119 2090 2192 vivi
2111 2119 2480 2194 laboranti
2513 2126 2738 2216 atque
2758 2144 3052 2217 egenae

787 2261 1089 2340 operam
1108 2267 1389 2321 navare
1407 2254 1734 2343 possent.
1776 2244 2138 2322 Omnibus
2167 2245 2359 2322 idem
2380 2245 2889 2339 sentientibus,
2931 2249 3050 2322 di-

789 2370 1294 2469 centibusque,
1314 2378 1390 2447 et
1407 2379 1780 2468 postremo
1801 2372 2640 2468 rogantibus‚refragari
2662 2374 3047 2470 nequibat.

793 2494 942 2569 Ubi
952 2496 1120 2572 dedi
1140 2496 1509 2597 placitum,
1526 2498 2006 2576 civitatenses
2026 2507 2304 2599 petere,
2317 2508 2397 2577 ut
2414 2509 2713 2598 postero
2735 2511 3044 2590 exeant3

790 2653 872 2703 se
914 2626 1104 2700 enim
1145 2632 1220 2700 et
1256 2625 1546 2723 plebem
1588 2649 1748 2702 cum
1785 2634 1896 2703 tot
1943 2628 2378 2720 sauciorum,
2419 2638 3044 2727 aegrotorumque

792 2763 865 2829 et
940 2752 1489 2828 carissimorum
1562 2750 1950 2853 pignorum
2007 2755 2567 2856 impedimentis,
2607 2756 2701 2831 ad
2777 2778 3044 2856 repen·

790 2881 1017 2958 tinum
1056 2884 1131 2954 et
1166 2878 1640 2978 improvisum
1716 2881 1860 2956 iter
1933 2905 2395 2980 nequaquam
2434 2884 2814 2980 sufficere3
2852 2884 3043 2959 mili-

800 3015 916 3081 tes
956 3013 1233 3096 contra‚
1290 3029 1383 3081 ne
1422 3006 1518 3082 ab
1558 3029 1645 3081 eo
1705 3006 1822 3084 die
1861 3005 2258 3098 differrent,
2334 3033 2503 3083 nam
2541 3032 2821 3085 moram
2862 3033 3040 3086 esse

793 3133 887 3208 ad
947 3132 1280 3208 fraudem
1361 3141 1436 3207 et
1489 3133 1877 3210 saevitiam
1934 3136 2286 3210 turcicam
2340 3136 2816 3212 exitiabilem.
2896 3137 3042 3211 Lo·

799 3260 1096 3334 soncius
1152 3283 1244 3334 ne
1301 3259 1640 3337 desertor
1679 3262 2073 3354 videretur,
2149 3271 2548 3362 propterea
2583 3263 2778 3360 quod
2819 3263 3042 3338 simul

795 3405 885 3460 se·
918 3385 1277 3462 victurum
1336 3393 1463 3460 aut
1535 3387 1963 3463 moriturum
2003 3388 2338 3464 omnibus
2378 3398 2613 3485 aeque
2677 3391 3036 3485 jurasset,

793 3512 888 3586 ad
926 3513 1335 3612 proximam
1377 3512 1565 3590 diem
1602 3514 1747 3589 iter
1785 3514 2033 3592 edixit.
2055 3515 2257 3591 Luce
2277 3522 2464 3608 orta,
2504 3516 2883 3592 tricesima
2920 3539 3038 3591 se-

791 3635 1059 3716 cunda*
1085 3637 1203 3714 die
1278 3662 1496 3737 quam
1564 3640 1982 3738 oppugnari
2041 3648 2304 3739 coepta
2361 3648 2513 3731 est,
2579 3664 2671 3715 ex
2728 3665 2902 3717 arce
2957 3642 3038 3718 in

791 3762 1162 3841 civitatem
1198 3765 1365 3865 ipse
1421 3788 1583 3840 cum
1638 3764 2015 3853 militibus,
2054 3765 2292 3862 signis
2329 3766 2742 3865 explicatis,
2780 3768 3039 3844 armis-

792 3913 932 3988 que
986 3889 1222 3968 induti
1276 3913 1567 3967 venere.
1661 3890 1717 3969 J
1718 3916 1838 3966 am
1895 3890 2264 3969 exercitus
2335 3891 2628 3969 hostilis
2703 3901 3036 3992 paratus,

788 4018 1339 4116 instructusque
1395 4018 1490 4093 ad
1547 4026 1806 4118 portas
1857 4018 2407 4118 opperiebatur,
2482 4027 2559 4094 et
2611 4023 3035 4117 egressuris

789 4149 1180 4239 angustum
1256 4142 1575 4244 spatium
1629 4143 2055 4242 reliquerat.
2129 4142 2362 4218 Primi
2437 4144 2735 4221 exivere
2795 4155 3030 4246 porta,

792 4291 985 4368 quae
1024 4268 1293 4346 Praico
1330 4278 1659 4364 vocatur,
1682 4272 1901 4370 plebs
1939 4272 2249 4363 urbana,
2292 4270 2459 4347 dein
2496 4295 2780 4366 currus,
2818 4273 2926 4350 ita
2957 4283 3039 4351 ut

793 4418 1012 4472 unum
1085 4397 1282 4473 latus
1355 4406 1699 4496 tegerent
1768 4400 2228 4498 plebejorum
2252 4456 2269 4490 ‚
2373 4421 2543 4474 mox
2619 4401 3034 4478 Losoncius

787 4543 951 4604 cum
990 4522 1361 4623 equitibus
1417 4532 1494 4611 et
1561 4525 1939 4625 peditibus
1975 4532 2291 4621 secutus,
2366 4550 2580 4625 quem
2629 4528 3026 4628 Beglerbe-
