3293 5219
2317 280 2473 356 229

208 496 520 592 primum
595 495 660 569 is
729 491 1183 569 Sacmarium
1242 495 1562 592 appulit,
1624 495 1806 569 nihil
1864 504 2334 594 exspecta118‚
2377 498 2471 572 ab

208 629 602 719 quaestore
660 628 1047 715 argentum
1107 644 1199 694 ex
1258 620 1529 718 oppido
1587 621 1683 696 ad
1742 645 1823 695 se
1883 622 2199 713 deferri,
2259 623 2465 697 illum

210 768 384 821 vero
446 770 487 820 e
544 744 863 840 vestigio
938 745 1298 820 excedere
1344 746 1577 841 jubet.
1655 746 1843 822 Tum
1901 770 2024 821 res
2081 747 2467 823 intellecta

210 880 338 947 est.
381 871 791 968 Tantisper
829 871 1018 944 enim
1096 870 1699 946 dissimulandum
1757 880 1989 961 ratuS,
2050 896 2193 969 quo
2233 874 2475 971 copio-

207 998 475 1073 siorem
515 998 852 1072 omnibus
910 996 1234 1072 numeris
1274 998 1718 1095 proditionis
1778 999 2091 1075 fructum
2155 1000 2472 1074 cumula-

202 1134 331 1199 ret.
402 1123 850 1220 Solymanus
890 1132 1136 1199 autem
1176 1147 1309 1221 per
1350 1125 1739 1200 chausium
1777 1125 2106 1219 Pragam
2164 1125 2466 1201 missum

207 1260 277 1327 et
348 1252 621 1326 litteris
677 1276 811 1349 per
867 1273 1030 1327 eum
1107 1250 1303 1326 datis
1365 1252 1911 1349 expostulavit:
1972 1251 2248 1327 bellum
2325 1253 2470 1326 sibi

201 1377 488 1452 illatum
528 1376 601 1449 in
661 1376 1060 1469 Moldavia,
1103 1385 1176 1451 et
1226 1400 1403 1453 suae
1470 1378 1767 1452 ditionis
1807 1378 2200 1475 vajvodam
2239 1379 2466 1453 armis

205 1504 439 1601 ipsius
518 1503 903 1601 expulsum
949 1476 1013 1597 ς’
1060 1504 1362 1601 insuper
1458 1503 1844 1580 Nicolaum
1945 1505 2295 1578 Batorem
2387 1513 2463 1580 et

207 1629 687 1705 Melchiorem
761 1630 1156 1706 Balassam
1237 1656 1397 1706 cum
1453 1656 1728 1727 magna
1784 1639 1994 1730 parte
2038 1630 2465 1730 provinciae

201 1757 825 1832 transsilvanicae
867 1757 1281 1856 proditione
1323 1758 1543 1849 facta,
1606 1759 1702 1832 ab
1744 1760 1792 1835 ,J
1803 1759 2089 1833 ohanne
2150 1758 2465 1832 foederi-

206 1884 340 1959 bus
401 1884 686 1958 incluso
745 1884 1174 1959 descivisse.
1234 1885 1352 1958 Ad
1409 1885 1900 1961 moldavicum
1938 1883 2316 1978 negotium
2354 1907 2466 1958 re-

201 2008 642 2109 spondetur,
698 2008 931 2086 invito
990 2032 1070 2084 se
1111 2011 1544 2107 despotam,
1592 2009 1956 2084 hominem
2001 2032 2311 2105 egenum
2355 2010 2460 2083 fe-

202 2135 416 2229 cissc3
458 2141 531 2209 et
568 2134 645 2208 id
673 2134 816 2209 sibi
855 2158 1083 2231 aegre
1122 2159 1312 2210 esee.
1364 2133 1713 2210 Ceterum
1754 2134 2276 2233 praedatorias
2316 2156 2469 2209 ma·

202 2286 336 2338 nus
372 2286 470 2338 ne
509 2262 584 2336 in
621 2262 787 2360 ipsa
826 2263 1230 2361 byzantina
1269 2264 1560 2361 quidem
1603 2264 1877 2340 ditione
1921 2264 2167 2338 caveri
2208 2285 2456 2361 posse.

207 2390 324 2464 Ad
363 2390 676 2464 alterum
714 2397 957 2465 autem
1015 2372 1491 2489 responsum,
1573 2415 1716 2466 non
1765 2391 1984 2483 bello,
2028 2391 2163 2466 sed
2203 2390 2461 2464 eodem

204 2497 418 2592 modo
498 2514 842 2613 injuriam
902 2517 1045 2591 sibi
1119 2518 1415 2607 factam,
1496 2527 1568 2593 et
1624 2518 1927 2592 foedere
2007 2516 2462 2591 induciarum

206 2643 504 2732 violato,
545 2643 800 2718 eodem
856 2645 1071 2721 modo
1114 2646 1464 2721 amissam
1541 2647 1796 2740 fuisse,
1858 2644 2463 2743 quemadmodum

204 2776 272 2843 et
326 2776 844 2866 recuperatam
903 2796 1072 2848 esse
1132 2774 1526 2858 ditionem;
1585 2774 1862 2849 bellum
1904 2796 2081 2848 vero
2139 2797 2276 2847 nec
2315 2769 2459 2845 sibi

202 2918 336 2969 nec
381 2895 712 2970 Johanni
750 2898 1056 2972 illatum.
1150 2901 1236 2974 In
1293 2898 1485 2973 hanc
1544 2899 1981 2974 sententiam
2054 2906 2127 2972 et
2200 2895 2464 2972 nuncio

205 3021 569 3098 Johannis
607 3024 1113 3123 respondetur.
1172 3025 1314 3100 His
1374 3025 1658 3122 coeptis
1729 3023 1991 3099 iterum
2034 3021 2310 3098 bellum
2354 3045 2464 3097 or-

205 3157 351 3224 tum
392 3155 530 3223 est.
