3293 5219
2293 285 2445 349 LIX

223 495 347 545 non
384 493 572 566 csse,
614 470 907 570 experti
965 478 1245 561 essent,
1281 492 1517 566 neque
1577 471 1700 545 vel
1739 468 2262 567 tempestuosis
2301 491 2447 542 ma-

219 597 422 687 ribus,
460 597 582 672 vel
624 596 947 696 Alpibus
985 619 1175 694 pene
1234 596 1883 695 insuperabilibus,
1923 594 2045 669 vel
2083 595 2446 670 incitatis-

218 722 403 796 simis
438 722 806 815 amnibus,
847 729 974 796 aut
1011 721 1322 796 armatis
1361 719 1685 797 hostium
1725 720 1962 818 copiis
1993 744 2088 795 ex
2125 722 2444 797 adverso

217 848 572 922 instructis
633 847 1042 923 absterreri
1098 847 1451 945 potuisse,
1504 847 1886 943 quominus
1942 847 2282 944 perpetui
2320 869 2445 920 no-

215 973 410 1047 minis
466 972 738 1047 ardore
794 971 1249 1063 inflammati,
1290 972 1382 1047 de
1439 970 1911 1070 Principibus
1963 971 2166 1064 viris,
2206 971 2446 1068 deque

215 1097 607 1196 Republica
645 1099 835 1173 bene
892 1097 1157 1172 mereri
1209 1097 1508 1173 assidue
1565 1097 1965 1174 studerent.
2024 1098 2445 1191 Enimvero,

218 1248 355 1300 cum
391 1223 729 1302 mortalis
770 1224 958 1299 haec
999 1222 1157 1298 vita
1196 1224 1477 1299 caduca
1511 1247 1648 1322 per
1686 1230 1884 1298 sect
1918 1221 2313 1297 imbecillis
2352 1245 2444 1297 ac

216 1352 505 1448 fragilis,
547 1351 616 1425 si
651 1350 879 1425 nullis
934 1349 1255 1426 fortibus
1294 1372 1384 1425 ac
1420 1349 1639 1425 laude
1699 1349 1946 1445 dignis
1996 1346 2218 1423 factis
2256 1348 2445 1422 cele-

217 1477 443 1552 bretur
482 1477 1040 1572 decoreturque,
1082 1500 1129 1550 a
1166 1477 1544 1551 brutorum
1604 1474 2080 1550 animantium
2122 1474 2279 1549 vita
2308 1498 2443 1572 pa-

217 1626 351 1678 rum
386 1603 719 1695 differat3
763 1600 1104 1678 omnibus
1145 1603 1268 1699 qui
1304 1608 1699 1700 praestare
1749 1601 2018 1676 ceteris
2060 1599 2445 1675 animanti-

218 1729 334 1804 bus
391 1732 666 1819 volunt,
708 1752 994 1804 summa
1055 1736 1172 1804 est
1227 1750 1368 1827 ope
1427 1728 1866 1817 enitendum,
1906 1736 1987 1802 ut
2022 1750 2172 1804 non
2210 1727 2446 1802 solum

220 1853 482 1932 silentio
544 1855 771 1930 vitam
829 1852 1245 1943 transiisse,
1285 1876 1540 1928 verum
1579 1852 1800 1927 etiam
1843 1852 2141 1951 optimis
2181 1860 2257 1927 et
2293 1852 2443 1926 exi-

220 1980 362 2057 miis
392 1982 640 2074 factis,
678 1982 941 2079 procul
978 1982 1074 2056 ab
1113 1980 1312 2055 omni
1350 1980 1524 2071 otio,
1568 1980 1908 2056 omnibus
1937 1978 2249 2054 inertiae
2285 1975 2444 2053 ille-

221 2107 458 2201 cebris,
498 2106 819 2182 caeteris
859 2129 1148 2203 quoque
1205 2106 1620 2183 hominibus
1679 2105 2206 2181 antecelluisse
2244 2102 2444 2177 vide·

224 2240 427 2308 antur.
491 2214 689 2308 Hinc
743 2256 885 2309 nos
936 2233 1265 2329 Majores
1323 2241 1621 2309 nostros
1680 2232 1982 2307 assidue
2039 2230 2438 2321 imitantes,

221 2358 414 2434 nullis
467 2382 619 2435 non
673 2359 1033 2460 proemiis
1089 2359 1435 2434 virtutem
1494 2379 1785 2451 ornare,
1824 2380 1915 2431 ac
1938 2413 1954 2429 .
1983 2412 1998 2429 .
2023 2412 2039 2428 .
2084 2353 2442 2451 quosdam

222 2485 420 2560 veluti
472 2483 811 2561 stimulos
866 2484 964 2560 ad
1001 2486 1285 2582 majora
1320 2484 1397 2558 in
1437 2483 1595 2559 dies
1630 2504 1767 2582 pro
1805 2480 2048 2557 Nobis
2088 2488 2163 2555 et
2198 2474 2443 2577 Repu-

222 2609 395 2687 blica
428 2609 868 2689 Christiana
922 2612 1286 2709 augenda,
1345 2613 1537 2687 bene
1594 2609 1879 2685 meritis
1933 2606 2120 2683 viris
2169 2605 2444 2683 addere

225 2739 538 2817 solemus.
582 2781 689 2793 —
729 2739 982 2832 Quare
1039 2762 1197 2816 cum
1236 2760 1394 2832 vos,
1435 2735 1719 2812 Sacrae
1758 2733 2102 2813 Coronae
2138 2742 2442 2811 nostrae

225 2888 300 2940 ac
328 2868 531 2944 nobis
571 2889 865 2965 quoque
918 2888 1055 2966 pro
1111 2865 1442 2942 locorum
1478 2872 1555 2940 et
1588 2871 1999 2962 temporum
2048 2861 2441 2942 varietate.

224 2998 355 3067 tam
405 3000 662 3069 contra
698 2992 1013 3085 Turcas‚
1076 2992 1317 3067 crucis
1359 2987 1644 3065 Christi
1700 2989 1958 3065 hostes
1996 2984 2442 3062 immanissi-

228 3141 385 3212 mos,
421 3144 637 3218 quam
677 3118 999 3195 rebelles
1056 3125 1375 3208 nostros,
1432 3116 1831 3191 factionem
1888 3113 2277 3211 quamdam
2313 3113 2365 3189 J
2371 3133 2444 3185 o-

229 3245 415 3320 annis
449 3246 688 3344 Regis
751 3253 825 3319 et
863 3243 998 3318 filii
1037 3244 1198 3339 ejus
1236 3247 1658 3338 sequentes,
1700 3263 1860 3315 cum
1899 3242 2260 3316 bonorum
2296 3238 2444 3314 for-

227 3376 675 3468 tunarumque
734 3379 1150 3445 vestrarum
1206 3367 1627 3459 amissione,
1670 3374 1820 3441 tum
1876 3388 2056 3441 vero
2113 3364 2444 3463 periculo

230 3496 402 3573 vitae
437 3506 507 3572 et
544 3497 837 3596 capitis,
878 3494 1410 3591 sanguinisque
1452 3492 1830 3585 effusione,
1870 3513 2152 3566 summa
2186 3489 2335 3564 fide
2372 3496 2448 3564 et

226 3620 623 3719 integritate
680 3623 1102 3699 nullatenus
1177 3619 1615 3695 declinando
1692 3618 2138 3700 servivisse,
2195 3614 2445 3691 multis

229 3749 630 3846 magnisque
668 3748 1109 3824 testimoniis
1149 3755 1600 3846 compertum
1639 3745 2084 3837 habeamus3
2144 3766 2304 3818 cum
2345 3742 2440 3816 ob

229 3870 364 3964 hoc,
398 3884 540 3950 tum
577 3898 757 3951 vero
797 3877 891 3951 ob
931 3883 1156 3972 grata
1192 3883 1267 3950 et
1302 3874 1553 3948 fidelia
1608 3873 1939 3962 servitia,
1982 3868 2440 3966 singularem

230 3999 695 4097 eruditionem,
736 4001 1152 4078 liberalium
1191 4001 1666 4077 scientiarum
1697 3998 2062 4099 peritiam,
2101 3995 2440 4090 aliasque

232 4128 630 4222 praeclaras
669 4129 894 4204 animi
934 4129 1246 4206 virtutes
1286 4136 1360 4204 et
1397 4127 1610 4203 dotes
1650 4125 1894 4200 fidelis
1932 4122 2150 4198 nobis
2191 4119 2441 4195 dilecti

228 4247 615 4331 Revereudi
670 4255 1061 4332 Francisci
1114 4254 1465 4351 Forgach
1525 4254 1618 4329 de
1676 4251 2039 4351 Ghymes,
2086 4246 2444 4346 Episcopi

230 4375 689 4457 Varadiensis
726 4406 816 4457 ac
846 4379 1278 4457 Consiliarii
1318 4388 1393 4455 et
1429 4377 1830 4455 Secretarii
1868 4375 2126 4468 nostri,
2163 4373 2300 4447 filii
2337 4371 2442 4446 tui

233 4495 685 4599 Sigismunde‚
745 4531 836 4582 ac
891 4507 1150 4585 fratris
1207 4506 1463 4598 vestri,
1520 4503 1795 4600 Simon,
1842 4504 2078 4580 Paule
2116 4507 2191 4576 et
2228 4500 2439 4574 Eme·
