3293 5219
777 296 929 372 190

775 515 1101 588 africano
1163 511 1456 587 Italiam
1513 533 1800 602 versus,
1892 518 1967 584 et
2035 511 2210 585 inde
2265 512 2338 585 in
2394 512 2844 611 tyrrhenum,
2894 516 3000 610 jo-

776 639 972 713 nium
1013 647 1234 735 atque
1272 635 1706 711 adriaticum
1762 637 2313 733 protenduntur.
2389 635 2660 713 Cetera
2695 643 3005 735 namque

771 772 983 840 erant
1020 763 1566 839 Turcarum'ad
1604 763 1957 837 orientem
1997 763 2262 854 omnia,
2284 771 2364 839 ut
2383 763 2656 839 nullum
2697 786 3009 861 usquam

783 900 1014 968 tutum
1051 913 1283 965 naves
1323 898 1397 965 et
1434 888 1720 964 classes
1760 891 2084 965 turcicae
2099 890 2369 987 partim
2411 891 2809 983 africanae,
2853 914 3015 986 par-

768 1019 905 1094 tim
975 1040 1410 1114 europaeae,
1480 1017 1750 1115 partim
1808 1017 2029 1092 etiam
2086 1017 2444 1093 asiaticae
2484 1018 3013 1115 relinquerent.

780 1148 973 1223 Nam
1034 1144 1594 1219 christianorum
1635 1166 1866 1217 naves
1910 1144 2402 1242 excipiebant,
2448 1151 2708 1242 portus
2746 1144 3017 1220 Italiae

773 1271 1364 1375 praedabantur,
1466 1269 1989 1344 descensiones
2084 1270 2301 1343 etiam
2398 1270 2798 1367 aliquando
2895 1291 3020 1368 po-

766 1398 1065 1499 pulandi
1140 1417 1365 1471 causa
1421 1395 1815 1469 faciebant.
1896 1394 2105 1486 Quae
2145 1420 2269 1471 res
2288 1395 2709 1493 Philippum
2747 1394 3020 1470 excita-

763 1534 953 1616 runt,
990 1530 1068 1597 ut
1161 1521 1698 1620 expeditionem
1754 1521 1830 1595 in
1887 1520 2219 1597 Africam
2276 1523 2637 1597 adversus
2711 1522 3013 1616 Dragu-

766 1662 913 1728 tum
956 1649 1483 1739 Teuthraniae,
1539 1671 1730 1722 nunc
1768 1647 2100 1747 Tripolis
2139 1650 2379 1725 dictae
2433 1672 2828 1748 proregem
2869 1672 3017 1724 mo-

771 1779 1051 1854 liretur.
1091 1777 1308 1851 Anno
1349 1784 1589 1850 autem
1631 1776 1995 1873 superiori
2037 1784 2368 1874 coeptum
2412 1784 2528 1850 est
2558 1800 2830 1871 magno
2872 1782 3018 1850 stu-

766 1904 886 1979 dio
907 1904 1052 2000 agi,
1072 1910 1147 1977 et
1162 1902 1416 1999 parari
1434 1901 1697 1993 omnia,
1719 1924 1905 1998 quae
1931 1902 2027 1976 ad
2047 1900 2585 1999 expeditionem
2606 1922 3010 1976 accommo-

770 2033 944 2106 data
997 2029 1459 2104 viderentur:
1518 2029 1782 2127 quibus
1839 2028 1915 2101 in
1969 2030 2192 2103 rebus
2251 2035 2651 2120 aestatem,
2731 2034 3013 2103 autum-

769 2182 958 2249 num,
1015 2165 1090 2232 et
1141 2157 1446 2230 brumae
1501 2163 1791 2253 tempus
1867 2163 2366 2247 extraxerunt,
2447 2180 2536 2231 ac
2579 2180 2747 2231 mox
2803 2138 3014 2230 initio

770 2284 939 2359 anni
995 2283 1310 2360 nondum
1385 2290 1502 2358 sat
1577 2290 1754 2380 apto
1834 2291 2168 2381 tempore
2224 2282 2626 2378 navigandi
2684 2282 3017 2357 Melitam

771 2411 1162 2486 difficulter
1198 2409 1638 2484 conveniunt
1676 2433 1768 2484 ex
1807 2407 2083 2502 Sicilia,
2124 2409 2465 2507 Neapoli,
2505 2417 2580 2483 et
2632 2407 2804 2482 aliis
2862 2408 3017 2483 oris

770 2538 1090 2615 italicis:
1168 2561 1473 2638 quarum
1532 2536 1844 2613 omnium
1922 2558 2204 2612 summa
2259 2558 2495 2611 naves
2572 2543 2891 2633 quatuor
2946 2542 3020 2608 et

773 2665 1303 2764 quinquaginta
1428 2672 1835 2756 rostratae,
1947 2663 2333 2740 onerariae
2446 2661 3014 2755 duodetriginta,

772 2795 1130 2891 galeones
1169 2791 1569 2883 duodecim,
1607 2791 1927 2867 minores
1983 2798 2140 2866 tres
2180 2799 2256 2866 et
2289 2789 2556 2886 viginti
2595 2795 2845 2882 erant,
2886 2788 3015 2862 mi-

770 2921 981 2995 litum
1052 2941 1229 2993 vero
1283 2917 1462 3005 itali,
1519 2916 1836 3015 hispani,
1893 2916 2264 3014 germani,
2322 2925 2395 2991 et
2454 2913 2643 3011 galli
2679 2916 3016 2990 volunta·

771 3032 953 3122 riam
1010 3041 1341 3117 militiam
1401 3050 1837 3141 sequentes,
1895 3066 2195 3118 numero
2253 3047 2571 3138 quatuor
2631 3048 2706 3116 et
2761 3041 3014 3116 decem

781 3172 1033 3246 millia.
1100 3168 1400 3246 Siciliae
1437 3195 1835 3270 protegem
1874 3173 1925 3248 J
1933 3171 2260 3247 ohannes
2285 3171 2375 3245 de
2400 3168 2645 3245 Cerda
2684 3170 2829 3245 dux
2868 3170 3021 3245 Me-

783 3298 998 3373 dinae
1037 3295 1272 3390 Coeli,
1313 3305 1389 3372 et
1425 3306 1836 3373 curatorem
1876 3319 2117 3374 rerum
2173 3295 2599 3371 bellicarum
2661 3318 3015 3370 summum

776 3423 1074 3521 agebat.
1152 3424 1369 3499 Hunc
1422 3447 1641 3500 unum
1698 3424 2090 3523 Philippus
2148 3423 2349 3499 bello
2406 3431 2627 3520 atque
2683 3445 3011 3498 summae

775 3551 887 3627 rei
923 3551 1371 3652 praeposuit.
1411 3551 1721 3628 Melitae
1763 3575 1945 3648 ergo
1987 3573 2148 3625 cum
2185 3550 2238 3626 J
2242 3550 2530 3625 ohanne
2575 3549 2665 3623 de
2705 3549 3015 3625 Valetta

776 3679 1098 3776 equitnm
1153 3679 1641 3754 melitensium
1694 3680 2052 3776 magistro
2111 3678 2611 3769 consultando,
2651 3699 2742 3752 ac
2778 3677 3015 3751 milite

770 3803 1164 3880 reficiendo
1238 3805 1706 3900 curandoque
1800 3812 1874 3878 et
1949 3805 2535 3903 supplementum
2620 3804 2695 3876 in
2766 3803 3008 3878 locum

775 3938 1244 4027 aegrotorum
1280 3931 1612 4005 Messina
1648 3929 2098 4024 adducendo,
2176 3930 2333 4005 dies
2392 3929 2676 4027 aliquot
2727 3937 3017 4005 transe-

775 4060 923 4154 git3
979 4059 1084 4133 ita
1137 4057 1383 4133 classe
1436 4057 1815 4148 instructa,
1869 4063 1943 4130 et
1998 4056 2217 4131 editis
2275 4055 2466 4131 domi
2528 4077 2817 4152 quoque
2872 4080 3012 4154 pro

771 4185 1151 4285 praesenti
1224 4192 1554 4282 tempore
1626 4183 1993 4258 mandatis
2066 4183 2312 4276 solvit,
2391 4205 2481 4257 ac
2553 4182 2752 4257 circa
2828 4183 3010 4257 Idus

772 4311 1131 4388 Februar.
1151 4312 1247 4388 ad
1264 4311 1582 4387 insulam
1599 4311 1938 4397 Zerbum,
1976 4334 2193 4409 quam
2226 4317 2495 4386 vocant
2513 4307 3011 4406 Aegimum*),

774 4457 896 4464 -.-—-

952 4489 1011 4558 ⁸’‘')
1041 4487 1278 4545 Isthnfi
1301 4491 1610 4561 jegyzete:
1640 4488 1809 4543 Gerbi
1835 4487 2041 4556 insula,
2068 4505 2187 4543 nna
2212 4503 2279 4542 ex
2307 4484 2727 4556 Lotophagitis,
2755 4484 3012 4540 Maeniu-

775 4581 865 4649 gie
893 4581 1123 4636 nomine
1147 4590 1370 4637 vocata.
1409 4581 1630 4635 Joviua.
