3293 5219
735 344 890 420 516

724 569 859 636 est.
935 560 1083 637 Per
1121 562 1312 638 idem
1370 563 1560 637 onim
1620 572 1906 662 tempus
1983 565 2289 639 Tartari
2368 587 2655 662 quoque
2717 566 2795 639 111
2857 591 2973 641 ca-

720 688 897 762 stris
955 696 1186 781 erant,
1244 696 1320 763 et
1371 689 1830 786 propinquos
1885 714 2128 788 pagos
2183 691 2757 788 populabantur.
2824 693 2976 766 Tot

723 816 912 891 enim
951 814 1320 892 exercitus
1360 815 1667 891 Polonis
1707 826 2180 915 opposuerat,
2241 841 2402 893 cum
2440 818 2817 894 dubitaret
2857 842 2974 893 oc-

722 943 1021 1018 casione
1079 964 1318 1016 novae
1356 941 1612 1037 cladis,
1674 950 1749 1017 et
1806 943 2489 1020 confoederatorum
2560 943 2976 1043 principum

719 1067 1217 1167 legationibus
1293 1090 1423 1143 eos
1499 1067 1965 1156 sollicitatos,
2023 1071 2477 1146 Moldaviam
2550 1070 2976 1154 invasuros3

722 1196 1159 1292 praesertim
1221 1197 1416 1294 quod
1471 1220 1762 1296 semper
1817 1198 2016 1272 illius
2071 1198 2500 1296 provinciae
2573 1199 2977 1296 potiundae

726 1322 1184 1422 cupidissimi
1219 1321 1514 1415 fuerint,
1555 1336 1635 1399 ut
1674 1331 1748 1398 et
1787 1326 2081 1415 bellum,
2106 1326 2167 1400 si
2211 1348 2395 1424 opus
2437 1334 2658 1415 esset,
2696 1348 2966 1423 propu-

728 1475 983 1546 gnare,
1041 1457 1116 1526 et
1172 1449 1449 1524 inferre
1489 1459 1821 1548 possent.
1885 1450 2380 1542 Quamobrem
2438 1451 2715 1526 omissa
2753 1474 2969 1549 supc-

720 1576 991 1652 riorum
1069 1598 1425 1651 annorum
1478 1577 1779 1668 tributa,
1861 1578 2004 1651 LX
2062 1578 2291 1653 millia
2339 1602 2632 1654 numum
2706 1601 2962 1654 aureo·

721 1727 901 1795 rum,
917 1711 990 1778 et
1012 1711 1296 1778 vestem
1316 1702 1706 1802 pelliceam
1722 1704 1864 1778 XL
1883 1704 2206 1796 millium,
2231 1707 2392 1781 solo
2410 1714 2698 1781 terrore
2718 1705 2966 1780 remit·

723 1839 881 1905 tere
937 1852 1073 1927 per
1130 1837 1488 1923 oratores,
1565 1837 1638 1904 et
1692 1829 1970 1904 Hutino
2032 1829 2375 1923 Polonos,
2414 1831 2809 1930 impetrata
2855 1833 2968 1905 eis

724 1957 987 2047 salute,
1028 1980 1343 2033 evocare
1401 1959 1637 2033 coacti
1693 1966 1884 2033 sunt.
1951 1957 2240 2049 Quibus
2280 1960 2613 2034 omnibus
2649 1962 2970 2057 patratis

722 2083 775 2159 J
780 2081 1108 2156 ohannes
1134 2080 1635 2160 Valachorum
1675 2065 1980 2178 regulus
2004 2085 2417 2159 Turcarum
2438 2085 2840 2161 exercitum
2866 2087 2968 2161 di-

728 2208 947 2300 misit,
966 2208 1371 2283 nobiliores
1410 2217 1654 2284 autem
1674 2218 1748 2285 et
1767 2209 2214 2309 praecipuae
2237 2211 2701 2285 auctoritatis
2742 2212 2967 2303 viros,

724 2332 1167 2432 praesertim
1206 2333 1567 2429 Bogdano
1627 2333 2022 2425 studiosos,
2081 2356 2284 2409 more
2338 2336 2654 2433 quodam
2719 2340 2968 2435 gentis

725 2482 977 2536 omnes
1033 2459 1445 2538 trucidavit.
1506 2461 1624 2534 Ea
1681 2460 1872 2536 enim
1929 2469 2046 2536 est
2118 2461 2410 2537 illorum
2484 2463 2971 2540 barbarorum
3068 2467 3075 2475 '

722 2586 1273 2678 immanitas,ut
1311 2586 1696 2663 levissima
1735 2588 1826 2664 (10
1852 2611 2081 2664 causa
2122 2587 2452 2664 dominos
2493 2590 2854 2681 occidere,
2895 2602 2972 2668 et

725 2713 1036 2789 dominis
1074 2715 1449 2810 subjectos
1480 2714 1932 2790 consuetudo
1973 2715 2088 2789 sit.
2130 2717 2393 2813 Itaque
2429 2719 2611 2792 nulli
2647 2742 2969 2816 unquam

725 2839 1136 2915 diuturnum
1176 2840 1560 2937 imperium
1599 2864 1768 2916 0880
1805 2841 2042 2940 potuit
2064 2867 2080 2918 :
2103 2865 2339 2939 neque
2364 2851 2481 2916 est
2515 2843 2733 2919 isthic
2770 2847 2970 2922 ullus

718 2965 1157 3040 familiarum
1178 2964 1548 3061 splendor,
1572 2989 1763 3064 qnae
1783 2967 1987 3042 nulla
2008 2967 2098 3041 de
2120 2990 2369 3055 causa,
2393 2975 2468 3041 et
2489 2991 2718 3068 saepe
2738 2995 2968 3069 pecu-

723 3092 888 3169 niae
927 3100 1052 3167 aut
1087 3095 1445 3169 bonorum
1490 3094 1847 3170 aviditate
1884 3094 2280 3169 universae
2320 3095 2680 3172 delentur.
2727 3096 2967 3173 Grae-

722 3218 1023 3293 canicae
1079 3218 1254 3294 fidei
1295 3243 1548 3295 omnes
1589 3210 1762 3296 sunt
1796 3222 2477 3308 observantissimi3
2515 3249 2754 3323 neque
2791 3226 2966 3302 hac-

721 3352 933 3421 tenus
988 3354 1328 3445 repertus
1369 3355 1502 3439 est,
1561 3348 1685 3445 qui
1723 3370 1991 3423 novum
2029 3349 2316 3445 dogma,
2358 3351 2757 3426 severitate
2791 3377 2970 3451 poe-

721 3495 883 3566 nae,
925 3494 1361 3570 quamquam
1400 3475 1714 3548 omnium
1752 3475 2122 3549 nationum
2161 3476 2494 3551 homines
2532 3498 2620 3551 eo
2658 3501 2967 3554 comme-

722 3604 868 3688 ent,
926 3597 1257 3695 profiteri
1314 3622 1541 3674 ausus
1594 3600 1750 3674 fuit.
1829 3597 1979 3675 Sed
2035 3601 2680 3698 superstitionibus
2716 3609 2967 3705 potius

726 3746 941 3820 quam
974 3724 1338 3819 religione
1377 3734 1739 3815 tenentur,
1798 3750 1959 3802 cum
2002 3737 2078 3800 ct
2114 3728 2282 3826 ipsi,
2323 3739 2398 3803 01
2434 3753 2684 3807 eorum
2723 3758 2966 3810 sacer-

736 3848 989 3941 dotes,
1086 3851 1244 3925 fere
1328 3851 1599 3927 idiotae
1700 3852 1846 3926 sint
1886 3909 1901 3944 ‚
2026 3853 2149 3927 vix
2245 3852 2698 3950 illyricarum
2771 3861 2964 3936 litte-

726 3995 1000 4066 rarum,
1079 3997 1264 4072 quas
1340 3975 1575 4052 solum
1651 3976 1727 4051 111
1775 4000 1913 4053 11811
1951 3977 2258 4066 babent,
2321 3982 2654 4057 notitiam
2693 3985 2966 4059 haben-

725 4105 883 4195 tes3
944 4102 1180 4196 maJus
1238 4102 1513 4176 crimen
1552 4103 1678 4178 vix
1718 4103 1920 4179 aliud
1955 4106 2252 4198 habent,
2292 4129 2509 4205 quam
2549 4109 2809 4187 diebus
2845 4135 2968 4186 ve-

732 4225 890 4299 titis
929 4248 1135 4300 esum
1176 4227 1532 4324 carnium3
1586 4226 1754 4304 ideo
1794 4252 2022 4327 supra
2061 4231 2430 4305 dimidiam
2470 4234 2642 4308 anni
2680 4245 2965 4334 partem

722 4373 893 4426 sese
914 4353 1359 4428 abstinentia
1391 4354 1627 4429 omnis
1645 4356 2181 4453 pinguitudinis
2217 4370 2617 4436 macerant.
2665 4363 2961 4438 Uxores

719 4477 1107 4571 dimittere,
1146 4488 1219 4554 et
1257 4480 1448 4556 alias
1489 4482 1777 4575 ducere,
1817 4506 2188 4560 commune
2227 4493 2362 4579 081;
2403 4488 2737 4564 homines
2779 4491 2965 4564 occi-

720 4602 893 4680 dere
935 4613 1008 4680 et
1046 4605 1348 4697 violare,
1408 4610 1528 4704 qui
1587 4633 1764 4684 suae
1805 4611 2187 4709 religionis
2227 4636 2375 4688 11011
2416 4617 2588 4702 sint,
2626 4639 2770 4691 nou
2807 4639 2960 4689 ma-
