3293 5219
395 1177 605 1270 Quod
636 1201 854 1254 unum
876 1200 1184 1272 semper,
1210 1175 1754 1275 Angustissime
1794 1184 2015 1273 atque
2036 1175 2443 1251 Invictissi-

205 1327 312 1378 me
335 1307 762 1402 Imperator,
784 1328 1064 1404 vosque
1087 1302 1579 1395 Serenissimi,
1604 1313 1679 1379 et
1705 1302 2198 1378 Illustrissimi
2225 1302 2440 1377 Prin-

203 1428 422 1527 cipes,
459 1433 767 1531 primum
804 1432 976 1507 mihi
999 1433 1730 1530 antiquissimumque
1756 1431 1923 1522 fuit,
1962 1431 2068 1506 uti
2108 1430 2180 1504 in
2223 1430 2449 1506 omni-

200 1558 331 1632 bus
369 1537 559 1655 quae
597 1580 938 1654 agerem,
981 1558 1302 1635 divinam
1342 1559 1519 1633 mihi
1560 1581 1773 1655 opem
1834 1564 2054 1654 atque
2095 1556 2443 1631 auxillum

199 1683 724 1782 implorandum
759 1693 1112 1782 putarem,
1153 1686 1225 1760 id
1283 1686 1459 1761 mihi
1500 1685 1816 1759 maxime
1854 1706 2023 1758 esse
2079 1682 2442 1779 agendum

201 1809 332 1883 hoc
368 1817 697 1907 tempore
734 1812 1098 1887 constitui.
1159 1813 1279 1887 De
1321 1811 1793 1886 Ferdinando
1854 1809 2041 1884 enim
2119 1806 2449 1884 Caesare

202 1937 373 2010 mihi
411 1937 646 2012 verba
682 1937 1025 2013 facienda
1062 1946 1270 2029 sunt,
1312 1938 1406 2014 de
1445 1962 1732 2014 summa
1808 1938 1965 2012 eius
2003 1934 2446 2010 incredibili-

202 2086 337 2160 que
377 2062 663 2154 virtute,
742 2064 831 2139 de
869 2067 1092 2140 rebus
1132 2064 1390 2161 gestis,
1467 2064 1556 2139 de
1632 2064 1911 2140 meritis
1966 2064 2042 2137 in
2083 2060 2446 2137 Christia-

200 2214 362 2264 nam
400 2189 959 2290 Rempublicam
1018 2192 1356 2267 maximis
1397 2198 1617 2288 atque
1657 2188 2171 2290 amplissimis,
2232 2212 2446 2286 qnae,

203 2316 490 2411 quando
530 2342 644 2392 me
684 2341 1003 2415 aequare
1043 2317 1372 2409 dicendo,
1413 2319 1613 2393 nulla
1679 2318 1754 2390 vi
1827 2323 1953 2392 aut
2008 2315 2224 2414 copia
2281 2339 2442 2392 ora-

200 2442 413 2517 tionis
454 2466 676 2540 posse
732 2444 1111 2542 intelligo:
1187 2454 1339 2522 tum
1396 2444 1590 2519 idem
1649 2443 1886 2519 Deum
1942 2441 2448 2534 immortalem,
2496 2458 2501 2467 ‘

206 2566 611 2662 Parentem,
652 2568 1415 2670 Conservatoremque
1440 2570 1755 2647 omnium
1791 2590 2073 2668 precor.
2113 2569 2220 2647 ita
2243 2570 2442 2654 mihi,

197 2697 355 2772 dum
375 2698 521 2774 hoc
557 2708 1004 2797 postremum
1024 2699 1328 2798 pietatis
1386 2721 1678 2790 munus,
1703 2697 1956 2796 optimi
1976 2696 2342 2797 Principis
2381 2705 2455 2774 et

199 2823 581 2899 fortissimi
621 2828 1010 2916 memoriae
1050 2828 1419 2926 persoluo,
1464 2827 1755 2918 volens,
1786 2825 2292 2925 propitiusque
2330 2823 2453 2901 ad-

202 2951 322 3042 sit,
364 2949 470 3024 uti
511 2951 708 3027 illius
783 2952 1174 3029 virtutibus
1254 2953 1694 3028 clarissimis
1752 2959 1827 3028 et
1883 2951 2222 3027 maximis
2261 2974 2449 3027 com·

195 3079 708 3171 memorandis,
748 3103 901 3172 voe,
942 3080 1038 3154 ad
1077 3082 1490 3179 exemplum
1515 3079 1863 3177 antiquae
1918 3078 2211 3154 virtutis
2260 3079 2453 3154 exci-

193 3213 393 3295 tare,
430 3229 930 3303 revocareque
979 3206 1166 3282 adeo
1223 3230 1504 3303 queam.
1581 3205 1744 3298 Quo
1815 3206 1890 3280 in
1945 3228 2242 3281 munere
2298 3208 2451 3282 fun-

194 3330 441 3427 gendo
519 3332 734 3407 simul
810 3329 993 3407 illud
1048 3357 1164 3408 me
1220 3341 1731 3407 assecuturum
1807 3352 2064 3430 spero,
2136 3331 2240 3407 uti
2281 3332 2450 3407 dum
2545 3425 2550 3432 ‚

193 3480 476 3533 mecum
515 3465 864 3556 paternas
903 3456 1160 3534 laudes
1200 3467 1422 3558 atque
1494 3458 1836 3546 indolem,
1878 3457 1954 3532 in
1993 3455 2146 3532 filio
2192 3457 2447 3534 eodem

198 3585 692 3683 Imperatore,
766 3584 1078 3660 maximo
1135 3593 1209 3660 et
1243 3586 1650 3663 fortissimo
1716 3610 1860 3661 non
1899 3584 2172 3675 minus,
2230 3609 2450 3684 quam

194 3711 346 3786 oris
407 3711 850 3786 lineamenta
924 3711 1390 3810 effigiemque
1471 3711 1930 3808 agnoscitis,
2010 3710 2451 3787 desiderium

192 3837 384 3912 tanti
422 3835 679 3910 amissi
716 3835 1083 3935 Principis
1121 3837 1459 3912 leniendo
1489 3894 1505 3927 ,
1549 3836 2044 3912 Maximiliani
2081 3836 2261 3912 felix
2297 3837 2452 3912 fau·

194 3973 538 4060 stumque
576 3964 735 4061 Imp
754 3963 986 4038 crium
1033 3960 1507 4038 Christianae
1548 3963 2029 4062 Reipublicae
2059 3962 2451 4037 universae

190 4088 600 4185 gloriosum
637 4089 839 4165 idem
880 4088 1229 4166 Austriae
1268 4090 1615 4182 familiae,
1674 4091 2223 4166 formidolosum
2262 4113 2451 4165 com-

189 4215 533 4291 munibus
608 4215 959 4291 hostibus
1036 4217 1251 4292 vobis
1327 4216 1723 4313 aliquando
1794 4219 1951 4292 fore
2000 4215 2447 4315 spondeatis.

192 4340 745 4417 Ferdinandum
784 4341 1158 4418 amisimus
1217 4337 1387 4440 (nisi
1425 4341 1883 4418 reviviscere
1939 4342 2248 4417 eundem
2300 4339 2448 4416 Au-

189 4466 628 4563 gustissima
650 4491 740 4544 ac
780 4466 1213 4543 felicissima
1250 4468 1515 4544 relicta
1551 4469 1781 4566 prole,
1820 4467 2448 4566 immortalemque

195 4595 385 4670 adeo
427 4594 588 4668 fore
628 4595 1062 4670 credendum
1109 4590 1252 4692 est)
1293 4594 1880 4688 Ferdinandum,
1922 4595 2237 4694 inquam,
2281 4595 2446 4672 ami·
