3293 5219
2376 285 2533 362 289

270 526 389 578 nus
425 503 506 577 in
556 501 839 577 sacello
880 501 1076 577 arcis
1119 502 1506 599 jacuisset.
1568 498 2129 578 celeberrimus
2168 504 2308 579 fuit
2356 525 2526 577 con-

269 651 516 702 cursus
577 628 1028 724 legationum
1083 651 1171 702 ac
1209 650 1599 724 procerum
1637 650 1732 701 ex
1789 630 2048 725 regnis
2106 637 2182 704 et
2217 629 2522 728 provin-

267 753 385 828 ciis
422 762 920 844 evocatorum,
978 755 1386 852 principum
1425 762 1897 830 externorum
1937 755 2081 829 nisi
2118 756 2516 831 ferrarien-

264 879 317 950 si
368 888 786 976 praesente.
871 879 1159 955 Octavo
1200 880 1378 955 Idus
1437 878 1762 975 Augusti
1798 882 2019 955 funus
2060 881 2513 956 celebratum

255 1013 409 1100 post
466 1005 846 1080 meridiem
885 1006 1070 1080 hora
1090 1005 1334 1079 tertia.
1410 1004 1809 1080 Antelatae
1850 1007 2146 1102 aquilae
2205 1007 2511 1103 imperii,

257 1129 604 1226 imagines
661 1156 1057 1227 regnorum
1137 1131 1831 1230 provinciarumque
1888 1133 1962 1205 in
2022 1132 2319 1207 vexillis
2358 1134 2507 1230 pic-

258 1264 383 1350 tae,
424 1257 596 1355 equi
654 1259 875 1333 atrati
931 1259 1254 1348 totidem,
1314 1265 1554 1355 caput,
1596 1259 1872 1348 oculos,
1932 1259 2211 1332 calcem
2269 1280 2504 1355 usque

258 1386 464 1480 nigra
507 1408 860 1483 purpura,
905 1409 995 1459 ac
1035 1408 1128 1458 ex
1169 1384 1530 1459 lateribus
1590 1406 1732 1458 acu
1769 1384 1986 1481 pictis
2026 1385 2290 1459 iisdem
2330 1384 2507 1458 ima-

261 1514 549 1609 ginibus
586 1514 784 1587 tecti.
844 1511 1313 1609 Sequebatur
1364 1513 1545 1587 ordo
1585 1511 2038 1609 pontificum,
2081 1513 2251 1587 dein
2307 1513 2504 1587 fere-

253 1649 443 1715 trum
500 1639 818 1733 augusti,
882 1647 1256 1736 postremo
1296 1638 1848 1714 Maximilianus
1908 1663 2068 1714 cum
2125 1639 2504 1730 fratribus,

255 1787 549 1860 cumque
568 1762 1015 1861 primoribus
1031 1771 1252 1861 atque
1267 1763 1562 1859 legatis.
1587 1763 1978 1838 Feretrum
1998 1764 2287 1839 illatum
2309 1766 2502 1837 lec'to

253 1890 319 1963 iu
354 1889 539 1963 aede
618 1889 768 1962 divi
791 1887 1174 1987 Stephani,
1194 1896 1346 1962 tum
1384 1888 1698 1963 inferiae
1737 1913 1872 1987 per
1912 1887 2501 1985 Strigoniensem

255 2021 621 2112 peractae.
643 2013 963 2089 Postera
1003 2014 1119 2087 die
1139 2038 1351 2089 mane
1373 2014 1630 2088 eadem
1671 2015 1918 2090 omnia
1937 2016 2275 2112 repetita.
2310 2014 2499 2087 Lau-

249 2141 429 2216 inter
489 2141 831 2216 solennia
866 2164 1001 2239 pro
1023 2150 1390 2239 suggestu
1412 2168 1458 2216 a
1496 2141 1910 2216 Francisco
1933 2141 2498 2237 Forgachelec-

246 2267 450 2343 datus
471 2277 665 2343 estto
705 2269 1055 2367 episcopo
1097 2267 1572 2343 varadinensi
1612 2268 1946 2343 oratione
1993 2291 2180 2365 quae
2220 2273 2495 2340 exstat.

455 2397 660 2468 Inter
723 2393 874 2469 alia
929 2396 1245 2469 maxime
1303 2395 1756 2491 spectandus
1792 2402 1973 2484 erat,
2014 2394 2251 2468 lectus
2283 2392 2529 2502 fasti--

242 2516 475 2612 giatus
524 2519 598 2593 in
655 2520 1115 2596 altitudinem
1173 2518 1832 2594 concamerationis
1889 2518 2165 2616 templi,
2205 2517 2493 2591 lumini—

237 2642 362 2717 bus
399 2646 657 2721 vitreis
686 2646 869 2721 miro
927 2648 1162 2739 modo,
1184 2648 1656 2743 colorumque
1682 2645 2173 2721 varietatibus
2196 2644 2490 2719 distinc-

233 2767 343 2839 tis.
405 2768 553 2845 Sed
592 2772 1140 2849 miserationem
1198 2783 1272 2849 et
1307 2774 1642 2871 ploratus
1686 2772 2025 2847 omnibus
2081 2770 2491 2865 eliciebant,

234 2891 591 2973 silentium
613 2904 1419 2991 vastum,conlucentes
1458 2902 1684 2990 faces,
1726 2899 2065 2996 populus,
2114 2902 2491 2996 templum,

231 3027 297 3092 et
334 3044 921 3120 quoquoversum
961 3028 1341 3124 aspiceres
1380 3033 1643 3117 atrata,
1669 3025 1837 3099 dein
1897 3023 2135 3098 oratio
2194 3024 2289 3097 ad
2333 3027 2482 3099 luc·

228 3152 366 3221 tum
404 3171 668 3243 versa;
729 3172 915 3245 quae
956 3160 1217 3227 cuncta
1255 3153 1664 3250 superabat
1716 3149 2180 3249 popularitas
2236 3150 2367 3224 illa
2412 3159 2486 3224 et

229 3271 604 3348 clementia
694 3276 870 3350 boni
929 3278 1306 3376 principis,
1382 3277 1631 3352 tacitis
1710 3276 1974 3351 animis
2037 3275 2480 3351 desiderata.

226 3394 525 3474 Subiere
561 3409 738 3498 post
772 3403 1122 3477 feretrum
1161 3404 1301 3478 viri
1338 3404 1692 3493 illustres,
1744 3402 2219 3496 delatumque
2266 3408 2482 3477 extra
2600 3456 2603 3461 -

221 3532 492 3617 portam
549 3526 971 3602 Danubium
1012 3552 1294 3621 versus,
1353 3553 1522 3603 mox
1562 3549 1779 3601 carro
1835 3525 2256 3623 impositum
2296 3524 2477 3601 Pra-

223 3659 791 3752 gamuavectum,
868 3651 1130 3729 Annae
1186 3655 1483 3752 conjugi
1538 3652 2058 3749 apponendum
2139 3648 2478 3726 Ladislai

216 3770 398 3850 filiae
426 3778 629 3873 regis
669 3777 1076 3875 Ungariae.
1135 3783 1351 3857 Nunc
1388 3781 1485 3856 ad
1522 3781 1819 3876 incepta
1858 3779 2104 3853 redeo,

417 3900 717 3978 Amisso
774 3906 1147 3981 Erdcodio
1188 3907 1554 3984 Svendius
1592 3930 1686 3980 ne
1726 3905 2135 3981 obsidionis
2190 3903 2473 4002 pericu-

212 4022 350 4097 lum
369 4027 667 4119 subiret,
684 4054 820 4127 per
840 4032 1211 4108 silentium
1235 4033 1569 4108 collectis
1589 4030 2094 4107 tabernaculis
2115 4052 2201 4101 ac
2239 4029 2475 4104 vasis-

211 4144 578 4229 Sacmario
675 4165 926 4234 castra
1003 4161 1248 4249 movit,
1305 4186 1393 4235 ac
1465 4183 1599 4258 per
1637 4166 1928 4232 noctem
1967 4155 2313 4232 continuo
2352 4154 2470 4228 iti-

207 4296 375 4350 nere
394 4288 703 4375 quatuor
745 4308 1019 4381 magna
1058 4285 1406 4362 milliaria
1446 4308 1788 4361 emensus
1829 4284 1928 4358 ad
1968 4306 2242 4381 pagum
2284 4280 2471 4372 Quis

205 4423 285 4473 ar
322 4402 694 4481 Tibiscum
721 4394 730 4401 ’
745 4411 968 4505 juxta
1020 4415 1241 4507 venit,
1280 4422 1673 4510 castraque
1731 4410 1930 4485 vallo
1989 4417 2212 4505 atque
2251 4408 2465 4482 fossa

205 4529 461 4625 munit;
518 4557 657 4607 nec
695 4557 903 4611 mora
972 4541 1532 4616 Temensiensis
1590 4539 1824 4625 affuit,
1887 4544 2280 4630 castraque
2321 4557 2465 4606 me-

315 4677 508 4715 ΧΟΙῦΙ.
547 4682 711 4720 umm.
763 4686 903 4726 ulsr.
940 4690 1140 4731 scmP‘r.
1177 4691 1286 4723 xw.
2034 4644 2129 4716 19
