3293 5219
730 329 887 408 198

725 570 892 622 men
946 548 1027 621 ut
1078 545 1391 621 tutiores
1429 545 1523 618 ab
1579 542 2185 617 insultationibus
2247 561 2499 615 eorum
2558 551 2992 633 manerent,

715 673 1015 748 mandat
1067 670 1443 768 generalis
1540 668 1862 744 Antonio
1944 668 2190 742 comiti
2229 666 2660 757 architecto,
2720 676 2976 743 castra

718 822 812 874 ex
865 820 1004 873 usu
1060 796 1361 872 militari
1436 794 1842 890 designari,
1902 818 1991 868 ac
2048 793 2249 867 vallo
2310 792 2766 868 communiri.
2829 791 2979 868 Per

720 924 866 999 hoc
903 920 1222 1012 biduum,
1266 919 1465 1017 quod
1504 919 1751 995 datum
1791 926 1909 993 est
1960 919 2210 1015 quieti,
2272 918 2519 993 Mauri
2556 917 2848 993 vexilla
2886 917 2989 993 al-

724 1052 825 1125 ba
881 1049 1160 1123 minuta
1196 1046 1534 1121 manibus
1572 1051 1961 1143 portantes
2019 1046 2290 1120 cursim
2346 1044 2831 1135 accedebant,
2903 1066 2993 1117 ac

724 1176 1015 1250 litteras
1072 1173 1429 1267 alligatas
1488 1171 2025 1268 relinquebant,
2084 1170 2349 1268 quibus
2406 1192 2668 1269 pacem
2722 1192 2990 1269 posce-

724 1303 928 1391 bant,
969 1307 1045 1374 et
1079 1298 1611 1397 promittebant
1649 1299 1825 1372 sein
1847 1296 2284 1372 fidelitatem
2325 1306 2397 1373 et
2448 1297 2990 1394 subjectionem

723 1425 931 1520 regis
969 1421 1506 1520 Hispaniarum
1581 1421 1912 1513 daturos,
1943 1422 2294 1497 tributum
2335 1445 2623 1519 quoque
2662 1444 2991 1498 annuum

729 1570 1117 1648 pensuros.
1159 1544 1560 1623 Generalis
1597 1547 1876 1623 nullum
1898 1549 2007 1622 eis
2046 1569 2483 1646 responsum
2522 1548 2775 1637 dabat,
2810 1572 2988 1624 nam

728 1674 1166 1750 decreverat
1206 1695 1335 1747 eos
1376 1673 1604 1747 armis
1625 1672 1723 1747 ad
1761 1672 2204 1749 deditionem
2226 1695 2516 1770 cogere.
2560 1671 2748 1748 Cum
2788 1698 2980 1770 ergo

721 1800 1105 1876 instructis
1133 1801 1434 1875 aciebus
1495 1789 1759 1875 versus
1796 1822 1879 1875 se
1901 1800 2303 1875 exercitum
2322 1799 2693 1897 proficisci
2732 1821 2991 1874 cerne-

724 1932 932 2015 rent,
974 1924 1414 2020 congregati
1452 1947 1547 1998 ex
1622 1926 1981 2001 communi
2020 1947 2386 2000 consensu
2423 1924 2792 2021 quendam
2829 1924 2989 1999 Ha·

728 2056 878 2123 met
897 2050 1175 2145 Bajese
1197 2073 1290 2124 ex
1311 2049 1587 2147 Apulia
1610 2050 1994 2125 oriundum
2032 2059 2106 2125 et
2126 2049 2290 2125 ideo
2331 2049 2634 2145 lingvae
2671 2049 2980 2125 italicae

715 2174 1032 2273 peritum
1054 2174 1367 2265 mittunt,
1409 2175 1533 2271 qui
1570 2175 1863 2249 nomine
1883 2176 2145 2251 Xeche
2161 2183 2235 2250 et
2256 2175 2573 2250 omnium
2590 2175 2976 2252 insulano-

721 2324 882 2376 rum
901 2300 1218 2375 referret
1231 2300 1329 2375 ad
1350 2302 1797 2395 generalem,
1810 2325 1908 2376 ne
1925 2301 2125 2377 ultra
2144 2301 2603 2400 procederet,
2624 2323 2775 2376 non
2790 2303 2987 2377 enim

723 2450 806 2502 se
825 2425 1023 2502 velle
1059 2449 1417 2524 pugnare,
1495 2424 1630 2501 sed
1670 2426 2111 2502 deditionem
2148 2428 2400 2503 facere
2439 2449 2599 2503 cum
2636 2428 2990 2524 personis

722 2575 814 2628 ac
850 2553 1075 2628 rebus
1117 2552 1297 2645 suis,
1343 2559 1418 2628 et
1437 2553 1683 2649 quoad
1700 2552 2016 2628 formula
2036 2551 2432 2629 deditionis
2472 2551 2990 2647 conficeretur,

709 2681 872 2775 jam
911 2677 1164 2753 statim
1201 2699 1283 2751 se
1303 2677 1488 2754 duos
1528 2679 1831 2755 obsides
1872 2678 2196 2772 daturos,
2217 2687 2291 2754 et
2330 2677 2717 2755 castellum
2753 2680 2991 2755 tradi·

717 2811 949 2879 turos.
989 2802 1158 2894 Qua
1195 2803 1286 2877 de
1322 2825 1404 2878 re
1427 2803 1963 2879 eodeminloco
2003 2806 2513 2896 consultatum,
2537 2812 2761 2900 atque
2804 2805 2991 2880 deli-

720 2931 1057 3004 beratum
1096 2929 1233 3021 est,
1252 2935 1646 3026 praestare
1703 2930 1780 3004 in
1834 2920 2327 3006 voluntariam
2365 2954 2455 3004 ac
2492 2937 2988 3028 spontaneam

600 3115 603 3119 Α
723 3053 1255 3149 subjectionem
1276 3055 1634 3152 recipere,
1663 3078 1883 3152 quam
1903 3062 2259 3147 coactam,
2281 3062 2505 3152 atque
2525 3054 2766 3153 ipsam
2808 3078 2988 3151 quo-

720 3201 864 3277 que
881 3179 1198 3255 insulam
1217 3181 1522 3257 vastari.
1546 3179 1711 3272 Quo
1741 3203 2105 3279 responso
2127 3189 2431 3280 accepto
2454 3181 2639 3258 duos
2652 3180 2987 3272 obsides,

721 3329 906 3404 quos
963 3305 1392 3382 nominatim
1431 3305 1807 3403 generalis
1845 3315 2194 3405 tanquam
2240 3308 2681 3406 praecipuos
2720 3329 2991 3384 evoca·

716 3433 863 3515 vit,
940 3433 1335 3525 miserunt,
1411 3439 1486 3507 et
1558 3431 1809 3507 missis
1903 3433 2028 3528 qui
2138 3433 2595 3530 reciperent,
2709 3435 2987 3508 castel·

715 3558 865 3634 lum
960 3580 1250 3655 quoque
1321 3555 1802 3634 tradiderunt.
1903 3554 2304 3634 Generalis
2378 3581 2540 3635 cum
2650 3559 2989 3635 exercitu

724 3684 823 3758 ad
861 3682 1250 3759 castellum
1323 3683 1725 3781 profectus,
1783 3685 2288 3760 necessarium
2332 3682 2704 3781 judicavit
2739 3707 2989 3761 novas

725 3807 1182 3884 munitiones
1239 3809 1556 3904 erigere,
1625 3829 1815 3906 quae
1870 3816 2085 3885 vetus
2125 3807 2514 3885 castellum
2573 3808 2991 3904 cingerent,

722 3940 802 4008 et
836 3932 1295 4030 praesidium
1334 3933 1678 4009 continuo
1722 3933 1829 4008 ibi
1887 3942 2180 4010 tenere:
2221 3942 2371 4009 tum
2412 3933 2609 4030 quod
2647 3933 2840 4009 situs
2879 3943 2993 4010 to-

718 4056 866 4134 tius
958 4056 1250 4134 insulae
1360 4059 1997 4136 commodissimus
2057 4061 2161 4136 ibi
2236 4069 2483 4136 esset:
2554 4067 2710 4135 tum
2805 4083 2991 4138 vero

718 4183 913 4280 quod
965 4182 1208 4260 insula
1263 4185 1341 4259 in
1395 4192 1754 4282 perpetuo
1815 4185 2058 4263 officio
2099 4185 2618 4279 contineretur,
2658 4193 2736 4260 et
2770 4186 2980 4283 pira-

715 4315 841 4382 tae
863 4364 880 4398 ,
942 4332 1250 4405 quorum
1325 4318 1488 4386 erat
1573 4312 2124 4409 receptaculum
2145 4369 2161 4399 ,
2237 4318 2695 4400 arcerentur,
2753 4320 2985 4408 atque

713 4433 792 4507 in
831 4431 1163 4509 Africam
1200 4435 1558 4528 trajectus
1598 4444 1802 4510 esset
1856 4446 2331 4534 opportunus,
2384 4458 2692 4532 quarum
2732 4458 2985 4511 rerum

714 4576 943 4631 causa
1000 4564 1077 4633 et
1146 4559 1378 4655 prisci
1433 4561 1717 4635 romani
1811 4563 2198 4637 castellum
2237 4558 2739 4654 condiderant3
2823 4583 2978 4636 ma·
