3293 5219
762 273 920 352 304

760 498 1020 591 jugum
1078 502 1152 571 et
1206 495 1583 592 flagellum
1641 497 2182 583 recusantibus,
2230 496 2352 570 vix
2398 497 2684 593 aliquot
2725 525 2770 573 a
2808 501 3020 576 Vien-

762 645 860 694 na
916 623 1268 720 passibus
1307 622 1725 716 infeliciter,
1774 632 1997 721 ponte
2039 623 2452 698 sublicibus
2494 627 2691 718 laxo,
2740 635 2912 702 ante
2949 635 3020 702 et

756 756 932 845 post
984 749 1228 846 ipsum
1286 750 1455 825 aliis
1513 752 1708 825 ultro
1750 751 2084 845 citroque
2126 751 2709 826 commeantibus
2748 776 2840 826 ac
2877 755 3017 829 sal-

756 875 892 965 vis,
954 898 1173 952 curru
1213 893 1371 952 suo'
1405 875 1893 968 transiturus,
1942 898 2103 949 cum
2159 876 2765 952 familiarissimis
2804 903 3014 976 prae-

754 1024 933 1099 ceps
973 1003 1214 1079 medio
1261 1003 1475 1076 alveo
1513 1002 1886 1092 hauritur,
1931 1000 2550 1099 inundationeque
2592 1005 3015 1078 suffocatur.

753 1128 951 1202 lllud
993 1129 1231 1224 magis
1253 1128 1679 1218 mirandum,
1721 1149 1974 1200 omnes
2014 1126 2375 1216 evasisse,
2399 1128 2636 1203 solum
2675 1130 3014 1224 periisse.

759 1251 1042 1326 Eodem
1092 1260 1424 1348 tempore
1494 1249 1864 1325 Pulherus
1907 1275 1952 1324 a
1993 1251 2344 1343 6011611118,
2369 1261 2798 1350 coeptorum
2820 1253 3016 1328 theo·

754 1377 1011 1473 logiae
1052 1377 1457 1453 studiorum
1515 1375 2011 1468 avidissimus,
2051 1365 2404 1472 usquead
2441 1378 2814 1452 insaniam
2853 1380 3012 1454 red-

759 1511 967 1577 actus
1062 1503 1473 1578 miserabili
1566 1502 1977 1597 mentisque
2052 1510 2126 1576 et
2186 1504 2520 1601 corporis
2577 1505 3013 1600 agitatione,

755 1652 897 1702 non
957 1630 1116 1704 sine
1191 1630 1731 1728 desperationis
1807 1637 1983 1704 nota
2021 1629 2320 1704 interiit.
2382 1631 2665 1705 Doctor
2706 1630 3004 1707 Seldius

753 1763 826 1829 et
863 1755 1122 1829 doctor
1162 1756 1449 1847 Zasius,
1492 1743 1710 1831 ambo
1755 1758 1851 1830 ab
1890 1756 2164 1830 intimis
2207 1756 2557 1848 consiliis,
2599 1758 3000 1834 Eberstor·

749 1881 949 1979 phio,
1008 1905 1150 1978 quo
1209 1881 1432 1957 animi
1472 1904 1702 1956 causa
1741 1905 2004 1956 caesar
2065 1889 2506 1970 secesserat,
2574 1908 2619 1956 a
2697 1885 3004 1958 consilio

752 2005 1119 2082 Viennam
1157 1992 1420 2081 versus
1460 2030 1605 2081 una
1644 2007 1857 2099 vecti,
1911 2008 2122 2105 equis
2159 2008 2688 2083 ferocientibus
2729 2032 2823 2082 ac
2861 2034 3000 2084 mo-

756 2132 914 2208 dice
970 2134 1185 2228 laxis‚
1225 2134 1353 2208 ille
1410 2134 1774 2208 cervicem
1833 2135 2079 2230 fregit,
2141 2148 2360 2209 curru
2418 2134 2846 2232 prosiliens„
2888 2135 3004 2209 hic

762 2267 1069 2335 mortem
1110 2259 1376 2336 saltem
1415 2259 1690 2357 effugit,
1713 2267 1932 2357 caput
1970 2267 2044 2334 et
2081 2283 2334 2334 omnes
2378 2267 2580 2336 artus
2623 2270 2996 2338 contusus.

747 2384 943 2476 Quin
984 2395 1059 2462 ct
1116 2389 1407 2463 caesari
1498 2387 1918 2483 Augustam
1955 2386 2454 2484 proficiscenti
2494 2387 2733 2461 Lincii
2774 2410 3003 2485 equus

747 2511 1081 2586 admotus
1127 2514 1285 2609 jam
1346 2533 1864 2605 conscensum,
1920 2509 2126 2586 nulla
2180 2513 2433 2609 palam
2492 2534 2742 2588 causa.
2800 2512 3002 2586 illico

747 2639 1042 2732 corruit,
1065 2640 1461 2736 statimque
1500 2638 1966 2713 exanimatus
2005 2645 2141 2712 est.

955 2764 1304 2862 Sequitur
1339 2763 1669 2839 bellum
1649 2787 1917 2858 lngens
1956 2772 2176 2862 atque
2212 2764 2794 2856 formidolosum,
2853 2720 2999 2841 Un-

750 2893 1012 2988 gariae
1049 2916 1285 2990 prope
1326 2915 1762 2991 supremum,
1802 2893 1877 2967 ni
1915 2893 2045 2967 Dii
2083 2894 2373 2968 modum
2414 2895 2875 2969 statuissent.
2913 2896 2998 2969 In

753 3039 895 3116 quo
954 3017 1309 3094 molliter·
1349 3018 1890 3094 aestimantium
1947 3020 2262 3094 virtutes
2314 3020 2697 3095 consilium
2737 3020 2997 3117 patuit,

739 3145 1141 3244 Solymano
1181 3147 1627 3244 imperatore
1669 3146 2082 3220 Turcarum
2118 3147 2393 3220 bellum
2432 3154 2761 3243 gerente,
2803 3146 2998 3244 quod

735 3271 886 3348 illis
979 3274 1410 3349 incredibile
1522 3273 1950 3363 videbatur3
2071 3274 2256 3348 adeo
2371 3274 2608 3349 virtus
2721 3274 2994 3371 ubique

734 3398 811 3471 in
874 3423 1305 3496 quocunque
1362 3396 1657 3472 homine
1716 3405 1790 3472 et
1846 3406 2178 3496 tempore
2240 3399 2498 3475 eadem
2556 3407 2711 3493 est3
2753 3408 2831 3473 et
2870 3400 2996 3495 qui

737 3547 819 3598 se
855 3526 1086 3623 prius,
1127 3548 1345 3623 quam
1384 3524 1639 3598 hostes
1680 3524 1931 3616 vincit,
1974 3524 2245 3623 duplici
2287 3526 2530 3620 gloria
2569 3526 2840 3620 dignus
2881 3532 2997 3598 est

737 3649 1142 3727 habendus.
1239 3647 1583 3724 Ceterum
1642 3656 2036 3745 antequam
2102 3651 2476 3725 destinata
2549 3673 2993 3748 persequar,

734 3776 1216 3875 repetendum
1254 3774 1564 3863 videtur,
1609 3775 1852 3873 qualis
1893 3783 2132 3850 status
2174 3776 2582 3871 Ungariae‚
2659 3776 2827 3872 quis
2865 3774 2995 3848 ha·

731 3904 930 3979 bitus
983 3902 1551 4002 provinciarum,
1650 3903 1773 4000 qui
1826 3902 2038 3976 fines·
2066 3903 2358 3978 fuerint.
2455 3902 2654 3977 Utile
2714 3901 2861 3975 erit
2917 3910 2996 3975 et

738 4028 887 4103 alia
942 4052 1179 4124 regna
1237 4051 1675 4126 componere
1734 4053 1824 4103 ac
1858 4028 2350 4127 principatuS,
2389 4036 2470 4102 ut
2508 4027 2632 4125 qui
2671 4027 2992 4102 aliorum

728 4155 1060 4255 pericula
1122 4177 1330 4229 suam
1389 4154 1861 4228 securitatem
1898 4162 2280 4252 putavere,
2322 4155 2594 4229 similia
2629 4157 2990 4227 metuant.

733 4282 823 4355 In
936 4276 1277 4356 Inferiori
1373 4279 1713 4375 Ungaria
1826 4277 2058 4354 Giula
2153 4288 2313 4356 erat
2412 4278 2994 4355 remotissimum

732 4408 1118 4483 confinium
1194 4406 1524 4482 caesaris
1569 4405 1667 4480 ad
1770 4403 2064 4482 Crisum
2155 4431 2461 4500 amnem,
2540 4428 2995 4504 quamquam

744 4534 1324 4629 Vilagosvarum
1361 4556 1592 4631 usque
1612 4533 2140 4630 porrigeretur,
2179 4542 2498 4609 montem
2536 4533 2797 4608 Macra
2816 4555 2997 4607 ver-
