3293 5219
758 253 865 331 62

751 472 1051 569 eurique
1089 494 1234 545 non
1271 469 1650 569 proximos
1681 475 1989 561 tantum,
2027 466 2161 542 sed
2196 468 2394 545 intra
2432 490 2677 543 arcem
2716 468 3007 567 pleros-

750 622 892 695 que
949 598 1350 695 glandibus
1425 596 1945 690 conficiebant;
2007 619 2167 668 cum
2210 603 2519 693 repente
2557 596 2778 671 Dobo
2854 605 3006 672 tor·

751 732 998 800 menta
1037 730 1260 799 antea
1295 732 1769 823 praeparata,
1809 730 2031 818 atque
2053 722 2419 820 disposita
2459 722 2556 797 ad
2593 745 2849 798 omnes
2888 748 3008 797 ca-

750 873 878 926 sus
951 850 1026 923 in
1101 849 1361 925 turrim
1418 848 1701 939 emisit,
1781 855 2289 942 momentoque
2362 847 2592 921 turris
2666 849 2999 944 ingentis

749 978 1007 1052 ruinae
1063 977 1369 1073 fragore
1424 976 1695 1051 multos
1769 974 2091 1050 hostium
2165 974 2562 1072 oppressit,
2640 975 3008 1072 simulque

748 1102 987 1178 nostri
1023 1103 1424 1180 incubuere
1463 1126 1551 1177 eo
1590 1102 1856 1176 ardore
1886 1124 2200 1200 pugnae,
2222 1107 2303 1174 ut
2340 1103 2682 1197 quamvis
2720 1102 3009 1176 Emeri-

753 1253 884 1305 cus
924 1230 1151 1330 Nagy
1190 1231 1520 1306 centurio
1560 1227 1812 1305 multis
1853 1228 2283 1302 vulneribus
2346 1230 2677 1328 acceptis
2733 1227 3007 1304 illatis·

745 1380 906 1455 que,
943 1357 997 1432 J
1001 1356 1330 1433 ohannes
1387 1355 1698 1454 Posgay
1734 1354 1891 1452 pila
1947 1353 2250 1428 minoris
2297 1356 2640 1429 tormenti
2678 1354 2990 1429 cecidis-

752 1492 955 1574 sent,
1034 1479 1365 1582 Graspar·
1414 1482 1698 1557 Pethe6
1773 1503 2121 1556 saxorum
2213 1482 2555 1579 collapsu
2646 1490 3006 1558 contusus

750 1610 1095 1699 membra,
1140 1609 1296 1698 (cui
1335 1609 1586 1684 statim
1645 1607 2098 1682 Franciscus
2140 1608 2358 1682 Vitez
2401 1609 2783 1684 sublectus
2824 1612 3006 1701 est),

753 1732 850 1809 ad
903 1734 1348 1808 bolicianam
1406 1757 1585 1808 vero
1641 1734 1903 1809 turrim
1981 1731 2361 1830 Georgius
2406 1732 2716 1833 Gyulay
2792 1736 3001 1831 glan·

756 1859 847 1933 de
904 1856 1236 1935 confixus
1276 1870 1517 1954 esset,
1594 1861 1835 1936 medio
1901 1863 2061 1960 jam
2120 1861 2263 1935 diei
2333 1871 2515 1956 erat,
2575 1863 2833 1939 hostes
2875 1885 3005 1936 ex-

757 1986 1127 2083 pellerent
1237 1994 1458 2085 atque
1514 1988 2017 2094 exturbarent,
2126 1996 2505 2085 postremo
2598 1989 2673 2062 in
2748 1989 3008 2083 fugam

757 2113 1213 2212 praecipites
1292 2114 1531 2212 captis
1589 2114 1876 2211 aliquot
1962 2114 2257 2191 vexillis
2341 2115 2789 2211 redigerent.
2886 2112 3012 2187 Ex

759 2240 1037 2316 nostris
1079 2241 1293 2315 multi
1352 2240 1776 2333 desiderati,
1852 2238 2059 2315 multi
2117 2240 2529 2333 vulnerati,
2608 2241 2741 2316 sed
2781 2240 3013 2338 longe

754 2368 990 2462 maior
1048 2389 1395 2442 numerus
1452 2366 1795 2457 hostium,
1853 2390 2015 2442 cum
2069 2364 2348 2442 nullum
2407 2367 2480 2441 in
2548 2366 3008 2443 confertissi-

764 2518 882 2568 ma
955 2494 1116 2569 acie
1191 2495 1440 2587 telum,
1519 2501 1649 2570 aut
1721 2494 1920 2589 ignis
1994 2493 2319 2585 missilis,
2400 2516 2613 2590 quem
2670 2492 3012 2568 certatim

759 2620 836 2693 in
875 2643 1131 2695 omnes
1171 2631 1429 2719 partes
1468 2621 1983 2715 effundebant,
2038 2646 2275 2698 vanus
2331 2621 2828 2697 intercideret.
2882 2620 3009 2696 Ab

757 2754 1028 2841 quarta
1065 2748 1299 2840 ruina,
1375 2771 1566 2845 quae
1633 2749 1729 2823 ad
1804 2748 2180 2825 civitatem
2238 2757 2425 2840 erat,
2506 2748 3008 2823 bebekianum

753 2867 1040 2945 scilicet
1076 2875 1732 2971 propugnaculum,
1811 2874 2006 2971 quod
2044 2882 2512 2950 restauratas
2563 2875 3007 2949 munitiones

752 2995 904 3070 alto
978 2997 1180 3073 vallo
1257 3000 1679 3093 cernebant,
1769 3001 2115 3097 aggressi
2191 3025 2336 3077 non
2418 3009 2610 3076 sunt.
2688 2999 3009 3092 Postera

757 3119 875 3194 die
933 3123 1239 3199 nuncius
1300 3149 1460 3200 cum
1516 3125 1789 3202 litteris
1832 3126 2097 3203 iterum
2134 3127 2639 3221 intromissus,
2697 3150 3004 3223 quarum

745 3244 875 3319 ille
913 3257 1200 3347 partem
1274 3251 1639 3327 devorare
1705 3255 1989 3348 jussus,
2030 3262 2244 3352 parte
2280 3253 2439 3349 igni
2515 3253 2857 3329 ambusta
2926 3253 3003 3326 in

747 3376 1226 3475 compedibus
1298 3376 1568 3451 ferreis
1606 3378 1945 3454 obscuris
1995 3379 2420 3454 carceribus
2475 3379 2814 3454 reclusus
2855 3388 2994 3471 est,

746 3527 893 3601 qua
932 3504 1050 3579 die
1089 3504 1277 3580 muri
1311 3502 1757 3602 palatiorum
1796 3505 2484 3597 diverberabantur,
2521 3506 2597 3579 in
2635 3528 2778 3602 quo
2828 3505 2993 3582 loco

746 3636 821 3704 et
892 3638 1196 3729 praetor
1253 3629 1577 3705 civitatis
1653 3639 1727 3704 et
1788 3629 2136 3707 Andreas
2194 3631 2451 3706 Deak·
2474 3631 2629 3729 pila
2687 3633 2994 3727 maj0ris

745 3757 1094 3832 tormenti
1132 3757 1499 3846 interiere,
1540 3781 1630 3830 ac
1667 3755 2009 3854 plerique
2065 3759 2401 3834 sauciati.
2443 3757 2729 3849 Quibus
2768 3758 2995 3832 rebus

746 3883 1082 3960 omnibus
1122 3907 1282 3960 cum
1321 3882 1506 3958 nihil
1544 3882 1989 3980 effecissent,
2012 3887 2345 3963 omnibus
2384 3887 2637 3976 ferme,
2689 3908 2878 3981 quae
2918 3886 2994 3959 in

745 4008 1051 4110 Europa
1093 4018 1282 4104 sunt,
1345 4011 1621 4108 lingvis
1664 4012 2168 4107 succedentes,
2211 4012 2544 4087 certatim
2584 4010 2999 4087 conclama-

743 4135 961 4229 bant,
1001 4138 1129 4212 alii
1166 4145 1433 4213 metum
1473 4145 1547 4213 et
1584 4146 1846 4214 cuncta
1919 4147 2288 4230 extrema,
2327 4136 2457 4212 alii
2492 4137 2883 4236 promissa,
2925 4138 2992 4212 si

746 4284 989 4337 arcem
1030 4264 1383 4341 dederent
1420 4293 1437 4339 ε
1470 4289 1562 4341 ex
1602 4290 1745 4365 quo
1806 4275 2135 4342 secutum
2194 4274 2311 4340 est
2347 4263 2545 4339 haud
2595 4265 2761 4339 leve
2798 4265 2994 4362 peri-

745 4387 1012 4483 culum,
1087 4391 1301 4466 unius
1373 4391 1704 4491 perfidia.
1834 4392 1981 4468 Hic
2052 4393 2188 4468 fuit
2262 4387 2687 4489 Stephanus
2744 4389 2997 4487 Hege-

749 4511 931 4590 deos
1005 4510 1320 4613 Georgii
1376 4513 1664 4616 Seredy
1714 4517 2042 4617 peditum
2097 4519 2283 4611 dux,
2339 4516 2464 4614 qui
2500 4517 2595 4593 ab
2632 4515 2993 4593 foramine
