3293 5219
2306 302 2463 385 365

212 505 538 605 spatium
597 505 1028 581 effluxisset.
1075 507 1184 580 Re
1227 508 1330 582 ita
1369 510 1463 584 ad
1502 513 1902 609 perniciem
1940 517 2256 597 hostium
2295 549 2463 622 pro-

210 640 492 724 curata,
549 633 971 730 praefectus
1030 657 1185 708 cum
1228 626 1407 710 'suis
1466 662 1555 712 ex
1618 663 1790 713 arce
1846 652 2067 719 noctu
2129 650 2318 725 clam
2375 675 2459 727 se

206 760 569 835 subducit.
633 758 1056 854 Insequenti
1132 782 1292 833 cum
1360 764 1652 839 Turcae
1712 788 2056 862 magnum
2093 774 2463 853 silentium

207 886 281 959 in
339 908 517 958 arce
591 904 759 956 esse
835 882 1556 973 animadvertissent,
1651 914 1968 991 propere
2045 899 2461 997 adcurrunt,

206 1033 457 1086 arcem
494 1009 721 1083 scalis
761 1008 1074 1083 admotis
1132 1017 1622 1090 conscensuri.
1701 1018 1844 1110 Qui
1885 1035 2236 1123 superata
2284 1054 2458 1105 arce

208 1136 601 1227 exteriore,
673 1136 838 1210 dum
913 1157 1164 1211 omnes
1203 1140 1458 1213 turrim
1534 1165 1669 1240 spe
1708 1150 2099 1243 opulentae
2134 1157 2462 1251 praedae

212 1263 598 1353 accedunt,
658 1261 949 1335 interim
1042 1263 1288 1359 pulvis
1347 1270 1794 1363 accenditur,
1896 1277 2461 1381 universamque

207 1391 479 1465 molem
517 1412 665 1462 una
706 1409 868 1460 cum
926 1388 1195 1463 Turcis
1271 1392 1345 1464 in
1384 1374 1629 1470 aissrem
1691 1398 1987 1496 disjicit,
2046 1406 2172 1479 ubi
2208 1410 2462 1505 plures

211 1512 478 1590 CCCC
518 1513 785 1587 misere
825 1514 1220 1595 exanimati
1260 1528 1447 1593 sunt.

427 1638 698 1715 Castro
757 1639 1056 1713 Deedes
1094 1641 1188 1715 ab
1270 1644 1538 1720 Turcis
1615 1650 1709 1723 ob
1785 1653 2068 1729 ruinam
2144 1659 2462 1755 deserto,

211 1769 575 1841 Hazanus
651 1763 747 1838 ad
824 1763 1229 1841 Putnocum
1305 1775 1696 1849 castellum
1757 1788 2005 1855 castra
2059 1799 2463 1880 promovet.

209 1894 312 1970 At
371 1890 698 1967 Micha‘ol
736 1892 1400 1992 Temesvariensis,
1421 1903 1865 1997 praefectus,
1925 1930 2084 1980 cum
2132 1934 2270 2008 per
2306 1922 2461 1988 tres

208 2020 370 2094 dies
413 2018 871 2094 obsidionem
910 2017 1333 2113 tolerasset,
1393 2031 1619 2119 pacta
1660 2028 1804 2102 sibi
1845 2039 1920 2104 et
1958 2030 2312 2119 militibus
2354 2038 2460 2110 in-

204 2146 631 2219 columitate
691 2145 990 2220 dedidit.
1024 2146 1272 2222 Tanta
1312 2150 1503 2224 mole
1571 2154 1748 2227 belli
1791 2158 2011 2233 etiam
2054 2161 2278 2235 vicini
2319 2173 2460 2239 ter-

202 2273 371 2361 riti,
476 2269 809 2346 castellis
885 2271 1168 2367 Finke,
1266 2282 1338 2348 et
1409 2274 1834 2373 Gagibator
1891 2284 2212 2380 relictis,
2310 2292 2458 2364 alio

202 2399 632 2473 securitatis
707 2422 930 2474 causa
968 2401 1474 2497 profugerunt.
1500 2402 1666 2507 Sed
1707 2410 2090 2484 castellum
2150 2411 2460 2491 Vadaaz

202 2523 529 2621 Georgii
588 2523 885 2623 Racocy
922 2547 1065 2599 non
1102 2527 1308 2626 prius
1331 2528 1704 2605 desertum
1746 2543 1879 2628 est,
1922 2560 2139 2633 quam
2179 2539 2460 2618 utillud

203 2653 385 2749 igne
424 2651 529 2725 ita
588 2660 792 2725 esset
849 2662 1282 2751 correptum,
1343 2664 1422 2730 ut
1478 2658 1749 2733 milites
1801 2660 2144 2740 aflammae
2185 2667 2459 2744 violen-

202 2780 384 2855 tiam
443 2777 717 2853 diutius
772 2780 1093 2855 tolerare
1153 2806 1296 2855 non
1351 2795 1677 2879 possent.
1722 2784 2223 2867 Circumventi
2279 2795 2452 2892 igne

203 2930 342 3003 per
381 2905 754 2978 confertos
794 2902 1047 2981 hostes
1070 2919 1472 3004 erumpunt,
1493 2912 1618 2986 ubi
1661 2938 1914 2990 omnes
1954 2917 2249 2994 fortiter
2288 2943 2458 2997 sese

209 3031 690 3107 defendentes
786 3035 1301 3127 occubuerunt,
1341 3058 1484 3111 uno
1526 3037 1643 3113 vel
1704 3041 1939 3116 altero
2001 3055 2331 3141 excepto.
2373 3050 2460 3122 In

215 3183 416 3257 pago
456 3167 699 3234 autem
752 3160 1053 3254 Inanch,
1094 3162 1167 3234 in
1246 3186 1387 3260 quo
1428 3165 1684 3240 rustici
1725 3171 2072 3267 templum
2112 3174 2461 3250 mediocri

207 3294 420 3382 septo
517 3285 945 3379 munierant,
1059 3311 1291 3384 usque
1386 3291 1480 3364 ad
1542 3301 1850 3368 mortem
1947 3296 2450 3376 defenderunt.

206 3411 373 3485 Non
451 3410 866 3486 absimilem
958 3437 1259 3511 operam
1354 3425 1718 3492 navarunt
1774 3419 1847 3492 in
1905 3425 2216 3497 castello
2297 3428 2452 3501 Mo-

205 3559 414 3628 nac0,
492 3537 686 3632 quod
795 3545 910 3612 est
989 3539 1312 3616 familiae
1406 3543 1949 3645 Monaciorum3
2028 3551 2160 3623 sed
2238 3553 2457 3627 etiam

206 3663 347 3759 ipsi
440 3670 645 3738 tanto
739 3661 933 3739 hosti
1046 3668 1620 3764 succubuerunt;
1733 3670 1806 3744 111
1919 3698 2059 3770 quo
2136 3678 2458 3754 Micha'e'l

202 3790 590 3865 Monacius
678 3790 888 3866 vivus
987 3793 1060 3866 in
1170 3802 1611 3891 potestatem
1669 3797 1987 3873 hostium
2066 3805 2284 3880 venit.
2344 3805 2454 3880 Si-

201 3916 444 3990 milem
538 3917 803 3992 lusum'
864 3920 936 3992 in
1034 3921 1340 3994 castello
1455 3921 1803 4022 Horvaty
1876 3927 2229 4004 luserunt.
2337 3957 2453 4006 cu-

192 4046 319 4139 jus
416 4042 748 4117 dominus
847 4045 1067 4118 etiam
1108 4048 1202 4120 ab
1316 4047 1653 4123 hostibus
1750 4061 2008 4148 captus
2083 4064 2218 4149 est,
2308 4066 2452 4133 tru-

210 4168 480 4244 cidatis
557 4170 724 4244 aliis
820 4172 1176 4246 omnibus.
1237 4173 1525 4248 Deinde
1586 4176 1682 4248 ad
1723 4177 2072 4271 Tornam,
2132 4181 2449 4279 Regem,

204 4292 664 4386 Cassoviam,
778 4295 1127 4392 Agriani,
1241 4307 1312 4373 et
1423 4298 1987 4394 Senderoviam,
2103 4308 2446 4407 quicquid

208 4419 507 4505 ditionis
639 4432 831 4512 erat,
945 4425 1115 4519 igne
1226 4428 1569 4522 ferroque
1628 4436 1898 4502 vastat.
2039 4431 2194 4506 XII
2290 4435 2449 4509 mil-

202 4547 301 4619 lia
418 4547 738 4644 capitum
851 4550 1328 4626 humanorum
1380 4554 1452 4625 in
1545 4541 1975 4630 servitutem
2086 4547 2451 4657 abegisse
