3293 5219
2475 294 2527 375 3

287 504 448 604 equi
468 561 486 598 ,
545 527 789 596 arma,
846 523 1175 602 opesque
1211 502 1288 577 in
1326 504 1781 603 amplissimo
1819 508 2526 610 opulentissimoque

292 654 520 729 regno
597 630 1210 731 suppeditabant:
1288 655 1424 706 nec
1471 632 1767 708 virtutis
1822 636 2288 732 poenitebat,
2364 662 2527 715 cum

284 760 490 856 regni
552 759 944 857 gentisque
1001 767 1075 833 et
1111 781 1372 833 nomen
1440 766 1514 833 et
1550 758 1775 835 decus
1820 784 1906 836 eo
1936 765 2096 859 ¹iam
2115 764 2526 842 recidisset.

285 885 387 962 At
420 887 499 961 in
557 884 942 986 Superiori
996 884 1373 982 Ungaria,
1432 910 1520 961 ac
1578 884 2197 966 Cis-Danubiana
2251 892 2532 967 Trans-

283 1013 915 1112 Danubianaque,
991 1020 1209 1110 atque
1249 1012 1551 1111 Illyrico
1591 1037 1754 1095 cum
1793 1039 2106 1094 excessu
2142 1017 2195 1093 J
2199 1018 2531 1114 ohannis,

282 1142 594 1241 primum
649 1140 861 1216 Buda
913 1138 1134 1238 periit
1207 1162 1366 1215 cum
1423 1142 1870 1219 exercitibus
1947 1147 2390 1241 germanicis
2446 1169 2535 1220 ac

286 1268 683 1344 ditionibus
723 1267 1184 1360 danubianis‚
1242 1276 1317 1341 et
1350 1268 1725 1365 plerisque
1784 1270 1989 1345 aliis:
2046 1273 2261 1349 immo
2301 1297 2533 1369 regna

285 1398 470 1495 ipsa,
513 1417 705 1491 quae
743 1393 840 1468 ad
878 1392 1427 1468 Ferdinandum
1466 1393 1957 1486 desciverant,
2009 1399 2256 1475 statim
2295 1400 2369 1474 in
2405 1422 2532 1499 po-

287 1528 632 1598 testatem
689 1518 1072 1619 Solymani
1146 1520 1635 1615 devenerunt,
1713 1530 1787 1598 et
1822 1523 1876 1599 J
1880 1523 2124 1617 aicza,
2199 1534 2273 1600 et
2327 1524 2537 1601 Scla-

289 1649 528 1740 mnia,
586 1655 661 1721 et
697 1645 1026 1743 Oroatia,
1084 1658 1158 1722 et
1195 1645 1673 1743 Strigonium,
1732 1655 1805 1723 et
1842 1648 2045 1727 Alba
2077 1650 2411 1747 Regalis,
2463 1660 2537 1728 et

289 1774 722 1867 Soclosium,
761 1782 835 1849 et
875 1775 1265 1872 Valpovia,
1285 1772 2002 1873 innumerabilesque
2040 1800 2255 1853 arces
2316 1788 2535 1876 atque

288 1902 582 2002 oppida,
632 1924 795 1976 cum
832 1901 1208 1976 immensis
1266 1902 1684 1977 ditionibus.
1743 1903 1981 1999 Igitur
2036 1907 2377 2001 quamdiu
2430 1916 2539 1983 tu-

289 2037 488 2103 tores
544 2036 766 2126 atque
827 2028 1087 2124 regina
1126 2026 1528 2102 concordes
1566 2051 1926 2122 mansere,
1966 2031 2308 2126 viguere:
2371 2054 2538 2107 mox

289 2154 503 2230 unius
541 2155 853 2230 hominis
909 2179 1001 2231 ex
1040 2177 1279 2252 prava
1335 2163 1410 2230 et
1446 2155 1881 2253 inexplebili
1941 2157 2337 2233 ambitione
2376 2168 2541 2234 orta

292 2282 606 2380 perfidia
678 2304 906 2378 seque
979 2305 1433 2381 regnumque
1488 2306 1854 2381 praeceps
1918 2284 2138 2359 dedit.
2199 2284 2349 2360 Sed
2423 2308 2537 2360 se-

294 2411 488 2485 mina
527 2417 765 2484 motus
819 2431 1010 2483 anno
1049 2432 1238 2483 nono
1298 2417 1372 2497 et
1408 2408 1976 2506 quadragesimo
2033 2436 2080 2485 a
2117 2420 2335 2509 partu
2374 2412 2541 2487 Vir·
2652 2416 2661 2425 “

294 2538 511 2635 ginis,
551 2559 780 2634 supra
798 2537 1262 2612 millesimum
1302 2544 1375 2612 et
1394 2536 2054 2635 quingentesimum
2077 2540 2306 2635 jacta.
2349 2539 2543 2616 Nam

297 2665 588 2759 Petrus,
630 2666 798 2739 dum
835 2665 1296 2764 perspiceret
1334 2688 1516 2762 opes
1565 2666 1782 2762 regni
1837 2686 1983 2739 non
2020 2666 2096 2739 in
2149 2667 2540 2764 publicum,

295 2816 532 2891 neque
587 2791 793 2887 regis
849 2813 1059 2866 usum
1097 2790 1444 2884 converti,
1504 2790 1637 2865 sed
1677 2791 1772 2865 ad
1809 2791 2220 2887 augendam
2258 2794 2543 2892 propri-

297 2945 414 2995 am
450 2917 855 3017 potentiam
894 2916 1246 3013 distrahi;
1319 2924 1470 2992 tum
1508 2918 1729 2992 etiam
1766 2941 1859 2991 ne
1897 2925 2130 2991 morte
2169 2920 2369 3014 ejus,
2438 2920 2543 2994 in-

300 3053 503 3121 certa
541 3043 986 3119 familiarum
1024 3043 1188 3136 fide,
1235 3043 1565 3118 thesauri
1605 3044 2181 3140 dissiparentur:
2223 3046 2544 3138 volebat,

302 3180 380 3249 ut
414 3194 598 3270 opes
654 3169 868 3265 regni
908 3176 1127 3267 atque
1167 3169 1498 3244 thesauri
1555 3170 1652 3244 ab
1693 3170 1955 3245 electis
2004 3170 2099 3244 ad
2138 3171 2543 3247 custodiam

308 3295 971 3397 praestantissimis
1007 3296 1421 3372 hominibus
1476 3296 1727 3371 adulto
1765 3298 1928 3395 regi
1984 3300 2545 3392 cumularentur,

306 3431 1088 3520 conservarenturque.
1146 3423 1251 3499 At
1290 3422 1668 3520 Georgius
1726 3419 1834 3522 (ut
1872 3432 2034 3500 erat
2088 3446 2363 3500 avarus
2438 3434 2546 3501 at-

305 3576 444 3652 que
503 3550 938 3626 ambitiosus
1012 3557 1086 3625 et
1147 3552 1499 3650 suspicax
1521 3546 1568 3649 ‚)
1623 3574 1771 3626 non
1808 3550 2022 3626 modo
2058 3552 2375 3644 retinuit,
2415 3551 2548 3627 sed

304 3682 376 3754 in
416 3676 858 3753 deteriorem
889 3683 1175 3775 partem
1212 3677 1742 3776 interpretatus
1780 3685 1916 3752 est.
1975 3676 2268 3752 Tantae
2305 3685 2546 3753 autem

306 3802 678 3905 potentiae
718 3810 913 3899 erat,
982 3805 1105 3901 qui
1169 3827 1478 3900 regnum
1516 3805 2005 3900 gubernaret,
2080 3804 2186 3879 uti
2224 3805 2320 3880 ad
2358 3827 2546 3879 sum-

308 3956 501 4009 mum
537 3929 1026 4029 splendorem,
1085 3953 1585 4028 summamque
1625 3928 2060 4028 dignitatem
2116 3930 2298 4005 nihil
2334 3954 2547 4028 prae-

312 4069 423 4136 ter
460 4056 746 4154 regium
782 4080 1044 4134 nomen
1082 4057 1399 4133 deesset.
1435 4057 1731 4155 Regina
1766 4080 1982 4150 ver0,
2039 4056 2156 4131 cui
2195 4056 2319 4131 vix
2358 4079 2549 4134 sum-

308 4196 427 4263 tus
482 4185 581 4261 ad
634 4185 1118 4261 necessitates
1177 4187 1391 4261 aulae
1446 4192 1959 4285 suppeterent,
2035 4184 2424 4261 avaritiam
2481 4195 2557 4262 et

307 4313 712 4414 potentiam
764 4310 1077 4410 Georgii
1116 4313 1526 4410 aegerrime
1562 4313 1889 4398 ferebat,
1947 4319 2022 4387 et
2056 4312 2131 4386 in
2171 4310 2553 4388 Poloniam

310 4442 518 4519 abire
556 4440 972 4538 cogitabat,
1045 4440 1187 4516 nisi
1225 4441 1572 4539 precibus
1621 4448 1697 4516 et
1732 4440 2120 4540 promissis
2177 4440 2555 4516 amborum

317 4577 655 4663 tutorum,
715 4567 1199 4663 gliscentibus
1225 4569 1385 4664 jam
1440 4567 1629 4643 inter
1694 4589 1864 4643 sese
1922 4566 2113 4643 odiis
2135 4565 2558 4749 ,pcohibita
