3293 5219
722 266 880 348 336

720 491 915 568 dere.
975 481 1335 562 Germani
1393 479 1720 575 tendere,
1761 504 2035 558 coenas
2079 506 2370 581 parare,
2409 482 2593 560 nihil
2630 507 2727 560 ex
2763 483 2983 562 solito

719 617 1112 696 remittere.
1168 609 1636 730 Temulentia
1674 634 1765 685 ac
1802 632 2058 687 somno
2114 609 2262 687 dux
2335 612 2695 711 milesque
2768 620 2985 690 nocte

722 749 1124 848 protracta,
1144 739 1373 813 multa
1409 738 1573 813 luce
1619 738 1917 837 paulum
1954 740 2360 837 progressi.
2400 741 2573 817 Non
2611 741 2759 817 dux
2798 740 2986 817 mili-

723 884 872 951 tem
926 867 1250 967 alloquio
1306 867 1619 958 firmare,
1730 889 1874 942 non
1929 866 2142 943 miles
2196 868 2451 944 ducem
2488 892 2823 963 noscere,
2861 893 2987 945 va-

726 1001 826 1100 gi,
884 1006 957 1074 et
1027 993 1381 1070 inconditi
1446 992 1606 1068 sine
1682 993 1988 1093 imperio
2034 994 2112 1068 in
2148 996 2347 1071 valle
2384 996 2601 1072 trium
2674 995 2987 1070 millium

722 1125 966 1227 spatio
1006 1119 1510 1216 Alba-Regali
1548 1142 1719 1196 sese
1760 1121 2152 1218 abdidere;
2189 1122 2601 1221 praemisso
2642 1121 2985 1222 Georgio

722 1256 935 1353 Tury
1008 1275 1168 1328 cum
1242 1247 1609 1345 equitibus
1664 1249 1970 1347 ungaris
2056 1259 2363 1326 centum.
2418 1252 2560 1327 Ille
2613 1260 2828 1328 ratus
2867 1274 2983 1326 se-

720 1390 1047 1458 cuturum
1117 1375 1537 1465 exercitum,
1575 1375 1777 1452 haud
1834 1378 2097 1475 procul
2135 1378 2406 1453 castris
2444 1378 2766 1454 hostium
2805 1376 2984 1452 ade-

722 1509 1039 1609 quitans,
1078 1502 1437 1580 neminem
1472 1501 1790 1577 hostium
1831 1502 2226 1579 adversum
2283 1501 2558 1579 habuit.
2595 1503 2790 1578 Nam
2832 1526 2987 1577 ma·

710 1640 879 1736 jore
918 1641 1131 1734 parte
1172 1629 1269 1706 ad
1287 1628 1786 1728 populandum
1823 1631 2182 1729 profecta,
2223 1631 2408 1705 satis
2445 1630 2830 1706 habebant
2869 1652 2987 1704 ca-

725 1760 1339 1839 strassdefendere.
1379 1758 1551 1833 Dux
1589 1764 1753 1833 erat
1842 1756 2334 1856 expeditionis
2372 1758 2693 1834 Ecchius
2732 1778 2987 1834 comes

717 1918 766 1967 a
821 1888 1111 1981 Salmis,
1150 1885 1346 1985 apud
1419 1884 1975 1982 egentissimum
2047 1884 2452 1984 principem
2508 1883 2986 1984 prodigentia

719 2019 997 2110 clarus,
1034 2011 1393 2089 bellorum
1469 2010 1612 2086 nisi
1651 2010 1728 2085 in
1764 2009 2122 2086 conviviis
2193 2012 2521 2108 ignarus,
2613 2008 2981 2086 sermonis

721 2142 1008 2237 nimius,
1050 2138 1246 2238 quod
1281 2137 1477 2235 apud
1513 2136 1849 2213 indoctos
1889 2138 2200 2215 scientia
2234 2139 2495 2233 videri,
2535 2146 2609 2214 et
2643 2138 2979 2236 praefec-

715 2279 883 2348 tura
944 2266 1307 2367 jauriensi
1400 2266 1662 2341 aderat
1735 2264 2158 2342 auctoritas.
2216 2264 2524 2340 Amissa
2596 2274 2748 2340 tam
2827 2264 2980 2340 foe-

717 2398 808 2474 de
830 2403 835 2408 ’
846 2397 1241 2495 praeclara
1313 2394 1728 2487 occasione,
1767 2393 2189 2470 cumulatim
2265 2392 2552 2468 infinita
2608 2393 2808 2466 mala
2848 2417 2976 2489 ag-

716 2524 1244 2624 gregabantur,
1320 2513 1975 2620 audiebanturque,
2048 2520 2556 2596 frendentibus
2612 2521 2976 2614 omnibus,

713 2653 909 2752 quod
963 2652 1039 2727 in
1091 2650 1227 2726 tali
1282 2649 1674 2726 occasione
1728 2657 1803 2725 et
1856 2649 1931 2724 in
2008 2650 2195 2725 tanti
2250 2650 2563 2725 nominis
2620 2651 2976 2742 exercitu,

711 2802 1078 2876 nunquam
1151 2776 1441 2851 unicum
1480 2773 1765 2852 hostem
1796 2777 2190 2854 adversum
2228 2778 2348 2853 vel
2384 2801 2688 2854 cernere
2728 2779 2976 2854 licuis-

713 2913 849 2984 set.
904 2906 1100 2982 Nam
1180 2912 1601 3003 expugnato
1678 2902 1936 3002 Sigeto
2027 2913 2103 2980 et
2176 2904 2549 3003 occupatis
2641 2906 2977 2981 Babocia

714 3033 1027 3130 aliisque
1118 3030 1451 3106 castellis
1564 3038 1788 3129 atque
1860 3032 2180 3126 arcibus,
2254 3032 2520 3128 ingens
2593 3032 2978 3131 populatio

712 3166 1025 3256 sequuta
1061 3165 1195 3234 est:
1234 3182 1463 3257 supra
1500 3158 1656 3233 XX
1728 3158 1962 3234 millia
1998 3157 2485 3233 humanorum
2524 3158 2847 3257 capitum
2895 3160 2967 3232 in

716 3283 1179 3362 comitatibus
1290 3284 1722 3382 simigiensi,
1779 3284 2209 3379 zaladiensi,
2321 3292 2395 3360 et
2469 3281 2968 3364 Castriferrei‚

723 3413 798 3489 in
860 3411 1290 3488 servitutem
1329 3409 1672 3504 abducta,
1712 3420 1787 3487 et
1813 3412 2096 3510 praeda
2151 3412 2435 3507 ingens.
2478 3411 2972 3508 vagabantur

721 3541 913 3616 enim
949 3539 1209 3614 hostes
1247 3539 1469 3636 longe
1505 3538 1807 3635 lateque
1845 3538 2006 3613 sine
2043 3546 2242 3614 metu
2280 3539 2374 3613 ob
2434 3538 2967 3615 multitudinem

717 3672 792 3740 et
843 3673 1261 3744 nostrorum
1318 3674 1610 3742 metum.
1667 3664 2001 3740 Tandem
2058 3688 2151 3740 ex
2224 3664 2494 3741 castris
2548 3666 2789 3741 serius
2867 3666 2966 3739 di-

717 3793 967 3889 gressi
1006 3790 1384 3890 Georgius
1424 3796 1657 3893 Tury,
1714 3792 2168 3868 Franciscus
2227 3792 2553 3883 Teorek,
2593 3798 2669 3866 et
2706 3791 2966 3866 Ladis·

714 3920 882 3995 laus
905 3917 1261 4017 Giulaffy,
1304 3921 1586 3998 duobus
1605 3921 1792 3997 locis
1814 3921 2243 4019 duobusque
2279 3919 2593 4020 praeliis
2631 3919 2730 3994 ad
2767 3917 2964 3995 mille

722 4047 1132 4141 caecidere,
1210 4054 1338 4122 aut
1375 4070 1659 4146 cepere.
1706 4049 1909 4122 Inter
1949 4071 2140 4145 quae
2181 4045 2666 4143 conflagratio
2705 4047 2964 4121 civita-

720 4170 817 4245 tis
866 4173 1293 4268 Jauriensis,
1349 4174 1541 4250 forte
1656 4199 1750 4249 an
1809 4183 1975 4251 astu
2030 4174 2271 4249 hostis
2362 4174 2742 4266 incertum,
2801 4198 2963 4248 nam

716 4304 1103 4397 utrumque
1142 4299 1535 4392 affirmant,
1590 4308 1942 4398 tanquam
1999 4301 2419 4398 prodigium
2456 4309 2677 4400 atque
2719 4301 2964 4375 divina

715 4422 849 4514 ira,
904 4423 1224 4500 incertos
1318 4424 1610 4501 consilii
1706 4433 2178 4524 amentesque
2268 4452 2522 4504 omnes
2596 4427 2960 4503 effecerat.

718 4546 1091 4623 Universa
1128 4549 1485 4646 siquidem
1544 4552 1804 4628 civitas
1842 4560 2109 4650 puncto
2158 4554 2513 4653 temporis
2548 4554 2625 4628 in
2662 4552 2956 4628 nibilum
