3293 5219
2357 350 2512 429 393

269 591 544 666 magna
601 572 880 644 auxilia
948 572 1538 666 contribuerant,
1597 577 1810 645 erant
1866 577 1939 644 ct
1996 568 2382 645 Gallorum
2440 576 2513 644 et

266 697 672 793 Belgarum
750 721 1063 794 magnae
1139 707 1212 772 et
1278 698 1567 796 quidem
1623 696 2239 773 instructissimae
2314 695 2511 794 apud

264 845 431 896 eum
491 822 770 919 copiae.
889 820 1037 897 Sed
1113 847 1273 899 cum
1358 824 1653 898 omissis
1723 823 1830 898 rei
1886 825 2076 897 bene
2134 822 2512 917 gerendae

262 948 498 1023 initiis
552 972 810 1046 parum
856 952 1013 1046 jam
1054 952 1127 1024 in
1186 952 1452 1048 Belgio
1509 973 1737 1050 posse
1774 947 2136 1050 proficere
2194 954 2516 1047 putaret,

257 1075 335 1147 in
377 1073 709 1149 Galliam
750 1076 845 1151 ad
884 1073 1347 1152 Condensem
1405 1079 1804 1153 exercitum
1841 1076 2189 1168 traduxit,
2227 1084 2308 1149 ut
2345 1098 2512 1149 con·

259 1202 457 1275 fecto
514 1200 616 1275 ibi
673 1203 894 1293 bello,
937 1204 1344 1300 conjunctis
1401 1205 1684 1279 viribus
1739 1205 2004 1278 iterum
2059 1203 2136 1276 in
2174 1201 2514 1298 Belgium

259 1326 576 1423 rediret3
636 1329 770 1402 sed
813 1329 888 1402 id
943 1331 1226 1405 frustra
1263 1330 1422 1424 fuit,
1484 1355 1648 1406 cum
1704 1331 1780 1403 in
1841 1327 2118 1403 Galliis
2175 1327 2515 1425 opinione

275 1453 596 1526 omnium
635 1456 803 1552 plus
845 1455 1146 1530 duraret
1182 1457 1476 1531 bellum.
1519 1455 1897 1552 Siquidem
1934 1479 2067 1553 per
2105 1452 2296 1528 idem
2335 1460 2515 1527 tem-

262 1600 408 1675 pus
468 1579 788 1652 maxima
828 1578 1035 1653 bella
1092 1587 1312 1675 gesta
1352 1592 1521 1657 sunt
1577 1583 1653 1656 in
1695 1579 1994 1673 Galliis,
2034 1601 2225 1676 quae
2265 1577 2516 1652 statim

268 1715 688 1804 eruperunt,
749 1707 964 1781 simul
1021 1716 1241 1804 atque
1309 1709 1648 1784 Albanus
1705 1707 2051 1785 hostilem
2111 1704 2516 1804 expeditio-

265 1855 432 1906 nem
474 1833 550 1906 in
587 1834 928 1930 Belgium
969 1835 1325 1909 ductaret.

484 1957 664 2032 Pius
707 1959 799 2034 V.
843 1962 1033 2034 enim
1080 1962 1413 2059 pontifex
1434 1961 1801 2035 maximus
1839 1983 1880 2034 e
1919 1955 2259 2054 belgicae
2280 1953 2516 2028 cladis

273 2085 669 2159 occasione
725 2087 1006 2183 foedus,
1048 2097 1125 2162 ut
1164 2085 1552 2176 vocabant,
1614 2091 2222 2174 sacro-sanctum,
2260 2080 2350 2155 de
2391 2102 2515 2154 ex-

270 2210 679 2308 stirpandis
739 2213 1136 2288 haereticis
1194 2215 1465 2312 incepit
1504 2212 2021 2289 ardentissime
2078 2207 2516 2299 sollicitare,

274 2336 528 2410 missis
605 2337 700 2411 ad
775 2361 1025 2413 omnes
1108 2349 1538 2438 potentatus
1595 2338 1910 2435 legatis,
1968 2343 2041 2410 et
2096 2333 2515 2422 cruciatam,

263 2460 420 2559 jam
460 2462 745 2560 pridem
786 2465 1130 2539 obsoleta
1167 2491 1524 2566 paparum
1580 2464 1908 2554 fulmina,
1951 2469 2112 2536 erat
2148 2460 2220 2533 in
2261 2459 2516 2534 orbem

277 2588 758 2664 christianum
819 2591 1302 2685 immissurus,
1344 2594 1417 2667 ni
1458 2589 1905 2668 verecundia
1956 2584 2306 2685 aliqualis
2344 2582 2515 2658 reti-

281 2714 590 2806 nuisset,
616 2717 810 2812 quod
848 2717 1064 2792 nimis
1103 2721 1421 2814 cognita,
1443 2728 1516 2793 et
1534 2742 1793 2817 parum
1832 2717 2219 2817 profutura
2255 2708 2521 2787 intelli·

270 2849 505 2936 geret.
548 2842 600 2917 J
604 2842 971 2916 ubilaeum
1018 2852 1262 2919 tamen
1301 2845 1585 2937 indixit,
1610 2869 1699 2918 ac
1737 2841 2060 2917 dimissis
2098 2864 2233 2939 per
2274 2836 2517 2911 omnia

268 2992 506 3064 regna
561 2968 1081 3065 diplomatibus
1141 2973 1422 3060 (bullas
1482 2974 1787 3059 vocant)
1848 2978 2219 3065 tamquam
2260 2962 2519 3040 classi-

271 3116 434 3167 cum
475 3093 570 3166 ad
609 3093 1117 3168 concitandum
1155 3096 1230 3169 in
1287 3095 1829 3170 christianitate
1867 3092 2143 3168 bellum
2184 3088 2516 3166 concine-

270 3226 406 3310 ret,
462 3219 644 3293 nihil
684 3221 949 3317 reliqui
996 3222 1334 3313 faciebat,
1395 3232 1468 3296 et
1521 3221 2102 3320 supplicationes
2141 3216 2237 3291 ad
2273 3216 2514 3290 Deum

270 3344 433 3419 fieri
465 3346 709 3441 Jussit,
750 3370 940 3443 quae
987 3349 1280 3444 magnis
1339 3349 1772 3424 ceremoniis
1830 3348 1903 3421 in
1961 3346 2145 3419 urbe
2198 3364 2332 3440 pro
2372 3362 2519 3413 mo-

269 3494 353 3545 re
425 3474 1014 3568 peragebantur,
1091 3474 1452 3572 simulque
1528 3473 1885 3549 Romanis
1961 3480 2035 3545 et
2112 3467 2512 3543 ditionibus

279 3597 734 3694 pontificatui
792 3601 1171 3696 subjectis,
1230 3601 1305 3674 in
1356 3625 1579 3699 super
1637 3599 1975 3695 collegiis
2033 3595 2519 3684 sacerdotum,

270 3724 937 3821 monachorumque
996 3726 1091 3800 ad
1150 3728 1510 3803 bellorum
1569 3727 1926 3818 subsidia,
1964 3734 2342 3820 tamquam
2415 3719 2513 3793 ad

268 3852 437 3950 pios
473 3874 674 3942 usus,
715 3850 1076 3924 maximas
1116 3852 1696 3927 contributiones
1733 3851 2103 3950 imposuit,
2145 3855 2219 3923 et
2260 3845 2382 3943 qui
2423 3844 2521 3917 ad

271 3976 546 4052 bellum
589 3985 845 4051 contra
883 3976 1303 4051 haereticos
1362 3979 1714 4053 auxilium
1770 3999 2128 4076 opemque
2166 3995 2302 4071 pro
2343 3993 2518 4068 qua-

275 4103 486 4178 litate
560 4110 635 4177 et
706 4125 930 4177 censu
973 4125 1105 4178 suo
1148 4103 1543 4197 attulisset,
1601 4102 2100 4202 amplissimas
2162 4096 2520 4193 elargitur

275 4228 799 4326 indulgentias,
842 4230 1107 4327 quibus
1164 4237 1474 4328 peccata
1511 4232 1978 4305 remittuntur
2033 4235 2181 4300 tam
2234 4229 2522 4323 praete-

274 4355 443 4445 rita,
504 4378 722 4451 quam
793 4355 1082 4447 futura,
1178 4365 1250 4429 et
1306 4354 1595 4430 animae
1653 4360 2096 4430 revocantur
2187 4374 2280 4424 ex
2334 4350 2521 4436 locO,

275 4480 470 4589 quod
524 4478 1046 4576 Purgatorium
1105 4481 1549 4579 appellatur.
1631 4480 1780 4555 Sed
1826 4503 1970 4554 uno
2028 4476 2316 4551 omnino
2373 4495 2524 4544 ma-

272 4606 471 4681 ximo
546 4607 1050 4704 acerrimoque
1117 4608 1547 4684 administro
1624 4605 2007 4681 Cardinali
2043 4592 2520 4698 ⁷Lotharingo
