3293 5219
751 276 907 356 238

759 503 973 590 cepto
1032 495 1239 592 prius
1295 494 1494 571 bello
1550 497 1627 571 in
1683 498 1947 588 animo,
2005 504 2079 571 et
2122 504 2291 594 post
2330 498 2710 595 evulgatO,
2749 523 2984 575 omnes

743 621 1123 715 festinare,
1184 631 1259 697 et
1313 632 1558 699 mutuo
1624 648 1794 699 sese
1853 623 2045 700 alius
2083 624 2309 700 alium
2349 626 2756 723 impellere,
2795 631 2984 703 nulla

738 769 976 844 neque
1015 769 1241 824 causa
1269 751 1500 845 justa,
1561 759 1688 824 aut
1725 758 1951 841 certa,
1994 759 2074 825 ut
2109 749 2191 825 fit
2228 751 2305 825 in
2340 753 2691 849 populari
2728 757 2973 827 tumul-

739 880 841 966 tu,
880 897 1118 971 neque
1156 882 1360 949 certo
1401 877 1602 951 duce.
1666 875 1746 950 Si
1786 877 2002 952 simul
2041 877 2181 953 hoc
2224 901 2512 975 quoque
2572 879 2845 955 bellum
2883 882 2976 954 in-

739 1000 1189 1076 tervenisset
1228 1027 1387 1078 cum
1429 1004 1626 1078 bello
1668 1003 1763 1077 ad
1805 1003 2117 1095 Hadad,
2159 1013 2358 1079 certe
2396 1005 2448 1082 J
2455 1006 2787 1081 ohannes
2827 1029 2980 1080 con-

743 1128 1015 1202 sistere
1073 1151 1215 1202 non
1277 1131 1666 1227 potuisset.
1707 1131 1999 1229 Quippe
2040 1132 2181 1206 duo
2250 1156 2341 1206 ex
2382 1132 2827 1206 consiliariis
2863 1132 2982 1208 Jo-

741 1254 1032 1344 hannis,
1072 1256 1431 1331 Nicolaus
1453 1258 1747 1356 Valcay
1788 1268 1863 1333 et
1901 1258 2258 1338 Nicolaus
2280 1259 2518 1332 Forro
2558 1261 2653 1332 ab
2676 1259 2987 1333 Balassa

737 1380 814 1452 in
860 1380 1222 1454 factiones
1299 1381 1576 1457 diducti
1619 1391 1873 1474 erant3
1917 1384 2050 1457 sed
2079 1386 2238 1479 jam
2279 1409 2371 1458 ex
2410 1385 2841 1482 interceptis
2885 1384 2988 1458 lit-

737 1505 920 1580 teris
966 1530 1055 1580 ae
1091 1507 1355 1581 nuncio
1448 1508 1768 1604 proditio
1808 1509 2098 1583 detecta
2135 1516 2316 1584 erat.
2377 1510 2549 1583 Fuit
2583 1511 2986 1596 conventiO,

740 1635 817 1706 ut
857 1633 921 1705 si
961 1634 1329 1709 exercitus
1366 1635 1668 1732 paulum
1744 1638 1838 1709 ab
1880 1636 2150 1710 Hadad
2188 1637 2706 1731 processisset,
2728 1644 2852 1712 aut
2891 1636 2986 1708 vi-

740 1782 928 1848 vum,
971 1766 1097 1832 aut
1136 1766 1497 1835 mortuum
1534 1761 1585 1837 ‚J
1593 1759 1957 1835 ohannem
1995 1762 2397 1836 traderent.
2447 1760 2769 1836 Gabriel
2810 1785 2980 1836 vero

738 1882 1006 1958 Mailat
1089 1883 1290 1958 illius
1348 1883 1711 1984 Stephani
1764 1887 1999 1978 filius,
2060 1887 2186 1984 qui
2238 1887 2289 1963 ‚J
2296 1888 2659 1962 ohannem
2743 1910 2983 1981 regem

739 2008 1204 2105 prodiderat,
1287 2013 1935 2088 Transsilvaniam
1986 2013 2460 2090 Ferdinando
2521 2014 2816 2088 tradere
2873 2038 2989 2088 vo-

737 2133 923 2229 lens,
964 2136 1090 2232 qui
1126 2136 1472 2235 Byzantii
1511 2139 1778 2214 misere
1819 2139 2045 2213 vitam
2082 2138 2305 2232 finiit,
2348 2141 2463 2213 sui
2499 2141 2877 2236 prodiguS,
2920 2149 2987 2212 et

741 2260 917 2336 luxu
973 2261 1336 2353 diffluens,
1399 2289 1786 2362 rerumque
1862 2288 2215 2340 novarum
2274 2265 2603 2363 cupidus.
2666 2289 2850 2340 unus
2899 2289 2986 2339 ex

751 2391 1154 2486 conjuratis
1232 2399 1307 2466 et
1382 2392 1787 2466 concitator
1816 2393 2181 2484 factionis,
2276 2400 2355 2466 ut
2411 2391 2691 2467 diluere
2749 2401 2987 2465 tamen

749 2516 1014 2608 scelus,
1064 2516 1281 2590 immo
1342 2518 1583 2614 magis
1643 2539 1946 2616 operam
2006 2541 2292 2616 quoque
2332 2518 2523 2592 ultro
2562 2518 2985 2617 promittere

745 2643 1140 2737 videretur,
1199 2644 1295 2720 ad
1332 2646 1384 2721 J
1391 2646 1752 2720 ohannem
1793 2645 1994 2719 venit
2031 2646 2108 2718 in
2149 2642 2400 2733 Gialu,
2436 2656 2510 2719 et
2546 2647 2824 2743 aliquot
2863 2645 2988 2717 vil-

753 2770 866 2842 las
908 2772 1230 2867 petebat,
1272 2773 1712 2871 promittens
1753 2794 1833 2845 se
1874 2769 2164 2845 Siculos
2202 2771 2297 2843 ad
2337 2772 2829 2846 obedientiam
2867 2771 2984 2844 ad-

751 2894 1147 2971 ducturum.
1225 2898 1345 2972 Ex
1405 2922 1546 2995 quo
1606 2898 1898 2982 cumin
1955 2898 2450 2996 suspicionem
2506 2921 2588 2972 se
2646 2899 2987 2973 incidisse

755 3022 1061 3116 videret,
1103 3048 1340 3122 neque
1378 3025 1602 3099 villas
1645 3025 2105 3113 obtinuisset,
2184 3026 2547 3101 discessit.

951 3148 1102 3226 Sed
1142 3150 1334 3247 quod
1373 3151 1850 3226 caesarianos
1894 3151 2217 3224 adversa
2259 3152 2558 3225 fortuna
2595 3150 2986 3224 afflictatos

731 3279 1202 3377 intelligeret,
1225 3278 1350 3352 ubi
1387 3277 1558 3352 illos
1595 3277 2008 3374 impulerat,
2033 3276 2179 3350 dux
2216 3278 2528 3368 futurus,
2568 3277 2831 3350 iterum
2868 3276 2981 3350 de-

734 3404 1011 3500 seruit3
1068 3412 1293 3500 utque
1334 3404 1632 3477 crimine
1675 3428 1756 3477 se
1799 3411 2193 3500 purgaret,
2246 3411 2503 3477 contra
2542 3427 2672 3478 eos
2711 3426 2984 3502 pugna-

747 3531 874 3605 vit.
931 3530 1171 3627 Igitur
1226 3529 1437 3604 brevi
1503 3530 1598 3604 ad
1658 3539 1821 3605 octo
1881 3530 2112 3604 millia
2160 3529 2689 3619 confluxerant,
2731 3536 2804 3604 et
2832 3532 2983 3623 jam

745 3656 1067 3753 praedas
1126 3657 1489 3750 agebant,
1548 3664 1767 3753 atque
1862 3652 2215 3729 nobilium
2273 3653 2534 3730 domos
2574 3653 2977 3748 conflagra-

747 3783 964 3875 bant3
1024 3788 1460 3878 poteratque
1518 3781 1593 3853 in
1632 3804 1777 3856 non
1819 3778 2422 3854 contemnendum
2462 3780 2740 3854 bellum
2780 3803 2983 3853 exar—

753 3908 1078 3983 descere.
1153 3908 1346 3981 Nam
1405 3908 1700 3982 tertiam
1758 3905 2376 3982 Transsilvaniae
2436 3915 2724 4001 partem
2765 3904 2989 3980 Siculi

753 4042 1147 4133 occupant3
1209 4034 1313 4109 ita
1351 4042 1429 4109 ut
1467 4034 1962 4132 quadraginta
2001 4033 2232 4107 millia
2275 4032 2349 4105 in
2390 4033 2616 4105 armis
2657 4054 2824 4106 esse
2860 4053 2985 4127 po-

763 4161 1059 4253 tuerint,
1097 4160 1258 4259 nisi*⁸
1285 4160 1529 4236 statim
1569 4183 2006 4259 oppressum
2045 4168 2264 4233 esset.
2323 4156 2426 4232 At
2460 4158 2510 4233 J
2518 4156 2849 4233 ohannes
2885 4157 2987 4232 in-

750 4286 1052 4386 opinata
1089 4310 1170 4360 re
1244 4286 1574 4360 nonnihil
1613 4293 2038 4377 commotus,
2096 4284 2344 4358 statim
2382 4284 2786 4359 exercitum
2822 4306 2981 4357 con-

749 4412 1100 4503 scribere,
1159 4420 1379 4508 atque
1437 4411 1730 4485 obviam
1766 4410 2192 4509 procedere.
2269 4408 2376 4487 Ut
2409 4417 2655 4484 tamen
2694 4431 2824 4483 eos
2860 4416 2984 4484 aut

760 4540 856 4613 ad
917 4539 1312 4614 sanitatem
1372 4561 1662 4634 quoquo
1718 4540 1935 4613 modo
1973 4539 2381 4629 reduceret,
2422 4544 2551 4611 aut
2587 4536 2986 4626 distineret,
