3293 5219
2175 308 2538 376 LXXXIII

269 512 530 567 manus
588 513 796 566 meas
853 500 1304 588 perventura
1403 493 1519 564 Ita
1576 514 1733 565 cum
1798 491 2181 567 cavebitur
2238 493 2344 583 ei,
2403 517 2536 593 per

268 641 484 716 quem
542 617 719 692 mihi
776 618 1091 716 pecunia
1149 617 1395 693 curari
1444 618 1795 716 placebit,
1836 641 1925 692 ac
1965 618 2179 692 vobis
2220 619 2428 711 ade0,
2469 622 2536 696 si

264 746 340 820 id
378 745 598 820 modo
637 768 948 820 necesse
988 754 1122 835 est,
1166 766 1472 842 quorum
1513 767 1637 819 res
1678 743 1943 840 agitur,
1987 753 2139 819 tum
2196 745 2380 822 meis
2422 771 2534 823 ra-

265 872 593 948 tionibus
653 871 928 969 optime
987 872 1430 946 consuletur.
1492 871 1682 945 Nam
1744 894 1934 968 quae
1990 871 2110 946 hic
2167 873 2341 948 licet
2386 898 2531 950 non

267 1021 539 1096 magno
596 998 870 1097 parari,
932 1007 1007 1072 et
1063 999 1339 1096 optima
1399 995 1784 1088 habentur,
1843 1006 1924 1072 ut
1981 999 2336 1073 vestiaria
2386 1025 2530 1091 res,

268 1127 506 1201 omnis
544 1127 703 1201 fere
748 1126 1078 1221 generis,
1119 1125 1289 1200 libri
1329 1124 1710 1223 imprimis.
1754 1148 2059 1221 quorum
2098 1126 2220 1201 hic
2257 1151 2531 1226 magna

268 1262 384 1329 est
423 1253 658 1352 copia,
700 1262 773 1326 et
813 1252 1421 1339 luculentissima,
1463 1252 1917 1327 commodius
1969 1276 2212 1327 emere
2250 1255 2525 1330 licebit.

267 1377 482 1471 Quod
526 1379 886 1475 reliquum
929 1387 1064 1469 est,
1097 1387 1171 1454 te
1202 1378 1421 1452 etiam
1466 1387 1689 1476 atque
1732 1378 1952 1454 etiam
1993 1400 2144 1469 ore,
2185 1389 2265 1455 ut
2304 1404 2529 1477 quan-

267 1505 357 1579 do
396 1530 535 1604 per
573 1515 645 1581 te
685 1512 948 1600 coepta
1005 1513 1121 1579 est
1172 1528 1297 1578 res
1358 1506 1506 1600 agi,
1550 1528 1848 1603 operam
1893 1505 2045 1589 des,
2088 1506 2330 1602 quoad
2369 1508 2530 1583 eius

271 1630 432 1706 fieri
475 1630 741 1728 possit,
783 1640 860 1705 ut
898 1654 1032 1728 per
1070 1639 1145 1705 te
1188 1630 1444 1705 cadem
1487 1655 1702 1727 quam
1745 1632 2128 1707 celerrime
2161 1634 2530 1729 transiga-

269 1768 405 1833 tur.
470 1756 719 1839 Certe,
763 1757 1109 1854 quicquid
1168 1758 1242 1831 id
1299 1758 1620 1833 futurum
1681 1760 1800 1848 sit,
1863 1784 1954 1834 ne
1997 1759 2264 1835 dubius
2305 1767 2528 1858 atque

264 1884 592 1959 incertus
651 1884 935 1959 animus
996 1884 1117 1959 diu
1183 1886 1502 1959 obscura
1578 1887 1687 1960 rei
1765 1887 2323 1984 exspectatione
2381 1896 2527 1963 tor-

268 2025 600 2109 queatur,
640 2011 785 2087 hac
823 2014 1237 2103 sedulitate,
1279 2022 1353 2088 ct
1394 2037 1572 2088 cura
1612 2014 1916 2089 efficies.
1960 2015 2172 2090 Vale.

362 2246 375 2260 ·
485 2170 501 2233 (ᾗ
508 2173 570 2223 L.
598 2171 710 2223 1011.
738 2172 901 2223 Mich.
929 2173 1082 2223 Bruti
1108 2173 1287 2239 Opera
1313 2173 1490 2236 Varia,
1518 2174 1693 2226 Berol.
1727 2176 1882 2225 1697.
1909 2175 2209 2225 214-226,
2236 2174 2314 2239 ll.)

1331 2645 1468 2719 XI.

274 2820 444 2896 Tasz'
503 2819 797 2918 Gcfispcir
843 2820 1339 2919 Ajdnlo-levcle.
1396 2823 1692 2898 Bethlem
1757 2821 1988 2899 Geibor
2025 2820 2529 2922 fejedelemhez

1102 2951 1329 3021 1619.
1350 2947 1587 3046 jzflz'us
1632 2952 1692 3022 7.

480 3145 976 3223 Serenissimo
1038 3148 1367 3246 Principi
1408 3171 1496 3220 ac
1534 3147 1854 3223 Domino
1914 3146 2256 3223 Gabrieli
2304 3147 2516 3222 Beth·

262 3271 375 3347 len
420 3273 567 3347 Dei
607 3275 873 3369 gratia,
918 3274 1244 3372 Principi
1279 3274 1880 3358 Transilvaniae‚
1922 3275 2238 3372 partium
2279 3274 2522 3371 Regni

264 3399 704 3496 Hungariae
742 3401 1081 3492 Domino,
1122 3411 1194 3475 et
1237 3398 1643 3476 Siculorum
1696 3399 1985 3486 Comiti,
2029 3401 2347 3476 Domino
2386 3423 2520 3475 suo

266 3525 817 3622 benignissimo.
862 3529 1252 3603 Hominem
1285 3529 1380 3602 ad
1409 3552 1533 3603 res
1574 3528 1759 3601 duas
1799 3535 2048 3601 natum
2088 3549 2278 3610 esse,
2323 3527 2524 3601 I’rin-

265 3676 436 3750 ceps
502 3649 1014 3743 Serenissime,
1075 3654 1169 3729 ad
1225 3655 1786 3751 intelligendum
1862 3653 2243 3744 videlicet,
2299 3662 2374 3727 et
2429 3654 2519 3727 ad

264 3780 648 3877 agendum,
686 3780 910 3857 insita
966 3790 1276 3857 naturae
1339 3783 1472 3872 vis,
1534 3788 1608 3856 et
1666 3780 1984 3856 omnium
2045 3780 2278 3855 oculis
2328 3781 2520 3854 ultro

262 3929 424 3982 sese
463 3907 816 4003 ingerens
857 3909 1283 4005 quotidiana
1342 3909 1804 4008 experientia
1854 3908 2320 3982 manifestum
2362 3906 2519 3980 red-

266 4033 473 4126 dunt3
535 4032 657 4108 vel
714 4034 905 4108 enim
966 4035 1206 4110 animo
1266 4036 1645 4127 duntaxat,
1689 4044 1762 4109 et
1802 4033 2254 4132 cogitatione
2297 4033 2518 4107 defixi

265 4160 457 4236 circa
536 4160 1003 4236 abditissima
1078 4163 1518 4237 naturalium
1588 4185 1993 4246 versamur,
2053 4161 2171 4234 vel
2228 4159 2520 4236 actione

264 4290 455 4364 circa
515 4272 1060 4385 quamplurima
1118 4312 1577 4387 occupamur.
1658 4289 2071 4385 Vtrobique
2129 4287 2520 4377 excellere,

264 4415 397 4490 etsi
438 4413 717 4490 nemini
755 4436 899 4489 non
932 4423 1047 4489 est
1076 4415 1478 4508 laudabile3
1526 4416 1996 4513 Principibus
2038 4424 2284 4490 tamen
2327 4438 2519 4489 cum·

262 4542 516 4638 primis
556 4550 675 4615 est
710 4540 1024 4617 illustre.
1085 4544 1181 4617 Et
1221 4567 1397 4616 vero
1438 4543 1576 4619 fuit
1615 4543 1692 4616 id
1733 4541 2171 4616 c‘arissimis
2222 4542 2519 4637 quibus-

2091 4664 2194 4749 s..
