3293 5219
2348 318 2511 396 443

245 538 686 631 agerentur,
744 557 838 609 ne
896 528 1244 607 Selimum
1298 532 1835 631 intempestivis
1890 535 2134 611 causis
2190 535 2507 613 offende-

241 681 534 753 remus,
553 683 601 735 a
620 682 765 757 quo
782 650 1068 756 majora
1085 659 1547 734 incommoda
1579 660 1968 737 metuenda
2001 670 2271 755 essent,
2290 685 2506 761 quam

248 786 644 883 speranda
680 786 778 862 ab
812 786 945 862 illo
999 785 1397 863 commoda.
1436 786 1793 863 Becesius
1827 810 2014 864 unus
2048 810 2274 886 posse
2307 791 2512 887 lega·

233 912 486 989 tionis
525 905 826 989 causam
868 913 1119 989 multis
1146 913 1715 990 rationabilibus
1735 915 1980 991 causis
1999 915 2268 991 obduci
2304 914 2508 991 affir-

249 1038 518 1133 mavit,
535 1036 810 1115 nullum
828 1060 1004 1115 esse
1029 1039 1434 1137 periculum
1467 1040 1542 1115 iu
1579 1041 1723 1117 hac
1757 1064 1859 1131 re,
1882 1048 1958 1117 et
1991 1042 2068 1117 in
2089 1041 2332 1117 animo
2358 1042 2503 1118 sibi

248 1163 768 1242 destinaverat
809 1165 1283 1264 legationem,
1303 1187 1554 1242 verum
1590 1167 1759 1243 aliis
1796 1175 2019 1266 atque
2056 1166 2227 1244 aliis
2246 1169 2324 1244 in
2341 1191 2508 1268 spe-

248 1291 446 1368 ciem
485 1290 953 1369 obtrudebat.
1011 1288 1164 1367 Sed
1197 1292 1439 1369 nullus
1476 1299 1669 1386 erat,
1709 1293 1833 1391 qui
1871 1316 2250 1372 assumere
2289 1296 2507 1372 aude·

249 1428 375 1496 ret
409 1441 567 1493 rem
596 1425 751 1492 tam
769 1416 1612 1516 ancipitem,propterea,
1634 1418 1828 1516 quod
1865 1443 1960 1495 ex
1980 1420 2315 1497 omnibus
2335 1442 2504 1520 par-

245 1545 455 1622 tibus
493 1550 752 1636 metus,
816 1543 1251 1639 indignatio,
1288 1542 1693 1641 periculum
1728 1546 2160 1644 apparebat,
2215 1569 2362 1621 non
2397 1548 2494 1622 ab

250 1672 535 1749 Selimo
574 1671 811 1763 modo,
869 1670 1009 1747 sed
1046 1671 1143 1747 ab
1181 1671 1497 1768 ipsomet
1549 1671 1603 1748 J
1605 1670 1912 1763 ohanne,
1969 1695 2185 1770 quem
2220 1672 2365 1748 iste
2398 1673 2504 1750 ita
2608 1740 2613 1745 .

255 1798 590 1874 moribus
626 1795 991 1872 imbuerat
1027 1803 1103 1872 et
1134 1804 1560 1895 occuparat,
1599 1805 1682 1873 ut
1717 1797 1815 1872 ad
1851 1821 2140 1874 omnem
2175 1821 2384 1875 suam
2420 1799 2504 1873 li-

251 1925 581 2002 bidinem
614 1923 951 2022 principe
990 1923 1434 2017 abuteretur,
1489 1931 1570 2001 ut
1621 1947 1886 2001 servus
1941 1925 2122 2002 hero
2158 1924 2502 2002 obedien-

249 2054 397 2130 tior
436 2072 608 2126 esse
644 2070 791 2126 non
825 2050 1091 2148 possit,
1130 2073 1349 2148 quam
1385 2073 1522 2126 rex
1564 2051 1703 2128 fuit
1735 2050 1881 2127 isti.
1940 2054 2256 2150 Insuper
2292 2053 2496 2127 vale-

248 2178 430 2256 tudo
467 2176 862 2276 principis3
917 2184 999 2252 ut
1053 2175 1120 2251 si
1178 2177 1375 2252 enim
1410 2176 1655 2253 omnia
1704 2176 2019 2255 feliciter
2070 2178 2505 2287 cessissent,

251 2314 501 2381 tamen
538 2303 1076 2380 matrimonium
1096 2302 1218 2379 vel
1255 2301 1381 2379 uui
1418 2303 1539 2378 vel
1576 2303 1795 2379 alteri
1829 2304 2024 2402 parti
2059 2312 2351 2402 gratum
2369 2326 2485 2379 es-

258 2455 345 2508 se
381 2453 531 2507 non
565 2431 910 2528 potuerit,
967 2450 1205 2527 neque
1240 2451 1580 2526 regnum,
1620 2429 1814 2527 quod
1852 2438 2072 2528 caput
2105 2438 2246 2520 est,
2285 2430 2498 2507 dura-

250 2565 490 2634 turum
525 2555 789 2650 fuerit,
827 2578 1070 2654 neque
1106 2555 1355 2655 patria
1391 2554 1515 2632 diu
1552 2554 1787 2647 salva,
1826 2561 1906 2635 ut
1943 2555 2226 2634 dicetur
2260 2556 2340 2633 in
2378 2579 2494 2633 se-

261 2683 682 2783 quentibus.
720 2683 960 2780 Igitur
1034 2704 1125 2757 ac
1160 2683 1228 2758 si
1284 2704 1469 2758 unus
1504 2682 1687 2781 ipse,
1709 2682 2011 2760 relictus
2048 2690 2252 2761 esset
2301 2683 2497 2758 inter

252 2833 532 2903 omnes,
552 2809 930 2907 negotium
970 2807 1303 2908 suscipit;
1323 2808 1746 2885 comitatum
1783 2833 2124 2908 magnum
2163 2833 2254 2886 ex
2292 2810 2498 2885 fami-

254 2939 570 3016 liaribus
604 2937 982 3038 principis,
1026 2958 1276 3034 equos,
1319 2944 1588 3026 vestes,
1611 2940 1993 3036 pecuniam
2013 2962 2107 3014 ex
2125 2935 2497 3016 thesauris

256 3064 353 3140 ad
387 3088 675 3142 omnem
691 3063 1299 3164 prodigalitatem
1336 3071 1558 3161 atque
1598 3063 1973 3140 libidinem
2011 3064 2251 3150 sumit,
2273 3070 2496 3160 atque

259 3190 523 3268 allatis
575 3190 782 3286 prius
837 3189 1109 3265 litteris
1147 3188 1321 3264 fidei
1374 3190 1471 3264 ab
1509 3189 2035 3280 Max-miliano,
2070 3188 2501 3268 duodecima

264 3315 550 3416 Aprilis
586 3315 788 3393 Alba
822 3317 876 3394 J
878 3314 1031 3392 ulia
1068 3315 1425 3392 abscedit.
1463 3316 1740 3412 Magno
1777 3316 2056 3391 honore
2094 3322 2312 3411 atque
2346 3314 2498 3389 lae-

257 3444 465 3519 titiae
500 3443 758 3541 signis,
798 3464 1228 3541 quocunque
1264 3440 1614 3532 venisset,
1661 3443 1879 3537 jussu
1934 3438 2265 3515 caesaris
2301 3437 2495 3515 exci-

253 3570 473 3669 pitur,
526 3569 604 3644 in
650 3568 987 3646 confiniis
1026 3576 1268 3645 autem
1305 3568 1525 3645 etiam
1563 3566 2139 3666 displosionibus
2175 3574 2489 3643 tormen-

254 3703 510 3772 torum.
567 3692 764 3770 Huic
817 3693 1175 3791 legationi
1220 3690 1737 3791 sigismundus
1774 3691 2159 3790 Augustus
2195 3692 2490 3769 addide-

255 3827 374 3895 rat
408 3818 633 3895 aliam
722 3840 867 3896 non
903 3819 1142 3895 minus
1180 3818 1663 3918 splendidam,
1700 3815 2063 3895 Adamum
2098 3816 2470 3897 Gonarski

251 3946 676 4046 episcopum
739 3947 1279 4044 posnaiensem.
1383 3945 1712 4045 Pragam
1785 3941 1963 4045 cum}
2000 3954 2296 4023 ventum
2352 3953 2490 4048 est,

248 4072 684 4172 principium
743 4079 1025 4150 tantum
1081 4073 1531 4171 legationum
1566 4074 1886 4171 faciunt3
1942 4062 2261 4150 ceterum
2299 4095 2489 4149 sum-

249 4222 369 4274 ma
404 4198 503 4275 ad
538 4207 972 4277 conventum
1009 4200 1419 4299 principum
1495 4196 1944 4277 Germaniae
1981 4196 2276 4298 Spiram
2312 4201 2483 4296 reji-

250 4326 459 4418 citur,
516 4349 661 4424 quo
714 4327 841 4403 isti
896 4351 1275 4404 caesarem
1328 4350 1605 4427 paucos
1660 4335 1833 4427 post
1886 4326 2046 4402 dies
2102 4327 2489 4401 abeuntem

244 4458 805 4549 prosequuntur.
865 4453 984 4529 Ibi
1019 4452 1251 4529 variis
1288 4453 1728 4528 tractatibus
1765 4452 1958 4528 ultro
1997 4451 2326 4548 citroque
2363 4447 2489 4526 ha-

244 4575 440 4670 bitis,
461 4576 547 4652 fit
582 4578 966 4653 conventio
1002 4579 1211 4677 pacis
1249 4577 1810 4670 conditionibus,
1834 4600 2023 4674 quae
2061 4583 2482 4673 sequuntur.
