3293 5219
2320 351 2469 428 501

243 563 504 653 ditum,
581 585 769 661 quae
826 589 1072 640 arcem
1128 590 1261 664 per
1322 566 1710 641 adversam
1768 576 2059 663 partem·
2113 568 2314 644 nullo
2374 570 2469 642 ab

240 689 516 765 nostris
608 690 1119 789 impedimento
1178 693 1736 783 subintrarunt,
1795 716 1982 789 quas
2039 695 2131 767 ob
2205 716 2472 769 causas

235 817 771 914 impedimentis
827 819 1355 916 tormentisque
1412 843 1545 915 per
1605 825 1889 893 noctem
1947 820 2338 919 impositis,
2393 821 2467 896 iu

231 952 496 1019 exortu
554 943 756 1038 lucis,
815 968 974 1020 cum
1005 947 1163 1040 jam
1199 945 1468 1020 milites
1509 946 1981 1020 conscensuri
2021 954 2297 1038 esseut,
2334 947 2461 1021 ho-

235 1072 374 1146 stis
432 1071 795 1145 exercitus
853 1071 1083 1159 affuit,
1148 1095 1283 1145 nec
1323 1070 1686 1146 dubitavit
1723 1072 2050 1148 animose
2090 1096 2468 1150 concurre·

228 1223 335 1273 re.
397 1194 548 1271 Sed
606 1221 876 1294 magna
934 1197 1243 1295 pilarum
1300 1198 1631 1297 procella
1672 1222 1764 1272 ex
1803 1201 2047 1274 classe
2087 1203 2467 1278 submove-

241 1327 532 1415 bantur,
581 1323 739 1398 sine
778 1321 1084 1399 notabili
1107 1325 1486 1421 utriusque
1525 1325 1892 1401 exercitus
1933 1326 2219 1413 damno,
2257 1354 2466 1427 prae-

232 1460 350 1526 ter
387 1472 662 1548 paucos
701 1449 1180 1540 desideratos,
1220 1472 1365 1524 non
1403 1451 1651 1546 magni
1689 1452 1998 1527 nominis
2040 1454 2265 1548 viros,
2306 1479 2465 1531 cum

232 1584 601 1652 tormenta
658 1600 890 1651 aenea
943 1577 1085 1674 ipsi
1146 1600 1430 1674 quoque
1489 1579 1584 1652 ad
1638 1580 1893 1653 fauces
1933 1580 2167 1678 ipsius
2204 1590 2461 1680 portus

234 1703 729 1795 advexissent,
785 1702 1048 1799 quibus
1096 1704 1411 1778 classem
1470 1706 1732 1780 damno
1802 1708 2293 1804 proculdubio*
2360 1713 2464 1785 af·

229 1830 608 1921 fecissent,
647 1828 789 1903 nisi
829 1826 1266 1924 solvissent3
1327 1831 1746 1928 eodemque,
1788 1856 1931 1929 quo
1973 1834 2088 1909 die
2129 1835 2464 1935 superior

233 1955 547 2030 victoria
599 1962 815 2052 parta
852 1953 1007 2046 fuit,
1065 1957 1441 2053 proposito
1503 1958 1597 2031 ad
1634 1981 1956 2056 pugnam
1996 1961 2232 2056 sign0,
2274 1963 2462 2037 acie-

235 2105 376 2181 que
437 2081 795 2168 instructa
852 2089 926 2155 et
981 2090 1268 2179 parata,
1332 2084 1768 2158 maritimam
1825 2109 2032 2161 oram
2088 2088 2462 2181 legebant,

237 2208 626 2284 credentes
687 2206 1045 2305 praelium
1087 2216 1498 2283 consertum
1538 2210 1649 2283 iri.
1710 2209 2000 2287 Etenim
2042 2236 2134 2287 ex
2174 2214 2461 2311 Zacyn-

226 2337 353 2411 tho
412 2335 654 2410 insula
706 2358 969 2410 navem
1028 2336 1444 2411 onerariam
1503 2338 1916 2413 venientem
1956 2339 2461 2416 Horuchalius

236 2485 397 2539 cum
436 2460 970 2559 conspexisset,
1028 2462 1124 2536 ad
1179 2462 1685 2560 excipiendam
1722 2464 1922 2538 illam
1961 2465 2299 2540 triremes
2340 2467 2465 2540 mi·
2528 2460 2533 2463 ’

227 2589 346 2684 sit;
402 2594 478 2663 et
531 2587 721 2665 alias
760 2609 981 2686 super
1019 2586 1208 2663 alias
1246 2588 1604 2682 mittebat,
1656 2599 2009 2688 erantque
2048 2615 2276 2668 naves
2316 2617 2460 2668 am-

222 2714 418 2814 plius
476 2714 618 2789 XL
674 2736 1050 2810 egressae,
1101 2716 1394 2812 jamque
1435 2717 1817 2792 tormentis
1874 2719 2277 2816 majoribus
2338 2745 2461 2819 op-

224 2842 672 2942 pugnabant.
708 2841 824 2915 Ibi
861 2842 912 2918 J
918 2842 1244 2950 ohannes
1284 2842 1724 2934 Aust1·iacus
1766 2843 2195 2921 Columnam
2251 2871 2460 2945 prae-

223 2969 487 3046 cedere
531 2970 763 3066 jubet.
859 2969 1139 3047 Alvaro
1198 2972 1514 3065 mandat,
1573 2982 1651 3047 ut
1712 2975 2111 3050 intercluso
2169 2974 2457 3067 itinere,

225 3095 607 3197 quominus
700 3119 858 3171 cum
933 3098 1195 3171 ceteris
1253 3102 1596 3196 conjungi
1662 3102 1968 3199 possint,
2044 3101 2459 3200 impediant.

221 3225 547 3322 Ipsemet
599 3223 989 3299 Modonem
1047 3232 1258 3299 extra
1315 3227 1615 3322 maioris
1653 3228 1998 3302 tormenti
2024 3231 2303 3323 jactum
2341 3250 2459 3301 ac-

219 3348 485 3427 cedere
522 3349 797 3441 statuit,
853 3350 978 3425 ubi
1054 3349 1549 3427 Horuchalius
1590 3378 1628 3426 e
1668 3362 1885 3451 portu
1921 3352 2181 3428 educta
2256 3360 2329 3426 et
2365 3351 2461 3426 ad

225 3477 455 3554 aciem
494 3482 854 3551 exornata
893 3475 1138 3552 elasse
1178 3499 1258 3552 se
1299 3479 1742 3553 continebat.
1802 3478 1945 3570 Qui
1983 3478 2135 3553 illis
2176 3485 2456 3552 mature

221 3602 591 3681 revocatis
647 3603 842 3678 intra
900 3604 1194 3679 ordines
1252 3627 1426 3680 suos
1485 3607 1737 3680 salvos
1813 3604 2115 3704 recepit,
2152 3612 2451 3704 praeter

219 3756 435 3809 unam
489 3732 860 3807 triremem
915 3733 1280 3809 Mehemet
1320 3735 1513 3832 begi,
1575 3734 1865 3834 nepotis
1912 3732 2114 3808 illius
2164 3733 2446 3808 Barba-

225 3882 512 3960 rossae,
571 3859 690 3958 qui
750 3859 989 3933 animo
1022 3860 1213 3936 inter
1251 3884 1501 3936 omnes
1538 3861 1771 3937 feroci
1810 3868 2031 3958 atque
2070 3857 2289 3953 elato,
2329 3859 2455 3934 ali-

229 4008 447 4086 quam
485 3984 648 4076 sibi,
707 4007 895 4080 quae
932 3985 1134 4084 prior
1173 3988 1588 4084 obtigisset,
1649 3981 2209 4062 ex'christianis
2247 3984 2458 4061 trire-

222 4113 459 4188 mibus
516 4111 946 4207 deposcens,
989 4136 1147 4188 cum
1205 4113 1485 4189 Alvaro
1543 4114 1941 4189 fortissime
2010 4133 2457 4209 congressus

226 4251 361 4333 est,
421 4237 735 4336 doloque
797 4221 1274 4332 servili,⁹non
1332 4241 1554 4316 armis
1612 4239 2004 4314 hostilibus
2043 4238 2303 4330 victus,
2361 4237 2457 4311 ab

221 4389 440 4445 servo
498 4365 916 4459 christiano,
975 4366 1242 4441 domini
1281 4368 1640 4441 saevitiae
1694 4366 2005 4456 infenso,
2062 4384 2459 4463 percussus

221 4493 548 4569 interiit:
606 4499 679 4566 et
731 4492 1049 4567 triremis
1125 4500 1365 4591 capta,
1443 4493 1711 4569 occisis
1750 4489 2448 4590 propugnatoribus,

224 4618 644 4699 christianis
685 4614 966 4691 CCXX
1042 4619 1365 4700 libertati
1421 4619 1818 4705 restitutis„
1858 4617 2037 4695 Inde
2072 4615 2124 4694 J
2130 4614 2455 4693 ohannes
2566 4689 2569 4692 ,
