3293 5219
764 319 933 400 416

769 540 920 616 Sed
976 549 1125 616 tam
1199 541 1561 640 pertinaci
1635 540 1912 633 animo,
1991 561 2180 638 quae
2291 542 2529 617 semel
2636 540 3026 628 imbuerat,

763 667 1372 764 prosequebatur,
1413 673 1491 740 ut
1550 673 1809 741 contra
1884 665 2245 740 acerrima
2303 664 2560 740 Selimi
2652 663 3026 752 mandata,

765 816 926 867 cum
964 792 1124 890 ipse
1184 814 1437 866 omnes
1495 792 1693 866 vires
1733 801 1805 866 et
1880 791 2123 864 omnia
2180 791 2493 865 consilia
2530 791 2679 866 alio
2718 811 3025 865 conver-

764 927 921 993 tere
959 916 1202 1008 vellet,
1267 917 1667 1015 descriptis
1707 917 2149 992 militaribus
2208 918 2654 1010 rationibus,
2686 927 2764 992 et
2803 939 3024 1013 expe·

760 1043 931 1117 ditis
969 1044 1305 1119 omnibus
1346 1045 1442 1117 ad
1497 1045 1773 1119 bellum
1828 1045 2074 1134 rebus,
2133 1052 2207 1117 et
2261 1044 2537 1119 indicto
2577 1044 2674 1118 ad
2730 1044 3020 1141 profec-

765 1169 1037 1243 tionem
1076 1178 1277 1244 certo
1310 1178 1671 1268 tempore,
1711 1176 1994 1244 tantum
2050 1191 2315 1266 equum
2353 1193 2497 1260 non
2573 1170 3022 1245 conscende·

767 1303 907 1387 rat,
971 1319 1187 1392 quum
1230 1319 1400 1371 ecce
1441 1296 1841 1371 Mehemeti
1880 1295 2137 1370 summi
2177 1295 2422 1369 vizirii
2477 1296 2778 1370 litterae
2819 1296 3022 1369 adfe—

762 1429 1041 1511 runtur,
1073 1420 1605 1514 significantes,
1666 1420 2253 1517 quandoquidem
2310 1420 2548 1518 ipsum
2622 1421 2696 1494 in
2777 1422 3021 1494 locum

767 1546 902 1619 filii
939 1544 1418 1641 suscepisset,
1457 1567 1754 1620 monere
1803 1567 1908 1639 se,
1946 1570 2040 1620 ne
2079 1545 2260 1619 belli
2295 1544 2526 1620 ullum
2564 1554 2842 1621 motum
2883 1547 3024 1620 hoc

759 1678 1088 1767 tempore
1103 1670 1526 1761 concitaret,
1544 1670 1837 1766 quando
1875 1669 2331 1768 intelligeret
2349 1673 2656 1768 gravius
2677 1670 2752 1745 al
2761 1673 3017 1769 iquan-

764 1807 840 1870 to
919 1797 1261 1893 opinione
1320 1820 1456 1872 sua
1497 1795 1637 1871 hoc
1684 1798 1959 1873 bellum
1997 1799 2342 1874 futurum.
2439 1797 2728 1889 Quodsi
2771 1807 3022 1874 autem

767 1928 1019 1996 tantae
1057 1922 1484 1998 occasiones
1543 1923 1639 1997 ad
1676 1945 1831 1998 rem
1881 1926 2070 1999 bene
2109 1925 2515 2021 gerendam
2551 1925 2625 1999 in
2662 1948 3021 2023 praesen-

760 2047 866 2121 tia
957 2037 1533 2145 praeberentur,
1628 2058 1707 2125 ut
1846 2051 2288 2136 affirmaret,
2384 2052 2680 2127 easdem
2798 2076 3017 2148 quam

760 2172 1078 2247 maximo
1115 2183 1375 2271 posset
1413 2175 1709 2250 silentio
1765 2184 2077 2272 tegeret,
2141 2185 2215 2252 et
2251 2177 2326 2251 in
2383 2178 2860 2268 commodius,
2897 2201 3022 2252 ne·

762 2319 904 2394 que
958 2299 1435 2395 longinquum
1493 2309 1784 2396 tempus
1825 2303 2135 2378 differet.
2192 2303 2405 2377 Haec
2444 2327 2524 2378 se
2566 2303 2738 2378 ideo
2801 2327 3016 2402 prae-

760 2446 1058 2499 monere
1098 2425 1297 2500 serio
1354 2424 1690 2502 voluisse
1766 2451 1868 2502 ex
1897 2436 2208 2525 paterno
2247 2419 2540 2519 affectu,
2601 2435 2680 2501 ut
2719 2429 3013 2524 gravis-

762 2549 993 2625 simae
1031 2574 1119 2626 ac
1196 2573 1586 2649 supremae
1639 2550 2041 2628 voluntatis
2100 2574 2279 2627 suae
2317 2552 2532 2628 fidem
2574 2553 2772 2652 apud
2849 2577 3013 2628 eum

758 2682 1179 2751 testaretur.
1221 2677 1410 2753 Erat
1446 2678 1522 2751 id
1577 2678 2271 2776 pertimescendum3
2345 2704 2514 2755 nam
2548 2679 3004 2774 intelligeba-

754 2805 874 2873 tur
912 2802 1257 2877 mandata
1298 2801 1392 2875 ad
1431 2806 1858 2900 praefectos
1912 2804 2478 2902 provinciarum,
2539 2829 2684 2901 quo
2721 2804 3014 2879 temeri-

754 2931 979 2998 tatem
1056 2927 1532 3022 castigarent,
1592 2929 1932 3024 dedisse3
1993 2938 2439 3027 pervenerat
2485 2929 2708 3006 etiam
2784 2929 3012 3004 certis

756 3050 1048 3124 indiciis
1091 3053 1390 3147 adeum,
1411 3078 1631 3129 unum
1673 3053 2103 3153 Gasparem
2142 3055 2440 3152 Beques
2478 3054 2674 3130 velle
2712 3052 3012 3139 bellum,

761 3182 837 3249 et
872 3197 1128 3269 regem
1166 3180 1239 3252 vi
1281 3180 1813 3276 quodammodo
1875 3180 2305 3279 impellere;
2366 3180 2562 3256 datis
2599 3181 2886 3257 idcirco
2924 3180 3018 3255 ad

758 3323 919 3374 eum
958 3303 1273 3399 privatis
1311 3307 1686 3382 mandatis
1711 3308 1983 3381 acriter
2023 3307 2576 3382 minitabundus
2615 3310 3015 3407 reprehen-

757 3425 991 3518 derat,
1070 3430 1268 3524 qnod
1307 3430 1520 3505 brevi
1581 3432 1679 3507 ab
1757 3433 1917 3530 ipso
1990 3431 2464 3507 consiliorum
2547 3440 2621 3507 et
2650 3434 3014 3508 factorum

744 3572 1052 3625 suorum
1090 3555 1449 3631 rationem
1487 3565 1939 3656 reposceret.
1980 3556 2145 3649 Quo
2168 3559 2462 3655 Beques
2499 3565 2710 3633 tanto
2749 3561 3012 3634 timore

752 3683 1134 3776 correptus
1173 3689 1308 3773 est,
1366 3689 1445 3755 ut
1500 3688 1775 3759 mutato
1851 3674 2162 3758 consilio
2202 3683 2453 3758 statim
2528 3685 2857 3760 animum
2913 3686 3006 3759 ab
3093 3686 3096 3687 *

758 3803 1028 3878 Turcis
1065 3807 1440 3881 averterit.
1544 3896 1549 3902 ,
1664 3793 1673 3801 ⁶

969 3926 1118 4003 Sed
1173 3928 1683 4008 Maximifiano
1757 3931 1834 4006 in
1888 3939 2098 4007 tanto
2183 3934 2514 4031 periculo
2590 3939 3014 4030 constituto,

753 4078 846 4131 ex
883 4056 1404 4152 praesentibus
1442 4057 1790 4154 optimum
1829 4046 2229 4134 remedium
2267 4060 2528 4152 visum,
2569 4073 3011 4140 conventum

754 4180 1160 4273 celebrare,
1238 4189 1310 4255 et
1404 4185 1781 4280 explorari
1858 4185 2176 4260 omnium
2310 4187 2615 4269 animos.
2720 4191 3012 4283 Indicto

753 4325 934 4402 ergo
967 4315 1331 4383 conventu
1390 4308 1791 4387 Posonium
1872 4314 1945 4390 in
2003 4290 2327 4390 mensem
2369 4315 2814 4413 Augustum,
2855 4339 3016 4394 cum

748 4439 1049 4527 praeter
1085 4457 1362 4532 paucos
1458 4435 1755 4532 legatos
1818 4442 2000 4516 nulli
2056 4464 2151 4516 ex
2190 4443 2670 4540 magnatibus
2722 4466 3015 4545 compa-

746 4559 1090 4655 ruissent,
1129 4562 1226 4637 ad
1262 4558 1570 4638 Calend.
1607 4561 2067 4663 Septembris
2126 4568 2428 4668 distulit,
2472 4563 2785 4647 Interea'
2815 4573 3012 4670 quod
