3293 5219
703 313 859 390 428

699 530 854 622 illo,
915 528 1065 605 Cur
1122 555 1303 628 ergo
1360 534 1706 607 triremes
1767 531 2115 607 infestam
2172 534 2727 631 navigationem
2801 532 2957 606 red-

700 658 959 732 dentes
1013 658 1490 755 reciperent?
1528 659 1866 755 Legatus
1935 681 2103 734 sese
2164 659 2409 736 nullas
2465 662 2800 758 recipere
2852 683 2960 733 re-

699 784 1015 883 spondit,
1053 785 1198 859 nisi
1238 806 1427 883 quas
1465 793 1877 883 tempestas
1905 768 2006 859 eo
2037 784 2480 882 depulisset.
2518 785 2959 868 Accedebat,

705 910 899 1007 quod
940 909 1237 986 Italiam
1315 912 1450 985 sed
1488 911 1930 1010 praesertim
1970 909 2311 987 Venetos
2370 913 2692 987 maxima
2747 934 2957 985 anno-

705 1058 850 1112 nae
910 1036 1163 1135 inopia
1200 1038 1547 1111 laborare
1604 1038 1911 1132 sciebat,
1986 1059 2157 1111 nam
2214 1038 2458 1136 panis,
2499 1039 2623 1135 qui
2678 1060 2961 1112 numum

711 1169 934 1238 antea
971 1162 1225 1254 valuit,
1282 1163 1564 1238 octenis
1603 1163 1982 1258 veniebat,
2019 1185 2257 1261 usque
2295 1164 2506 1259 adeo,
2542 1172 2624 1239 ut
2659 1170 2962 1238 venetae

720 1287 1058 1363 triremes
1095 1311 1329 1363 naves
1407 1290 1794 1365 onerarias
1853 1291 2422 1386 ragusiensium,
2462 1300 2537 1366 et
2571 1289 2968 1386 gallionem

721 1415 929 1491 ducis
967 1414 1423 1510 Florentiae,
1463 1416 1904 1492 frumentum
1945 1441 2039 1492 ex
2097 1415 2374 1515 Apulia
2419 1417 2495 1491 in
2532 1414 2861 1490 Siciliam
2900 1419 2973 1487 et

712 1541 1107 1640 Neapolim
1183 1542 1681 1640 deportantes,
1772 1545 2120 1619 frumenti
2214 1566 2445 1619 causa
2538 1562 2968 1641 expugnare

711 1667 947 1743 coacti
1001 1668 1290 1760 fuerint,
1346 1675 1420 1742 et
1490 1667 1899 1743 maritimas
1972 1669 2137 1744 vias
2195 1668 2566 1764 obsidere;
2623 1664 2964 1742 Venetiis

715 1799 981 1885 autem,
1023 1792 1358 1890 quisquis
1431 1794 1873 1868 frumentum
1946 1795 2359 1888 attulisset,
2441 1817 2579 1892 pro
2655 1790 2969 1886 sing-ulis

705 1921 958 1997 saccis
1089 1921 1460 2018 singulum
1533 1946 1824 1997 numum
1887 1944 2185 1998 aureum
2283 1945 2376 1997 ex
2432 1921 2729 2019 publico
2776 1919 2971 1993 ultra

713 2046 1027 2146 pretium
1125 2047 1314 2122 dono
1372 2047 1766 2147 acciperet.
1806 2047 2070 2145 Neque
2150 2046 2568 2122 crediderat
2640 2045 2968 2121 Venetos

712 2194 1054 2267 magnam
1107 2172 1426 2246 classem
1517 2172 1884 2247 instruere
1976 2194 2224 2270 posse.
2283 2172 2385 2246 At
2457 2167 2732 2247 Veneti
2805 2191 2961 2244 cum

715 2298 1219 2395 intelligerent
1306 2298 1625 2375 classem
1734 2298 2027 2397 parari,
2137 2300 2374 2397 primo
2469 2296 2762 2394 quidem
2870 2295 2969 2369 ni-

716 2424 818 2500 hil
856 2432 1154 2522 praeter
1193 2433 1644 2516 consuetum,
1705 2432 1780 2498 et
1832 2424 2183 2499 usitatum
2237 2422 2532 2499 modum
2571 2420 2733 2496 fieri
2772 2420 2965 2516 cogi·

710 2551 989 2644 tabant,
1027 2572 1197 2625 nam
1259 2549 1553 2648 singulo
1595 2571 1886 2648 quoque
1943 2552 2100 2625 fere
2150 2573 2343 2626 anno
2383 2547 2652 2624 classis
2691 2546 2968 2622 emitte-

714 2678 951 2767 batur,
989 2685 1139 2751 tum
1179 2685 1421 2752 autem
1497 2679 1618 2750 vel
1653 2678 1731 2751 in
1788 2674 2169 2769 Arabiam,
2211 2700 2400 2775 quae
2466 2676 2799 2765 nutabat,
2857 2672 2971 2746 vel

711 2803 787 2876 in
846 2799 1259 2877 Granatam
1351 2802 1635 2878 Mauris
1710 2804 2285 2901 granatensibus
2381 2808 2638 2879 contra
2692 2796 2971 2898 Philip·

711 2949 884 3026 pum
920 2925 1372 3001 bellantibus
1411 2929 1687 3004 auxilio
1728 2930 2140 3006 missurum.
2184 2932 2473 3005 Tamen
2511 2951 2743 3026 supra
2782 2922 2968 3001 ordi·

715 3054 970 3129 narias
1009 3052 1356 3129 triremes
1401 3054 1713 3152 triginta
1770 3057 1984 3151 alias,
2041 3056 2225 3131 nihil
2283 3063 2433 3132 tum
2473 3061 2773 3152 praeter
2812 3072 2975 3126 con-

718 3189 1005 3256 svetum
1041 3201 1339 3275 morem,
1379 3205 1691 3257 armare.
1731 3180 1967 3257 Paulo
2023 3190 2199 3280 post
2238 3205 2398 3256 cum
2439 3177 2975 3256 animadverte-

714 3314 880 3382 rent
916 3329 1010 3381 ex
1055 3305 1490 3382 certissimis
1528 3308 1842 3403 indiciis,
1876 3309 1973 3384 ad
2028 3309 2305 3384 nullum
2343 3306 2567 3382 alium
2606 3327 2822 3380 usum
2859 3329 2977 3380 na-

712 3456 847 3508 ves
925 3432 1400 3531 deportandis
1450 3434 1819 3530 equitibus
1893 3434 2272 3527 fabricari,
2333 3453 2550 3531 quam
2626 3430 2723 3505 ad
2763 3452 2976 3527 expe-

714 3560 1063 3635 ditionem
1102 3561 1611 3657 propinquam,
1653 3583 1740 3636 eo
1782 3561 1976 3658 quod
2015 3561 2112 3636 ad
2150 3560 2628 3658 longinquam
2667 3557 2837 3655 equi
2874 3561 2978 3628 at-

715 3710 857 3784 que
932 3686 1281 3763 animalia
1341 3686 1720 3783 deportari
1774 3711 1920 3763 non
1964 3695 2298 3787 possent:
2337 3694 2488 3761 tum
2544 3684 2980 3760 intellexere

715 3812 806 3887 de
855 3835 991 3889 sua
1029 3838 1111 3889 re
1169 3817 1314 3910 agi,
1374 3821 1448 3889 et
1506 3822 1765 3890 contra
1835 3838 1918 3890 se
1978 3812 2519 3912 expeditionem
2574 3810 2980 3886 clanculum

710 3936 1137 4014 machinari.
1228 3939 1318 4014 Id
1412 3937 1605 4036 quod
1690 3961 1776 4014 eo
1880 3936 2178 4012 facilius
2277 3935 2697 4026 credebant,
2811 3935 2982 4032 quia

709 4061 1154 4163 Solymanus
1263 4065 1796 4165 amplissimum
1875 4073 2166 4162 portum
2261 4071 2334 4139 et
2444 4061 2978 4138 validissimum

703 4189 903 4266 haud
940 4192 1200 4288 procul
1236 4190 1311 4266 in
1369 4192 1766 4290 sexaginta
1806 4190 2143 4268 millibus
2200 4210 2556 4290 passuum
2618 4194 2983 4269 erexerat,

707 4324 783 4392 et
821 4317 1014 4414 quod
1092 4314 1407 4393 Selimus
1446 4319 1521 4393 in
1580 4319 1957 4416 frequenti
1997 4340 2343 4394 sermone
2384 4313 2716 4413 Cyprum
2753 4315 2982 4390 habe·

705 4452 838 4518 ret.
878 4443 1072 4518 Nam
1109 4444 1285 4519 vina
1341 4468 1432 4518 ex
1472 4443 1702 4521 Creta
1777 4455 1852 4520 et
1891 4443 2144 4545 Cypro
2207 4464 2576 4541 generosa
2653 4463 2815 4516 cum
2854 4440 2985 4514 do-

702 4592 798 4661 no
853 4569 1252 4665 aliquando
1293 4570 1362 4643 ei
1400 4570 1802 4664 misissent,
1826 4579 2217 4669 postquam
2274 4574 2751 4672 percontatus
2784 4566 2975 4642 fuis-
