3293 5219
760 278 861 354 72

760 496 870 571 tia
941 495 1208 590 fugare
1275 488 1699 591 potuisset?
1790 494 1910 568 Ita
1965 500 2140 591 post
2211 491 2804 591 vespertinarum
2858 514 3027 591 pre·

764 644 923 695 cum
959 629 1269 717 tempus,
1310 642 1583 715 magna
1623 640 1920 694 suorum
1962 616 2425 693 multitudine
2475 616 2703 693 caede
2742 619 3027 695 amissa

765 771 854 820 ac
911 744 1478 834 convulnerata,
1537 744 1612 817 in
1673 750 1927 818 castra
1979 744 2164 839 fuga
2219 741 2546 838 rediere3
2605 766 2749 842 quo
2788 746 3029 821 nostri

761 871 1085 972 posteris
1140 893 1388 945 rarum
1445 870 1740 944 virtutis
1800 869 2215 968 exemplum
2255 868 2648 947 adversum
2682 893 3030 970 praeser-

762 999 895 1072 tim
931 996 1244 1087 hostem,
1284 992 1432 1069 sibi
1470 994 1792 1090 gloriam
1829 1017 1917 1067 ac
1954 1001 2391 1093 perpetuam
2422 996 2847 1071 memoriam
2886 1004 3033 1073 tra-

767 1123 1140 1211 diderunt,
1181 1123 1415 1196 locum
1453 1119 1961 1197 nobilitarunt.
2021 1120 2183 1195 Nec
2221 1122 2450 1196 multo
2487 1127 2664 1220 post
2698 1144 2894 1197 unus
2935 1146 3031 1199 ex

766 1249 1037 1327 Turcis
1057 1248 1314 1344 lingva
1338 1246 1771 1343 hungarica,
1793 1247 2098 1322 laudata
2118 1246 2431 1344 primum
2470 1247 2741 1322 virtute
2779 1248 3032 1325 defen·

768 1398 1036 1469 sorum,
1059 1375 1240 1449 nihil
1278 1373 1629 1470 deinceps
1671 1371 1762 1445 de
1802 1370 2351 1469 oppugnatione
2400 1369 2589 1469 ipsis
2624 1372 3033 1451 timendum

768 1501 1228 1589 acclamavit,
1252 1497 1543 1598 quando
1567 1499 1801 1573 bassa
1838 1519 1929 1571 ac
1965 1496 2260 1572 Turcae
2297 1496 2414 1573 ira
2462 1520 2551 1574 ac
2589 1519 2887 1574 suorum
2926 1501 3036 1575 in-

770 1628 1105 1703 credibili
1167 1628 1428 1701 damno
1506 1626 1984 1717 consternati,
2044 1627 2338 1701 solvere
2396 1625 2758 1701 obsidium
2800 1633 3037 1704 statu-

772 1754 999 1845 erint,
1058 1762 1132 1827 et
1169 1752 1563 1827 vindictam
1597 1754 1676 1827 in
1732 1760 2108 1850 posterum
2168 1753 2600 1846 cogitarent.
2639 1750 3030 1827 Nihilomi-

772 1902 911 1953 nus
951 1886 1025 1952 et
1061 1878 1300 1953 tribus
1341 1879 1819 1975 sequentibus
1860 1879 2122 1954 diebus
2161 1901 2527 1975 nunquam
2582 1880 2678 1953 ab
2714 1886 3034 1955 tormen-

768 2006 890 2098 tis,
926 2027 1165 2101 neque
1214 2002 1370 2097 his,
1408 2028 1649 2102 neque
1721 2006 1872 2081 illis
1931 2005 2141 2104 quies
2195 2004 2369 2098 fuit;
2425 2006 2562 2081 sed
2596 2012 2861 2102 postea
2898 2028 3040 2104 per

771 2140 1059 2208 noctem
1100 2156 1140 2206 e
1179 2133 1623 2207 stationibus
1646 2132 1978 2208 deducta.
2021 2129 2212 2207 Tum
2236 2154 2527 2229 quoque
2563 2140 3037 2231 erumpentes

770 2259 1007 2333 nostri
1066 2281 1329 2333 saccos
1387 2262 1774 2358 pulverum
1823 2260 1897 2335 in
1956 2282 2204 2334 arcem
2241 2261 2503 2351 tulere,
2562 2266 2639 2333 et
2671 2259 3035 2356 proximis

774 2394 1178 2462 castrorum
1214 2386 1464 2482 ignem
1507 2386 1851 2482 injecere.
1892 2384 2215 2460 Postera
2257 2385 2378 2460 die
2396 2383 2760 2460 Amhatus
2782 2394 3040 2461 castra

772 2513 1037 2605 movit,
1096 2512 1435 2608 sequenti
1488 2511 1642 2611 Aly
1696 2513 1962 2603 bassa,
2022 2535 2213 2609 quae
2248 2510 2387 2587 fuit
2421 2510 2672 2587 Lucae
2709 2534 3037 2609 evange-

770 2638 1032 2730 listae,
1102 2638 1237 2712 sed
1291 2639 1401 2714 ita
1435 2637 2016 2736 praecipitanter
2052 2662 2141 2712 ac
2176 2638 2502 2738 trepide,
2556 2646 2639 2714 ut
2671 2640 3038 2739 pleraque

729 2763 1091 2837 'tentoria
1147 2770 1398 2836 erecta
1453 2785 1788 2859 vasaque
1862 2764 2277 2839 castrensia
2329 2764 2733 2862 reliquerit.
2771 2764 3041 2840 Nostri

773 2894 1022 2962 tamen
1057 2896 1427 2984 tamquam
1467 2888 1562 2962 ad
1600 2910 1928 2987 pugnam
1967 2891 2269 2965 stabant
2305 2891 2589 2990 parati,
2648 2890 2713 2965 si
2750 2891 2867 2966 vis
2909 2899 3040 2969 aut

774 3013 986 3089 dolus
1026 3014 1299 3112 aliquis
1335 3013 1629 3091 hostilis
1669 3015 2072 3114 ingrueret,
2098 3017 2541 3117 captivaque
2561 3017 2842 3093 vexilla
2863 3041 3035 3093 con·

774 3140 1049 3238 spicuis
1088 3141 1164 3215 in
1201 3141 1387 3216 locis
1426 3143 2029 3241 explicaverant,
2087 3165 2277 3240 quae
2332 3143 2588 3220 hostes
2639 3166 2802 3221 cum
2837 3165 3039 3221 moe-

777 3288 944 3342 rore
983 3267 1079 3342 ad
1117 3268 1677 3346 admirationem
1719 3272 2186 3369 spectabant.

991 3394 1253 3471 Nostri
1293 3396 1418 3470 ubi
1474 3397 1787 3494 primum
1828 3396 2043 3473 vacui
2100 3396 2296 3472 omni
2332 3406 2529 3473 metu
2567 3420 2659 3473 ac
2692 3396 3033 3497 periculo

773 3523 1024 3612 fuere,
1085 3521 1331 3595 omnia
1387 3521 1600 3597 simul
1658 3530 2028 3599 tormenta
2081 3545 2320 3621 usque
2359 3523 2457 3598 ad
2490 3546 2708 3599 unum
2746 3523 3041 3620 ingenti

772 3646 1078 3741 fragore
1093 3646 1526 3745 displosere,
1550 3649 2018 3747 clamoreque
2035 3673 2195 3725 cum
2218 3649 2626 3724 divinorum
2663 3649 3040 3725 nominum

773 3772 1314 3871 nuncupatione
1371 3773 1883 3868 sublevantes,
1959 3783 2135 3850 vota
2172 3782 2247 3849 et
2288 3781 2544 3872 grates
2583 3774 2748 3849 Deo
2790 3777 3042 3851 exsol-

775 3920 971 3973 vere.
1020 3898 1123 3973 Et
1156 3899 1378 3996 paulo
1399 3905 1573 3996 post
1611 3899 1836 3976 duces
1879 3898 2338 4000 Stephanum
2376 3899 2671 3976 Fekete
2709 3922 2870 3978 cum
2909 3902 3038 3976 de-

772 4021 986 4099 lectis
1025 4024 1356 4118 emisere,
1397 4025 1521 4122 qui
1558 4026 2006 4103 novissimos
2043 4026 2384 4120 hostium,
2403 4026 2587 4103 nihil
2607 4029 2760 4104 tale
2777 4027 3039 4103 timen-

774 4157 909 4239 tes,
930 4173 1165 4247 eoque
1176 4149 1584 4227 incuriosos
1599 4153 1973 4250 aggressi,
1989 4153 2235 4230 multis
2256 4154 2638 4230 trucidatis
2657 4152 3037 4246 vexillum,

774 4275 1183 4373 mancipia,
1259 4300 1663 4375 currusque
1738 4302 1901 4356 cum
1972 4278 2254 4378 praeda
2324 4303 2416 4355 ac
2487 4278 2749 4378 spoliis
2807 4301 3036 4357 ovan-

775 4400 956 4477 tium
1012 4402 1225 4478 modo
1264 4404 1603 4480 retulere.
1665 4402 1815 4481 Sed
1853 4429 2046 4504 quae
2081 4406 2380 4482 fortuna
2414 4411 2523 4480 tot
2556 4405 2888 4503 praeliis,
2927 4405 3036 4482 in-

773 4535 888 4602 ter
942 4536 1052 4605 tot
1088 4534 1162 4603 ct
1216 4536 1461 4607 tantos
1499 4529 1817 4612 hostiles
1856 4532 2249 4627 exercitus,
2288 4529 2742 4634 Stephanum
2777 4531 3037 4610 Mech-
