3293 5219
2384 268 2486 349 ⁷5

274 494 580 593 episcopi
620 494 764 572 duo
805 502 879 570 et
916 494 1331 594 sexaginta,
1368 499 1442 570 et
1476 493 1553 568 in
1605 490 1721 569 his
1758 492 2093 586 germani
2130 498 2318 586 octo,
2353 514 2503 570 mo-

268 620 618 716 guntinus,
659 619 1131 714 coloniensis,
1177 618 1613 696 trevirensis
1653 617 2217 717 archiepiscopi,
2240 625 2314 694 et
2330 641 2503 695 non-

268 746 432 820 nulli
453 746 602 839 alii,
615 746 916 846 hispani
925 748 1182 844 viginti
1198 744 1754 845 quinque,sardi
1765 743 1928 839 duc,
1949 744 2162 820 siculi
2176 752 2506 842 quatuor,

267 894 574 968 ungarus
681 896 870 949 unus
906 874 1188 951 Paulus
1225 874 1317 950 de
1377 871 1893 972 Gregoriancz
1964 873 2369 970 jauriensis
2427 879 2501 947 et

269 999 572 1074 austrius
593 1023 783 1075 unus
839 1000 1270 1077 Fridericus
1291 1001 1598 1078 Nausea
1618 1000 2013 1098 episcopus
2052 998 2498 1074 viennensis,

268 1124 373 1220 qui
408 1125 626 1201 ambo
683 1127 779 1199 ab
837 1125 1313 1202 Ferdinando
1362 1125 1766 1223 legationis
1807 1122 2051 1199 officio
2091 1124 2497 1219 fungeban-

265 1258 400 1342 tur;
435 1250 705 1348 reliqui
760 1275 1014 1327 omnes
1051 1253 1234 1328 itali.
1293 1250 1622 1328 Adfuere
1664 1260 1739 1326 et
1790 1249 2359 1349 protestantium
2396 1251 2499 1325 le-

268 1375 425 1472 gati,
464 1375 797 1452 Mauritii
834 1378 1039 1453 ducis
1098 1378 1469 1454 Saxoniae
1560 1376 2218 1474 virtembergensis
2257 1385 2332 1451 et
2363 1375 2502 1450 rei-

269 1499 588 1596 publicae
627 1503 1205 1599 argentinensis,
1280 1511 1429 1579 tam
1468 1526 1623 1597 suo,
1645 1526 1861 1599 quam
1902 1503 2212 1578 aliarum
2252 1502 2503 1577 civita·

267 1630 399 1700 tum
435 1627 751 1721 nomine,
792 1629 918 1725 qui
954 1628 1255 1728 publica
1293 1628 1438 1706 fide
1460 1630 1709 1706 caveri
1729 1629 2063 1706 omnibus
2083 1628 2500 1726 cupiebant,

266 1749 331 1826 in
363 1774 522 1827 eum
554 1753 783 1851 plane
821 1755 1151 1847 modum,
1204 1780 1346 1855 quo
1386 1756 1738 1833 Bohemis
1778 1780 1824 1830 a
1861 1754 2171 1831 concilio
2229 1754 2499 1842 basile-

270 1875 411 1950 ensi
430 1884 724 1954 cautum
742 1879 901 1971 fuit,
924 1889 999 1956 et
1021 1879 1170 1956 alia
1191 1881 1575 1979 quaedam,
1598 1904 1788 1980 quae
1825 1880 1922 1956 ad
1952 1881 2242 1958 concilii
2280 1881 2501 1958 liber·

265 2007 471 2078 tatem
535 2011 755 2103 atque
796 2003 1233 2101 dignitatem
1274 2007 1698 2105 cumprimis
1774 2015 2152 2105 spectant:
2193 2030 2495 2105 quorum

276 2148 354 2201 ea
399 2136 612 2204 erant
683 2131 951 2231 capita,
1009 2139 1086 2206 ut
1121 2132 1419 2229 integra
1456 2132 1699 2208 omnia
1739 2140 2213 2208 reserventur
2250 2134 2345 2208 ad
2382 2134 2506 2209 ad-

271 2260 548 2330 ventum
584 2258 1152 2354 protestantium
1210 2258 1766 2354 theologorum,
1822 2281 2060 2355 neque
2116 2260 2351 2333 solum
2407 2261 2503 2333 ab

275 2379 547 2457 actione
605 2384 800 2458 omni
857 2391 1210 2477 cessetur,
1268 2385 1403 2460 sed
1475 2384 1697 2459 etiam
1735 2390 2079 2459 anteacta
2116 2384 2360 2458 omnia
2394 2408 2509 2459 re·

269 2510 687 2600 tractentur,
747 2509 1128 2585 concilium
1187 2517 1432 2586 autem
1488 2533 1844 2584 summam
1901 2533 1991 2583 ac
2044 2510 2503 2608 potissimam

268 2634 761 2710 auctoritatem
822 2636 1176 2730 obtineat,
1232 2638 1338 2713 ita
1375 2644 1456 2711 ut
1490 2637 1824 2736 pontifex
1865 2635 2174 2711 concilio
2214 2659 2298 2711 se
2336 2638 2502 2712 sub-

273 2761 529 2854 mittat,
570 2769 647 2837 et
705 2763 1078 2862 episcopis
1127 2764 1641 2862 jusJurandum
1715 2763 2077 2854 remittat,
2132 2786 2225 2839 ne
2263 2763 2504 2840 studio

271 2886 583 2983 partium,
646 2889 843 2984 quod
879 2888 1003 2963 vel
1043 2890 1118 2962 in
1155 2889 1492 2964 humanis
1531 2890 1757 2964 rebus
1797 2887 2197 2965 absurdum
2237 2897 2375 2982 est,
2416 2889 2505 2965 li-

281 3013 419 3107 gati
455 3013 604 3088 sint
675 3013 1045 3090 hominum
1085 3015 1329 3106 animi,
1405 3014 1538 3090 sed
1575 3015 1651 3090 in
1691 3038 1916 3092 causa
1952 3016 2100 3090 Dei
2137 3023 2213 3092 et
2284 3039 2511 3091 causa

278 3139 519 3216 salutis
557 3148 911 3217 aeternae
947 3141 1164 3218 liberi
1206 3143 1356 3217 sint
1394 3142 1713 3218 omnium
1750 3143 2012 3237 animi,
2050 3142 2291 3219 libera
2317 3144 2507 3241 judi-

281 3262 399 3356 cia,
418 3265 700 3342 liberae
741 3268 1197 3362 sententiae3
1225 3275 1375 3343 tum
1399 3267 1642 3356 etiam,
1662 3276 1744 3343 ut
1779 3269 1930 3343 tale
1972 3269 2071 3344 sit
2106 3268 2502 3346 concilium

271 3388 334 3463 in
371 3413 505 3489 quo
542 3417 786 3490 neque
823 3395 1044 3493 pauci
1065 3395 1368 3493 aliquot,
1404 3395 1735 3492 pontifici
1770 3396 2208 3495 praesertim
2247 3419 2500 3473 assen-

271 3522 531 3611 tantes,
584 3519 719 3595 sed
777 3543 870 3597 ex
911 3521 1247 3597 omnibus
1304 3521 1750 3611 nationibus,
1810 3519 2147 3595 omnibus
2182 3521 2501 3619 populis,

269 3642 685 3720 nobilissimi
780 3669 872 3720 ex
967 3646 1372 3722 doctissimi
1463 3646 1734 3744 quique
1827 3644 2289 3720 conveniant.
2384 3647 2503 3722 De

272 3767 508 3864 quibus
606 3770 943 3847 omnibus
984 3773 1048 3846 si
1122 3769 1582 3848 sufficienter
1673 3779 1747 3846 et
1820 3777 2078 3846 sancte
2136 3780 2507 3862 caveatur,

269 3902 596 3972 venturos
672 3895 1067 3994 theologos
1125 3922 1219 3974 ex
1309 3905 1468 3973 tota
1544 3893 1954 3975 Germania
2024 3897 2508 3997 praestantis-

273 4018 510 4108 simos,
569 4022 698 4118 qui
788 4023 974 4097 nihil
1049 4024 1253 4100 aliud
1297 4027 1456 4122 Jam
1532 4032 2004 4123 exspectent,
2071 4046 2289 4123 quam
2381 4046 2510 4123 pu-

271 4141 488 4221 blicae
543 4153 619 4222 et
659 4156 968 4223 sanctae
1005 4148 1177 4224 fidei
1242 4147 1584 4246 diploma.
1644 4147 1880 4224 Hisce
1920 4147 2011 4223 de
2063 4149 2288 4223 rebus
2349 4171 2510 4225 sae-

273 4290 361 4366 pe
397 4278 470 4347 et
501 4275 803 4349 multum
860 4297 995 4374 per
1054 4283 1392 4353 oratores
1432 4296 1832 4352 caesareos
1871 4295 2097 4371 egere
2138 4298 2155 4368 ;
2210 4295 2381 4348 nam
2420 4275 2517 4348 ad

275 4395 672 4489 pontificios
692 4422 1062 4499 nunquam
1101 4424 1514 4494 accessere,
1553 4423 1648 4476 ne
1684 4401 1910 4477 ullam
1945 4397 2100 4473 illis
2119 4397 2513 4474 auctorita-

273 4512 402 4595 tem
424 4524 823 4603 attribuere
845 4526 1298 4607 viderentur.
1322 4526 1477 4605 Sed
1502 4550 1664 4604 cum
1685 4527 2166 4626 nequicquam
2190 4533 2520 4625 agerent,
