3293 5219
764 291 1183 364 LXXXVIII

762 505 937 567 sem,
999 491 1283 557 mortuo
1341 482 1499 557 eius
1562 479 1914 556 Antistite
1974 472 2208 556 Paulo
2263 474 2819 578 GregorianciO,
2867 505 3012 555 am-

763 608 924 683 bire
963 608 1229 706 coepit,
1271 608 1467 705 quod
1507 617 1731 683 antea
1750 608 2207 683 Varadinum
2249 610 2345 683 ab
2381 610 2709 683 [sabella
2728 609 3019 703 Regina

762 734 1067 832 eiusque
1124 736 1277 810 filio
1335 733 1630 810 auxiliis
1673 734 2011 810 Turcicis
2068 743 2581 834 recuperatum
2641 736 3014 809 amisissit.

762 858 910 935 Sed
933 859 1509 951 maximilianus,
1534 885 1974 958 quamquam
2013 860 2120 933 illi
2160 862 2471 947 faveret,
2504 869 2749 935 tamen
2772 858 3025 935 Cosmi

760 988 1192 1062 Florentiae
1256 988 1483 1061 Ducis
1523 988 1867 1084 precibus
1918 986 2492 1084 muneribusque
2531 996 3020 1084 expugnatae,

757 1112 834 1186 id
872 1114 1386 1202 sacerdotium,
1418 1121 1806 1210 tantopere
1848 1138 1893 1186 a
1934 1111 2305 1207 Forgacio
2348 1114 2772 1210 expetitum.
2815 1138 3025 1211 prae-

759 1240 981 1314 terito
1039 1264 1151 1329 e0,
1211 1239 1626 1314 Zachariae
1690 1239 2060 1335 Delphino
2120 1236 2503 1313 Cardinali
2562 1239 2786 1312 dedit.
2856 1238 3025 1328 Qua

759 1367 1063 1464 repulsa
1104 1364 1542 1460 Forgacius‚
1606 1371 1703 1453 et,
1763 1372 1843 1437 ut
1899 1365 2063 1461 ipse
2122 1365 2675 1461 interpretatur,
2717 1364 3023 1461 ignomi-

759 1493 885 1567 nia
942 1492 1395 1587 indignatus,
1437 1491 1699 1565 relicto
1762 1489 2291 1579 Maximiliano,
2331 1490 2403 1563 in
2445 1490 2739 1565 Italiam
2778 1490 3020 1587 primo

759 1617 1153 1709 concessit,
1194 1625 1269 1690 et
1306 1640 1451 1692 non
1511 1619 1737 1721 multo
1797 1628 1970 1712 post
2008 1639 2100 1689 ex
2143 1616 2366 1690 Italia
2415 1639 2551 1711 per
2590 1616 3020 1711 Ragusinos

758 1751 831 1816 et
872 1743 1234 1830 Thraces,
1275 1764 1365 1814 ac
1422 1764 1558 1838 per
1619 1740 2011 1815 'Furcicam
2072 1740 2439 1824 ditionem,
2481 1748 2740 1815 curata
2778 1741 2841 1813 ei
2881 1764 3019 1837 per

757 1867 1324 1966 Transylvanos
1365 1867 1612 1963 pacati
1654 1866 1940 1940 itineris
1979 1866 2397 1955 securitate,
2440 1866 2533 1939 ad
2597 1866 3017 1949 Iohannem,

757 1995 984 2069 filium
1044 1993 1278 2090 Regis
1336 1994 1715 2081 Iohannis,
1775 2015 1857 2068 se
1907 1993 2234 2086 contulit,
2273 1994 2520 2089 ibique
2560 1994 2740 2075 eius,
2781 2002 2855 2067 ut
2893 2014 3014 2063 vo-

755 2130 945 2211 cant,
1005 2118 1521 2195 Cancellarius
1581 2121 1908 2205 effectus,
1969 2144 2111 2195 non
2176 2122 2361 2194 satis
2419 2128 2708 2215 gratum
2766 2142 2845 2191 se
2901 2117 3015 2191 illi

758 2246 1122 2346 praebuit.
1169 2244 1334 2336 Quo
1365 2270 1405 2318 c
1445 2244 1634 2319 vivis
1676 2246 1992 2331 sublatO,
2036 2246 2416 2343 Stephano
2448 2244 2784 2342 Bathory
2813 2242 2982 2315 Som

756 2376 954 2449 liano
994 2373 1322 2448 eiusdem
1365 2371 1616 2446 Officii
1658 2394 1957 2467 operam
2010 2371 2406 2468 praestitit,
2446 2372 2577 2444 sed
2620 2379 3005 2463 antequam

754 2502 879 2575 illc
921 2501 1016 2575 ad
1058 2498 1388 2572 Polonici
1434 2496 1679 2590 Regni
1719 2496 2095 2591 fastigium
2138 2496 2715 2579 conscendisset,
2759 2517 3004 2568 curan*

756 2629 894 2700 dac
937 2623 1384 2698 valetudinis
1444 2646 1673 2697 causa
1714 2623 2026 2718 (gallico
2086 2624 2274 2696 enim
2326 2624 2580 2696 inorbo
2618 2621 3006 2696 obnoxium

754 2752 985 2826 fuisse
1036 2752 1315 2837 ferunt)
1358 2748 1431 2821 in
1490 2748 1782 2824 Italiam
1841 2749 2079 2837 rediit,
2121 2748 2578 2845 Pataviique,
2617 2756 3011 2843 grassante

755 2884 1005 2975 peste.
1069 2876 1435 2949 extinctus
1495 2886 1630 2965 est,
1691 2877 1983 2950 condito
2043 2876 2544 2960 TestamentO,
2586 2897 2726 2971 quo
2778 2874 3002 2947 Simo-

754 3027 917 3081 nem
959 3013 1033 3077 et
1073 3001 1484 3076 Emericuin
1529 3004 1802 3077 fratres
1845 3002 2163 3091 (Paulus
2224 3004 2413 3075 enim
2457 3012 2625 3076 ante
2665 2999 3001 3076 decesse-

755 3135 909 3219 rat)
949 3129 1264 3203 heredes
1304 3128 1621 3224 reliquit.
1687 3130 2065 3204 Historias
2122 3130 2245 3203 diu
2303 3138 2475 3203 ante
2513 3129 2790 3202 obitum
2831 3128 3003 3203 scri-

754 3259 932 3331 bere
991 3263 1359 3348 coeperat,
1421 3278 1465 3326 a
1523 3262 1756 3327 morte
1815 3253 2050 3349 Regis
2109 3253 2467 3330 Iohannis
2528 3274 2864 3344 exorsus,
2923 3274 3007 3326 ac

752 3385 981 3462 variis
1038 3378 1453 3453 intervallis
1510 3400 1744 3474 usque
1784 3380 1878 3452 ad
1919 3377 2255 3473 Reginae
2315 3377 2693 3452 lsabellae
2733 3385 2808 3452 et
2847 3379 3003 3452 eius

749 3514 880 3590 filii
920 3507 1192 3587 exitum
1248 3505 1722 3603 perduxerat.
1785 3529 1974 3601 quae
2015 3531 2061 3580 a
2111 3505 2354 3579 multis
2412 3506 2579 3579 ideo
2638 3529 2783 3580 non
2839 3529 3002 3602 pro-

751 3642 1039 3726 bantur,
1098 3637 1291 3734 quod
1332 3634 1771 3724 maledictis,
1831 3634 2332 3729 conviciisque
2389 3634 2463 3706 in
2512 3634 2715 3706 viros
2754 3633 3004 3706 claris—

748 3766 1007 3854 simos,
1065 3787 1200 3837 nec
1256 3760 1642 3857 quicquam
1704 3758 1855 3834 tale
1913 3760 2213 3834 meritos
2271 3768 2561 3835 scatere
2631 3759 2988 3845 videntur,

750 3914 885 3964 nec
937 3889 1207 3985 ubique
1247 3908 1491 3960 rerum
1533 3894 1914 3979 gestarum
1976 3888 2338 3961 sinceram
2398 3887 2614 3960 fidem
2669 3892 3000 3975 tuentur;

756 4024 999 4090 tamen
1060 4015 1154 4089 ob
1211 4034 1452 4087 rerum
1493 4020 1869 4107 gestarum
1908 4014 2326 4088 memoriam
2385 4014 2658 4107 dignae
2715 4010 3001 4085 censeri

747 4148 1076 4231 possunt,
1119 4160 1308 4232 quae
1364 4136 1436 4209 in
1499 4136 1734 4211 lucem
1773 4139 2150 4233 prodeant.
2195 4147 2415 4233 atque
2466 4137 2652 4211 adeo
2693 4160 2853 4210 cum
2892 4136 2992 4208 iu-

751 4259 939 4332 dicio
979 4283 1113 4354 per
1152 4285 1431 4356 aequos
1490 4285 1839 4337 censores
1883 4265 2247 4357 legantur.
2313 4261 2664 4359 Sepultus
2703 4272 2819 4335 est
2857 4262 2994 4334 Pa-

751 4382 927 4459 tavii
968 4383 1163 4477 apud
1205 4384 1472 4458 Patres
1513 4384 1679 4461 Soc¹
1728 4387 1921 4461 Iesu.
2004 4400 2506 4467 (Est0r¹·!¹z›·-e‹›‹¹·)-
