3293 5219
2329 339 2484 420 143

249 581 575 635 cesssum
595 558 792 635 ultra
815 583 1105 635 amnem
1128 559 1413 635 Muram
1432 567 1567 652 est,
1589 566 1826 634 strato
1847 565 2070 657 ponte
2099 583 2331 657 penes
2369 583 2491 635 va-

250 687 434 779 dum,
496 686 614 759 cui
671 709 763 760 ex
804 685 1124 761 obscura
1181 682 1439 759 villula
1492 684 1797 779 Legrad
1844 693 1959 759 est
2014 707 2300 762 nomen.
2337 685 2490 763 Ubi

250 813 510 888 mirum
573 821 851 910 quauta
887 812 1111 888 fuerit
1144 811 1605 910 perturbatio
1645 834 2045 904 carrorum,
2068 812 2333 912 quibus
2367 814 2493 886 im-

246 940 668 1038 pedimenta
723 939 1212 1029 vehebantur,
1270 945 1492 1034 atque
1533 938 1887 1030 confusio,
1927 938 2096 1016 dum
2136 921 2377 1038 quivis
2416 950 2496 1015 ut

250 1075 495 1165 potest
529 1067 997 1145 tumultuarie
1053 1065 1348 1165 praeire
1388 1074 1712 1158 conatur,
1769 1075 2345 1165 perventumque
2400 1067 2497 1142 ad

250 1191 484 1270 locum
506 1217 682 1269 sera
719 1202 931 1268 nocte
949 1202 1083 1269 est.
1126 1193 1377 1267 Turca
1414 1202 1493 1267 ut
1512 1177 1635 1290 qui
1656 1216 1696 1267 e
1733 1193 2007 1268 nostris
2064 1194 2287 1269 rebus
2327 1217 2493 1270 con-

257 1318 493 1395 silium
587 1342 1154 1417 successumque
1229 1319 1600 1417 captabat,
1657 1319 1783 1395 ubi
1839 1319 1918 1394 id
1955 1319 2506 1423 animadvertit,⁸

262 1446 603 1522 resumtis
659 1444 922 1521 animis
977 1423 1425 1540 pertinacior
1481 1467 1652 1520 esse
1716 1445 1991 1543 incipit,
2047 1448 2497 1536 consultans,

258 1597 416 1648 num
455 1573 857 1649 exercitum
910 1572 1267 1670 principis
1326 1573 1693 1671 persequi,
1736 1596 1833 1647 an
1871 1575 2114 1650 locum
2176 1571 2498 1672 aliquem

261 1701 640 1790 obsidione
681 1700 982 1797 cingere
1021 1700 1119 1775 sit
1183 1724 1223 1774 e
1301 1723 1382 1774 re
1420 1701 1663 1796 magis
1711 1702 2069 1796 futurum3
2107 1709 2496 1778 tentasset-

260 1851 392 1923 que
429 1827 634 1902 haud
671 1828 890 1903 dubie
929 1826 1226 1924 aliquid,
1266 1827 1407 1903 nisi
1466 1851 1775 1922 annona,
1818 1852 2005 1926 quae
2044 1811 2496 1926 pervastatis

259 1955 458 2048 agris
496 1962 573 2029 et
611 1955 992 2053 superiore
1033 1961 1107 2029 et
1145 1956 1521 2058 praesenti
1547 1978 1774 2048 anm,
1814 1957 2070 2052 gravis
2110 1955 2493 2031 admodum

260 2102 423 2154 esse
462 2081 860 2179 coepisset,
899 2104 1062 2157 eum
1101 2106 1170 2156 a.
1181 2082 1564 2179 proposito
1602 2083 2153 2159 absterruisset.

467 2205 832 2305 Princeps
870 2231 1012 2305 quo
1052 2216 1127 2282 et
1162 2215 1396 2282 metus
1416 2208 1661 2283 labem
1684 2218 2059 2307 purgaret,
2081 2218 2156 2285 et
2189 2209 2497 2302 hostem,

261 2333 746 2429 ambiguitate
816 2331 1077 2432 praelii
1157 2335 1586 2432 perplexum
1662 2335 2023 2424 redderet,
2099 2336 2495 2433 copiasque

259 2462 423 2555 ejus
481 2459 979 2553 distraheret„
1009 2470 1311 2558 postero
1370 2462 1489 2536 die
1543 2470 1838 2558 pontem
1895 2464 2151 2537 Dravo
2189 2462 2499 2538 insterni

253 2587 487 2684 jubet,
531 2608 800 2684 sparso
830 2589 988 2685 jam
1029 2595 1200 2663 ante
1221 2611 1535 2679 rumore,
1559 2563 1844 2688 partem
1885 2589 2255 2665 exercitus
2296 2585 2499 2665 Scla-

265 2714 558 2789 voniam
616 2715 1030 2812 petituram,
1091 2723 1311 2813 atque
1373 2715 1477 2788 ibi
1532 2715 1989 2813 utquodque
2030 2715 2500 2792 castellorum

264 2841 640 2917 hostilium
715 2842 1010 2917 obvium
1065 2842 1304 2934 fuerit,
1379 2842 1828 2936 invasuram,
1886 2836 2496 2941 oppugnaturam,

262 2966 702 3066 flammaque
740 2975 814 3043 et
850 2969 1048 3045 ferro
1087 2970 1329 3044 omnia
1403 2969 1847 3045 deletur-am:
1889 2978 2175 3068 partem
2211 2972 2288 3045 in
2345 2969 2496 3046 Un-

266 3096 554 3192 gariam
590 3093 1089 3193 Vesprimium
1111 3118 1396 3188 versus,
1418 3098 1730 3194 locaque
1770 3096 1840 3171 ei
1876 3097 2117 3171 vicina
2151 3097 2317 3194 pari
2358 3105 2504 3173 stu-

268 3223 386 3299 dio
425 3223 945 3321 repetituram:
1002 3224 1417 3322 principem·
1443 3224 1683 3321 ipsum
1724 3247 1884 3297 cum
1921 3225 2189 3303 robore
2228 3225 2506 3299 exerci-

274 3359 415 3446 tus,
459 3374 606 3449 quo
645 3352 1088 3427 commodius
1127 3377 1169 3428 e
1207 3352 1373 3449 pari
1412 3374 1644 3451 prope
1684 3352 1927 3449 spatio
1972 3352 2263 3448 utrique
2303 3375 2511 3427 exer-

273 3478 464 3569 citui,
505 3478 572 3552 si
607 3478 797 3552 forte
835 3500 1021 3576 opus
1078 3478 1195 3571 sit,
1271 3485 1677 3567 succurrat,
1736 3477 1813 3552 in
1870 3479 2032 3552 loco
2088 3500 2512 3574 permansu-

273 3629 472 3699 rum3
567 3604 682 3678 sin
740 3603 990 3680 Turca
1026 3605 1394 3703 penitiora
1467 3603 1793 3701 regionis
1830 3603 2207 3697 invaserit,
2246 3603 2511 3709 tripar-

271 3734 403 3810 tito
463 3733 1056 3826 circumveniant,
1133 3741 1539 3831 apertoque
1618 3755 1780 3807 cum
1857 3753 1944 3805 eo
2001 3739 2235 3806 marte
2292 3730 2511 3828 depu-

276 3868 525 3955 gnent.
578 3861 934 3958 Imposito
988 3861 1240 3957 itaque
1298 3860 1393 3934 ad
1450 3860 1784 3934 Dravum
1839 3864 2081 3956 ponte,
2140 3857 2358 3932 tertio
2398 3857 2514 3931 die

274 4008 522 4062 comes
542 3984 835 4060 Zrinius
856 4009 1017 4062 cum
1039 3984 1274 4082 copiis
1294 3982 1902 4083 provincialibus,
1945 4003 2250 4078 quorum
2288 4003 2516 4078 supra

275 4107 980 4215 meminimus,}levis
1037 4112 1441 4210 gravisque
1499 4120 1918 4187 armaturae
1975 4132 2067 4184 ex
2108 4107 2513 4207 composito

272 4241 348 4315 in
386 4239 859 4316 Sclavoniam
879 4241 1175 4338 trajicit.
1201 4238 1589 4316 Palatinus
1612 4246 1930 4313 econtra
1951 4260 2115 4311 cum
2154 4258 2263 4325 ec,
2303 4258 2518 4333 quem

276 4370 413 4446 sub
487 4369 819 4444 Babocia
891 4392 1136 4444 secum
1193 4368 1467 4459 habuit,
1526 4365 1754 4441 milite
1812 4389 2121 4462 ungaro,
2180 4371 2254 4438 et
2348 4387 2512 4459 ger-

279 4520 488 4572 mano
562 4493 914 4571 Canisam
986 4516 1250 4569 versus
1326 4492 1775 4568 transmittit.
1856 4494 2106 4566 Turca
2162 4489 2515 4589 principis

281 4623 706 4699 reversione
804 4623 1125 4718 cognita,
1185 4620 1440 4695 eodem
1505 4619 1620 4692 die
1701 4616 1950 4692 Cazon
2020 4619 2350 4703 bassam,
2400 4617 2517 4691 cui
