3293 5219
2404 304 2564 380 237

300 524 742 598 vectionem.
787 519 1212 622 Stephanus
1255 518 1543 618 Batory
1585 541 1875 616 quoque
1932 521 2233 618 profuit,
2312 546 2403 597 ne
2452 530 2561 598 tot

301 650 876 726 christianorum
935 647 1257 722 nationis
1317 669 1495 722 suae
1552 647 1783 721 millia
1839 645 2336 723 internecione
2395 673 2558 748 per-

298 776 518 849 irent.
575 783 650 850 et
686 775 893 850 locus
935 773 1555 848 Transsilvaniae
1642 797 1733 846 ac
1793 772 2130 869 reliquiis
2172 774 2557 871 Ungariae

305 910 789 1000 opportunus.
1549 915 1552 916 ’

525 1022 748 1101 Certe
770 1026 916 1101 Dei
964 1024 1398 1100 immortalis
1438 1024 1797 1099 beneficio
1834 1033 1985 1099 tum
2008 1026 2375 1102 exercitus
2414 1026 2560 1118 ille,

312 1150 805 1239 Sacmarium,
881 1159 956 1225 et
994 1150 1324 1245 reliquae
1402 1149 1718 1224 ditiones
1793 1158 2159 1249 utcunque
2226 1176 2555 1250 perman¹

307 1283 586 1351 serunt.
610 1277 802 1350 Nam
840 1275 914 1348 in
939 1274 1249 1348 consilio
1291 1274 1777 1350 deliberatum
1808 1277 1964 1371 jam
2004 1277 2158 1368 fuit,
2178 1278 2282 1352 uti
2322 1300 2562 1352 crum-

311 1411 599 1500 perent,
638 1411 712 1476 et
751 1425 897 1498 qua
935 1400 1221 1476 ratione
1261 1409 1608 1498 possent,
1669 1401 1809 1474 sibi
1866 1402 2356 1477 consulerent.
2416 1402 2563 1477 Ve-

308 1550 468 1602 rum
510 1528 878 1602 Budensis
934 1527 1178 1602 triduo
1219 1536 1391 1602 ante
1434 1527 1621 1601 diem
1664 1534 2019 1603 statutam
2059 1526 2425 1622 discessit,
2487 1539 2562 1604 et

318 1653 577 1751 primis
603 1654 871 1729 castris
907 1653 1268 1728 Echetum
1288 1649 1598 1750 venit*);
1642 1654 1913 1729 ibilevi
1951 1655 2289 1752 utrinque
2329 1665 2565 1730 certa-

320 1779 515 1853 mine
574 1779 829 1855 habito
871 1780 1086 1878 pauci
1125 1779 1464 1875 utrinque
1505 1778 1907 1854 desiderati
1944 1789 2131 1855 sunt.
2189 1780 2386 1855 Hinc
2424 1782 2566 1854 Bu-

314 1904 570 1980 densis
586 1904 1329 2003 atque'l‘emesiensis
1343 1903 1697 2002 bipartito
1718 1906 2047 1980 exercitu
2066 1905 2321 1980 domos
2337 1907 2567 1981 redie-

310 2041 520 2127 runt3
575 2032 696 2106 hic
749 2038 1051 2128 praeter
1093 2028 1395 2104 Giulam
1454 2032 1783 2106 exercitu
1822 2032 2061 2119 ducto,
2100 2032 2389 2128 praelio
2431 2056 2556 2107 ex-

315 2167 577 2256 ceptus
618 2165 733 2232 est
772 2156 972 2233 haud
1011 2156 1490 2232 memorabili.
1532 2156 1876 2231 Nondum
1919 2157 2159 2233 adhuc
2197 2160 2388 2233 bene
2410 2156 2561 2231 fini-

314 2295 389 2361 to
429 2307 577 2358 uno
617 2284 839 2376 bello,
863 2283 1115 2357 statim
1156 2282 1358 2357 aliud
1397 2283 1671 2358 bellum
1711 2283 1952 2381 erupit
1987 2285 2064 2356 in
2095 2283 2567 2358 Transsilva·

313 2413 460 2485 nia.
505 2408 886 2507 Siquidem
923 2410 1251 2484 Balassa
1289 2409 1383 2484 ab
1423 2409 1631 2483 initio
1675 2407 1966 2485 Siculos
2025 2409 2097 2481 in
2136 2411 2564 2484 societatem

320 2537 757 2615 defectionis
816 2537 1373 2613 sollicitaverat.
1452 2537 1817 2613 Antonius
1876 2559 2161 2635 quoque
2200 2537 2438 2613 Zekel
2476 2561 2567 2613 ex

318 2690 408 2740 ea
447 2673 668 2761 gente
711 2665 1084 2756 oriundus,
1125 2688 1219 2739 ex
1257 2665 1641 2740 Moldavia
1669 2666 1722 2742 J
1727 2668 1960 2740 acobo
2001 2665 2398 2761 adjuvante
2436 2688 2571 2764 per

319 2797 650 2864 secretos
689 2790 995 2865 nuncios
1035 2811 1165 2863 eos
1207 2788 1681 2866 vehementer
1720 2792 2180 2866 incitaverat.
2232 2790 2441 2883 Quae
2482 2815 2567 2866 eo

321 2916 626 2992 consilio
686 2916 1201 3010 agitabantur,
1258 2922 1338 2989 ut
1394 2917 1444 2992 J
1451 2916 1813 2991 ohannem
1869 2918 2159 2994 interno
2218 2917 2432 2993 simul
2490 2929 2563 2991 et

322 3049 628 3116 externo
671 3040 868 3114 bello
911 3040 1004 3115 ad
1045 3040 1641 3138 desperationem
1682 3043 2079 3140 aliqualem
2102 3044 2570 3132 adducerent,

321 3166 1110 3263 circumvenirentque,
1190 3177 1262 3241 et
1316 3168 1462 3243 sibi
1502 3169 1745 3265 magis
1820 3169 2271 3266 prospicere,
2352 3192 2568 3266 quam

324 3295 594 3368 bellum
635 3294 910 3369 inferre
952 3302 1365 3368 conaretur.
1423 3296 1703 3369 Verum
1755 3318 1991 3390 neque
2048 3294 2365 3393 proditio
2421 3303 2571 3369 tam

329 3443 656 3509 concors,
716 3427 790 3493 et
824 3427 977 3494 tam
1014 3428 1354 3517 prompta
1395 3421 1666 3517 ubique
1710 3420 1906 3518 apud
1945 3443 2197 3494 omnes
2236 3442 2407 3494 esse
2445 3443 2573 3517 po-

323 3546 477 3633 tuit,
502 3555 578 3619 et
615 3544 876 3618 turcici
918 3546 1286 3622 exercitus
1326 3553 1560 3620 metus
1600 3547 1936 3619 homines
1976 3546 2362 3619 retinebat.
2387 3542 2571 3618 Cae-

322 3671 601 3746 sariani
643 3694 930 3768 quoque
970 3696 1104 3769 per
1143 3681 1251 3746 tot
1291 3673 1543 3747 clades
1584 3681 1976 3771 acceptas,
2037 3679 2110 3746 et
2165 3696 2210 3747 a
2249 3671 2575 3745 Budensi

321 3795 689 3895 repressi,
787 3796 1084 3871 amissis
1162 3799 1721 3897 quamplurimis
1780 3799 2135 3873 militibus
2192 3807 2413 3894 atque
2459 3800 2573 3893 ju-

323 3923 609 4014 mentis,
632 3922 1002 4019 rebusque
1038 3925 1280 4015 fracti,
1304 3927 1493 4000 satis
1535 3927 1914 4001 habebant
1951 3948 2119 4000 sese
2160 3923 2575 4013 defendere,

326 4073 482 4125 cum
522 4056 771 4124 tamen
807 4049 920 4124 illi
960 4049 1190 4126 semel
1236 4052 1398 4146 jam
1455 4061 1622 4127 ante
1682 4053 2004 4142 incitati,
2052 4051 2575 4150 explicareque

326 4199 493 4253 sese
551 4175 990 4267 nescientes,
1032 4176 1105 4250 in
1163 4178 1557 4274 perniciem
1616 4202 1821 4253 suam
1880 4200 2119 4253 ruere.
2181 4177 2376 4253 Nam
2415 4197 2579 4250 con-

502 4384 559 4450 st)
605 4380 871 4452 For-gach
894 4385 947 4435 S.
984 4385 1294 4453 jcgyzctc:
1338 4385 1415 4440 Mi
1454 4386 1504 4439 is
1546 4386 1659 4440 oda
1682 4386 1868 4442 Ecsed
1891 4385 1986 4441 ala
2006 4385 2272 4449 menenk,
2312 4386 2370 4440 ki
2410 4402 2574 4455 nycr·

326 4474 518 4543 getlen
557 4472 751 4538 lovon,
790 4472 849 4526 ki
889 4471 986 4528 fetk
1026 4472 1226 4527 nelkiil
1263 4475 1452 4539 valon,
1494 4475 1548 4529 ki
1579 4474 1766 4546 egycb
1796 4474 2083 4532 szerszam
2127 4476 2343 4545 nelkfll,
2382 4476 2441 4530 ki
2481 4492 2577 4547 pc·

327 4564 421 4635 nig
458 4566 691 4636 gyalog,
733 4570 878 4619 mert
916 4563 1222 4636 megcgtck
1262 4566 1396 4621 vala
1433 4564 1665 4620 affdlek.
