3293 5219
2328 324 2484 399 249

225 537 544 611 maxime
585 546 865 636 posset,
906 538 1250 635 dignitati
1279 540 1705 633 pontificiae
1748 542 2184 616 consuleret.
2225 543 2489 618 Disce-

228 664 417 760 ptati
460 673 630 739 sunt
685 664 877 739 inter
936 686 1317 739 caesarem
1369 673 1443 739 et
1478 664 1938 764 pontificem,
1997 666 2304 743 Morono
2363 694 2486 744 an-

222 790 506 865 nitente
565 791 949 889 praecipui
1008 792 1299 865 articuli
1363 793 1863 882 controversi,
1947 818 2034 865 ac
2109 815 2342 891 usque
2401 818 2488 869 eo

227 925 528 991 ventum
553 924 689 1007 est,
710 925 789 991 ut
820 917 1299 1014 Jurisperitis,
1326 941 1632 1015 quorum
1672 942 1906 1016 opera
1942 942 2208 1009 caesar
2248 927 2487 995 utere-

222 1052 358 1134 tur,
401 1042 830 1141 pontificiae
893 1040 1328 1137 largitiones
1371 1043 1966 1118 obtenderentur.
2027 1045 2214 1142 Ejus
2257 1046 2488 1120 disce-

220 1168 580 1266 ptationis
638 1167 703 1240 is
759 1168 925 1241 finis
982 1167 1140 1259 fuit,
1198 1169 1396 1265 quod
1450 1192 1710 1267 pauca,
1771 1194 1963 1267 quae
2022 1171 2119 1245 ad
2179 1172 2479 1246 liberta-

225 1306 372 1371 tem
451 1302 528 1367 et
582 1295 892 1368 formam
949 1294 1238 1368 concilii
1312 1296 1807 1393 pertinerent,
1888 1298 2487 1374 reformarentur.

230 1418 582 1496 Ceterum
650 1442 810 1494 cum
868 1423 1328 1519 perspiceret
1408 1446 1691 1514 caesar,
1789 1423 2212 1518 dogmatum
2275 1450 2486 1523 prae-

234 1552 456 1648 cipua
514 1605 528 1638 ,
662 1547 1437 1645 reformationemque
1537 1549 1752 1624 enixe
1863 1551 2144 1643 caveri,
2257 1553 2488 1627 Italos

227 1674 640 1774 plerosque
698 1674 1060 1763 titulares‚
1119 1698 1422 1771 quorum
1484 1678 1708 1750 multo
1767 1679 2004 1772 major
2063 1700 2243 1774 pars
2285 1688 2489 1754 esset

226 1800 560 1891 concilii,
639 1800 959 1875 intentos
1019 1803 1392 1900 pontifici,
1472 1802 2012 1879 Germanorum
2072 1805 2213 1878 nisi
2270 1828 2488 1880 unum

231 1931 810 2024 suffraganeum,
854 1930 1126 2003 nullum
1167 1929 1458 2023 adesse,
1502 1929 1787 2004 destitit
1825 1931 2178 2006 instituto.
2222 1931 2496 2007 Neces-

234 2040 523 2131 sarium
580 2055 914 2129 duximus
975 2057 1419 2155 praecipuos
1459 2082 1551 2132 ex
1589 2058 1905 2134 formula
1946 2058 2279 2133 caesaris
2319 2059 2493 2133 arti-

238 2185 450 2259 culos
496 2188 896 2255 annotare:
975 2180 1081 2257 Ut
1138 2182 1431 2277 integra
1491 2204 1723 2257 coena
1783 2184 2084 2258 Domini
2145 2182 2241 2257 ad
2281 2206 2499 2257 evan-

230 2308 557 2407 gelicam
614 2307 1089 2384 traditionem
1146 2317 1656 2405 revocaretur;
1699 2311 2213 2385 sacerdotibus
2251 2312 2498 2407 conju-

234 2438 443 2535 gium
501 2435 1056 2529 restitueretur3
1115 2436 1437 2533 pontifici
1478 2437 1883 2512 auctoritas
1943 2437 2166 2510 certis
2202 2436 2499 2532 legibus

232 2572 309 2639 et
349 2562 622 2639 finibus
661 2568 1156 2659 statueretur3
1214 2563 1508 2639 concilii
1584 2574 1657 2639 et
1731 2561 2101 2663 pontificis
2138 2563 2499 2661 primatus

235 2690 891 2785 determinaretur;
932 2689 1528 2786 dispensationes
1569 2691 1667 2765 ad
1704 2690 2293 2766 aedificationem
2335 2711 2500 2762 con·

241 2817 724 2911 cederentur;
803 2817 1050 2888 curiae
1111 2837 1460 2890 romanae
1517 2818 1796 2891 abusus
1868 2817 2502 2891 reformarentur:

242 2951 457 3018 certa
494 2941 811 3017 formula
851 2935 1253 3015 electionis¹
1276 2942 1956 3039 praescriberetur3
2006 2945 2131 3038 jus
2171 2942 2495 3016 divinum

241 3071 337 3145 de
400 3067 805 3143 residentia
880 3065 1392 3165 episcoporum
1458 3067 2024 3163 declararetur;
2082 3067 2498 3143 cardinales

239 3219 335 3270 ex
395 3192 733 3268 omnibus
790 3191 1213 3267 nationibus
1271 3193 1658 3284 creandos,
1722 3217 1810 3268 ac
1850 3193 2145 3268 definito
2204 3215 2502 3266 numero

241 3320 579 3420 priorum
617 3317 1089 3393 conciliorum
1129 3318 1429 3393 decreta
1468 3318 1950 3392 sancirentur.
2007 3318 2126 3391 Ex
2168 3317 2500 3391 omnibns

242 3447 376 3521 vix
407 3445 729 3544 primum
770 3452 1173 3536 extortum,
1235 3443 1370 3518 sed
1428 3451 1507 3517 ut
1555 3447 1716 3539 ejus
1760 3442 2236 3541 dispensandi
2272 3465 2502 3539 penes

241 3572 666 3673 pontificem
721 3570 1043 3646 facultas
1101 3578 1325 3660 esset,
1385 3593 1520 3668 per
1559 3591 1722 3643 eum
1764 3570 2123 3644 effectum.
2184 3570 2301 3643 De
2341 3590 2508 3643 con-

234 3700 450 3797 jug-io
491 3697 930 3773 clericorum
969 3689 1192 3772 etiam
1252 3697 1456 3771 finito
1518 3696 1832 3774 concilio
1874 3698 2176 3772 multum
2214 3695 2506 3770 labora-

245 3836 399 3902 tum
436 3834 573 3919 est,
602 3833 676 3900 et
713 3848 849 3923 per
889 3824 1459 3911 Ferdinandum,
1501 3834 1574 3899 et
1614 3825 1880 3899 deinde
1903 3823 2506 3899 Maximilianum.

251 3950 637 4049 Siquidem
697 3973 859 4025 cum
919 3976 1051 4049 per
1089 3951 1515 4049 pontificem
1553 3952 1872 4026 obtineri
1911 3951 2035 4025 vix
2074 3971 2302 4048 posse
2342 3970 2507 4045 spe-

254 4087 535 4173 tarent,
576 4077 966 4160 concilium
1003 4101 1138 4175 per
1164 4074 1643 4151 Germaniam
1677 4075 2054 4153 nationale
2098 4073 2506 4171 cogendum

174 4237 183 4242 ·
257 4212 717 4288 statuerant,
757 4204 863 4279 ita
902 4212 1025 4278 aut
1063 4202 1627 4301 permittendum
1666 4203 1996 4301 pontifici
2033 4201 2323 4293 fuisset,
2383 4206 2509 4273 aut

254 4330 554 4406 decreto
613 4330 901 4406 concilii
978 4337 1332 4406 statutum
1378 4331 1608 4406 foret:
1689 4330 1961 4428 quippe
2017 4326 2262 4423 leges,
2322 4327 2509 4422 quas

257 4466 535 4532 vocant
572 4457 1007 4548 decretales,
1074 4458 1339 4532 docere
1388 4455 1808 4554 jurisperiti
1867 4456 2238 4530 affirmant
2281 4481 2294 4524 :
2352 4473 2504 4527 ces-

259 4591 476 4658 sante
516 4583 883 4682 pontifice,
922 4585 1448 4682 imperatorem
1504 4603 1906 4674 romanum,
1949 4589 2301 4676 tanquam
2366 4574 2511 4674 pri-
