3293 5219
2436 276 2595 355 355

331 479 407 552 in
479 481 846 556 mandatis
924 481 1049 556 dat
1108 510 1123 553 :
1203 492 1280 556 ut
1357 506 1621 558 caesar
1698 486 1839 559 XL
1916 488 2148 566 millia
2174 485 2594 590 Jnummum

334 627 670 699 aureum,
767 630 950 702 quos
1065 608 1650 684 Transsilvanus
1769 616 2191 709 purpuratis
2290 619 2582 694 nomine

332 729 662 805 donativi
716 755 853 829 pro
933 753 1021 804 eo
1080 742 1560 822 numerasset,
1638 735 2126 831 dependeret:
2225 740 2587 817 Sendero-

335 856 533 930 viam
575 857 1021 943 restitueret,
1073 865 1145 930 et
1185 855 1661 934 Szakolciam
1703 862 2047 960 oppidum
2087 865 2469 942 Moraviae
2507 870 2585 942 fi-

329 981 683 1075 nitimum,
749 982 822 1055 in
864 982 1058 1079 quod
1110 982 1287 1056 belli
1339 991 1666 1080 tempore
1743 1009 2045 1062 uxorem
2106 973 2267 1064 cum
2327 992 2585 1067 liberis

325 1107 754 1201 collocaret,
817 1107 1006 1180 dono
1047 1107 1117 1179 ei
1155 1107 1384 1182 daret.
1427 1107 1796 1186 Svendius
1854 1114 2159 1208 ncgavit
2212 1118 2585 1191 tractatio-

336 1257 508 1308 nem
546 1236 771 1308 ullam
828 1257 986 1308 cum
1028 1256 1113 1306 eo
1154 1233 1521 1326 initurum,
1582 1235 1729 1309 nisi
1784 1238 1991 1333 prius
2035 1236 2583 1335 Sigismundum

330 1358 653 1435 Geloum
713 1384 752 1433 e
831 1359 1167 1434 custodia
1225 1360 1644 1437 dimitteret.
1703 1363 1793 1437 Id
1877 1365 2002 1438 ubi
2061 1366 2156 1442 ad
2214 1368 2583 1445 Bebecum

324 1489 647 1562 relatum
703 1486 994 1576 fuisset,
1060 1509 1151 1559 ex
1193 1486 1769 1560 Transsilvania
1825 1490 2039 1562 uxori
2094 1515 2230 1587 per
2289 1493 2580 1569 litteras

325 1612 672 1710 injungit,
710 1620 791 1685 ut
829 1608 1168 1701 Geloum,
1207 1610 1483 1684 tabulis
1524 1613 1903 1706 confectis,
1945 1616 2210 1713 quibus
2250 1619 2584 1716 obligata

323 1740 474 1813 fide
516 1737 827 1812 reditum
884 1758 1089 1809 suurn
1149 1735 1611 1832 polliceatur,
1672 1748 1962 1815 retenta
2004 1743 2467 1839 supellectile
2508 1754 2582 1819 et

320 1864 820 1938 familiaribus
879 1863 1210 1935 dimittat.
1252 1863 1331 1935 Is
1372 1870 1592 1959 atque
1633 1865 1981 1943 dimissus
2022 1876 2156 1962 est,
2196 1871 2291 1944 ad
2348 1869 2576 1946 Sven-

323 1991 529 2065 dium
572 2013 656 2063 se
714 1990 1018 2076 confert,
1078 2012 1237 2062 cum
1279 2012 1366 2062 eo
1409 1988 1497 2061 de
1555 1993 1865 2086 negocio
1925 1994 2200 2069 Bebeei
2258 2004 2576 2073 acturus.

321 2116 608 2191 Verum
650 2112 1016 2188 Svendius
1055 2121 1227 2188 ante
1266 2136 1427 2187 cum
1493 2137 1579 2190 eo
1621 2140 1846 2213 agere
1886 2119 2038 2192 ulla
2078 2119 2168 2193 de
2209 2143 2288 2195 re
2325 2124 2579 2213 noluit,

315 2266 546 2340 quam
584 2243 831 2316 soluta
891 2240 1085 2337 apud
1148 2240 1519 2314 Bebecum
1592 2243 1738 2317 fide
1796 2246 1872 2317 in
1946 2245 2315 2341 integrum
2383 2250 2579 2322 foret

315 2368 736 2463 restitutus;
794 2388 1032 2462 neque
1109 2366 1354 2440 redire
1415 2366 1784 2441 volentem
1844 2369 2139 2462 dimisit,
2218 2372 2393 2467 quin
2430 2374 2573 2448 imo

311 2505 395 2570 ut
434 2517 622 2568 suae
655 2492 1073 2568 consuleret
1127 2492 1322 2580 fidei,
1399 2493 1679 2568 abitum
1736 2494 2154 2569 molientem
2213 2497 2569 2573 adhibitis

312 2620 752 2695 custodibus
809 2620 1006 2718 apud
1063 2619 1509 2715 Forgacium
1568 2622 1956 2696 observari
2003 2625 2272 2719 jussit3
2353 2635 2426 2700 et
2481 2651 2572 2701 ne

319 2749 706 2823 videretur
771 2748 923 2822 ulla
979 2747 1250 2844 injuria
1321 2747 1660 2839 afficere,
1721 2748 1958 2824 denuo
2036 2750 2132 2825 ad
2205 2752 2573 2827 Bebecum

313 2876 604 2966 scribit,
647 2884 725 2948 ut
766 2872 1082 2948 Geloum
1122 2876 1342 2971 plane
1382 2873 1692 2948 liberum
1735 2898 1903 2949 esse
1935 2876 2218 2972 jubeat,
2258 2880 2572 2977 fideque,

313 3027 468 3101 qua
503 3003 617 3076 illi
657 3002 1054 3077 obstrictus
1113 3010 1333 3093 esset,
1375 3001 1745 3074 absolvat.
1808 3002 2173 3091 Quocirca
2215 3006 2575 3097 Bebecus,

313 3155 408 3205 ne
449 3128 854 3204 Svendium
893 3129 1131 3224 magis
1163 3136 1674 3218 commoveret,
1710 3128 1967 3203 videns
2008 3130 2227 3204 etiam
2269 3154 2573 3207 uxorem

312 3280 478 3331 cum
542 3256 799 3330 liberis
856 3255 930 3329 in
1007 3255 1353 3328 Zadvara
1408 3254 1856 3351 periclitari,
1942 3256 2158 3351 Jubet
2215 3257 2281 3329 ei
2339 3259 2574 3351 fidem,

314 3381 883 3479 supellectilem,
961 3389 1034 3453 et
1074 3380 1391 3454 famulos
1437 3380 1728 3455 remitti.
1807 3380 1974 3454 Hac
2009 3381 2297 3455 ratione
2340 3382 2576 3458 Geloo

311 3529 633 3607 prorsus
671 3508 1010 3599 liberam,
1051 3508 1391 3581 Bebecus
1443 3531 1534 3579 ex
1577 3507 2153 3581 Transsilvania
2208 3509 2301 3581 ad
2341 3509 2575 3583 Baion

313 3632 713 3708 castellum
792 3657 1038 3725 suum,
1117 3633 1354 3706 locum
1413 3632 1837 3705 viciniorem
1895 3641 1970 3705 et
2025 3632 2120 3707 ad
2159 3635 2573 3731 transigen-

310 3760 488 3834 dum
533 3781 695 3831 cum
717 3756 1041 3833 Svendio
1085 3759 1442 3855 aptiorem
1465 3757 1993 3855 proficiscitur3
2035 3758 2348 3856 indeque
2389 3762 2569 3835 alte·

317 3909 483 3960 rum
567 3886 886 3958 nobilem
993 3883 1424 3958 Ladislaum
1467 3883 1973 3960 Lorandffium
2031 3884 2125 3956 ad
2183 3882 2577 3961 Svendium

315 4036 491 4085 cum
589 4010 953 4085 mandatis
1031 4010 1447 4106 hujusmodi
1534 4010 1751 4084 mittit
1817 4037 1830 4081 ε
1926 4034 2007 4082 se
2080 4020 2334 4107 petere
2451 4015 2576 4086 im·

315 4138 587 4234 primis
630 4140 974 4233 majorem
1051 4138 1124 4210 in
1166 4137 1481 4222 modum,
1542 4136 2130 4232 quandoquidem
2179 4140 2339 4233 jam
2415 4141 2577 4235 ejus

312 4264 418 4336 sit
461 4261 709 4352 animi,
787 4268 865 4335 ut
905 4262 1196 4335 caesari
1237 4285 1316 4333 se
1360 4261 1673 4348 addicat,
1736 4263 2049 4336 castella
2089 4258 2217 4334 illa
2256 4262 2396 4337 duo
2439 4266 2575 4337 sub

302 4413 483 4464 arce
560 4389 907 4462 Zadvara
999 4387 1462 4462 demolienda
1525 4390 1809 4483 jubeat.
1908 4388 2190 4461 Deinde
2270 4392 2559 4462 salvum

304 4515 750 4589 conductum
792 4516 933 4605 det,
993 4539 1136 4611 quo
1179 4517 1243 4587 ci
1303 4517 1522 4588 liceat
1580 4513 1987 4587 Oassoviae
2046 4516 2431 4610 praesenti
2472 4515 2561 4587 dc

1732 4642 1735 4647 ’
2112 4637 2256 4714 23*
