3293 5219
773 327 931 404 432

772 567 853 618 re
911 541 1411 642 componendo
1487 549 1561 616 et
1634 542 1756 617 diu
1830 552 2178 641 exoptato
2271 544 2653 642 putabant.
2730 540 3041 619 Auxilia

771 680 1014 746 autem
1051 669 1600 767 promittebant,
1660 668 1793 743 sed
1831 669 2091 745 foedus
2148 668 2750 744 intolerabilibus
2790 666 3039 742 condi-

767 795 1091 874 tionibus
1127 794 1626 892 implicabant.
1666 792 2059 890 Agebatur
2094 795 2238 870 hoc
2274 794 2558 871 Romae
2615 794 2908 887 acriter,
2944 816 3039 866 ac

770 923 1226 1019 singulorum
1318 942 1585 1017 magno
1679 921 1948 997 studio.
2048 922 2436 1020 Hispanus
2527 943 2662 1019 per
2738 919 3037 1016 legatos

771 1048 1165 1126 Paciecum
1257 1056 1331 1124 et
1387 1045 1877 1124 Granvellam
1934 1050 2353 1125 cardinales
2407 1049 2714 1145 petebat
2747 1047 3034 1143 Bergo-

776 1198 967 1251 mum
1021 1176 1279 1250 urbem
1354 1174 1501 1249 sibi
1569 1173 1753 1250 dari.
1841 1177 2113 1252 Veneti
2184 1173 2494 1274 imperio
2553 1197 2636 1249 se
2709 1174 3034 1272 privari,

768 1324 916 1376 non
951 1324 1097 1376 una
1152 1301 1356 1393 urbe,
1450 1299 1518 1375 si
1573 1324 1737 1375 eam
1812 1300 2251 1392 amitterent,
2305 1299 2723 1375 credebant.
2820 1298 3035 1395 Papa

760 1425 1353 1523 jurisdictionem
1408 1424 1779 1522 quandam
1834 1428 1930 1501 ad
1984 1416 2355 1501 Rimin'um
2410 1425 2555 1500 sibi
2594 1424 2919 1516 concedi,
2958 1433 3035 1499 et

763 1551 1309 1649 inquisitionem
1363 1551 1827 1651 hispanicam
1895 1554 2027 1640 (de
2101 1577 2248 1650 qua
2304 1575 2553 1651 supra,
2609 1551 2852 1649 qualis
2910 1550 3031 1642 sit,

771 1677 1126 1768 diximus)
1202 1701 1337 1775 per
1413 1676 1733 1751 ditiones
1829 1684 2136 1752 venetas
2208 1677 2461 1776 recipi.
2518 1676 2853 1772 Rejectis
2908 1675 3030 1749 his

761 1824 897 1901 per
935 1801 1290 1896 Venetos,
1327 1803 1589 1879 foedus
1625 1810 1873 1878 tamen
1930 1803 2402 1879 sanciebatur
2461 1803 2561 1878 ad
2604 1802 2856 1877 decem
2897 1826 3025 1876 an-

761 1950 919 2022 nos,
957 1935 1038 2038 ut
1093 1936 1342 2003 mutua
1404 1929 1687 2005 auxilia
1748 1938 2240 2028 praestarent;
2300 1929 2365 2004 si
2427 1928 2603 2026 quid
2654 1936 3025 2003 terrarum

760 2062 888 2129 aut
923 2053 1331 2129 insularum
1368 2052 1572 2130 lucro
1612 2054 1934 2150 cederet,
1973 2056 2057 2152 inx
2085 2055 2287 2131 illius
2326 2054 2671 2128 ditionem
2710 2053 3021 2141 veniret,

761 2181 970 2275 cujus
1027 2179 1454 2278 provinciae
1524 2181 1832 2279 propius
1906 2187 2129 2256 esset.
2202 2181 2506 2256 Interim
2581 2179 2852 2254 Veneti
2926 2179 3016 2253 de

761 2327 1046 2381 summa
1083 2306 1193 2380 rei
1271 2330 1362 2382 ex
1440 2308 2087 2383 senatusconsulto
2137 2306 2559 2399 decernunt,
2600 2325 2823 2402 quam
2862 2327 3010 2379 ma-

759 2430 1029 2506 ximam
1059 2432 1377 2507 classem
1413 2433 1801 2525 instruere,
1860 2432 2164 2528 navigia
2203 2456 2297 2506 ex
2334 2429 2587 2507 navali
2627 2429 3011 2520 deducere,

756 2557 1079 2654 remiges
1118 2582 1204 2634 ac
1242 2558 1514 2634 milites
1591 2581 1948 2654 evocare;
2005 2558 2179 2634 item
2234 2581 2391 2634 rem
2452 2556 3009 2633 frumentariam

762 2683 1138 2782 expedire,
1181 2685 1455 2784 partim
1494 2687 1777 2782 apertis
1816 2685 2134 2783 publicis
2173 2684 2569 2781 granariis,
2605 2682 2876 2782 partim
2916 2705 3007 2757 ex

754 2808 1103 2885 finitimis.
1163 2811 1420 2886 Naves
1457 2811 1870 2909 remigibus
1931 2808 2431 2908 militibusque
2486 2808 2818 2907 implent.
2878 2808 3007 2883 At-

756 2958 896 3034 que
956 2933 1275 3010 classem
1370 2936 1595 3033 longe
1635 2937 2285 3013 instructissimam
2346 2934 2873 3012 CCXXXVII
2930 2959 3004 3009 o-

750 3062 938 3136 mnis
949 3062 1251 3158 generis
1270 3064 1565 3138 navium
1586 3071 1759 3139 ante
1798 3061 2106 3139 Calend.
2144 3061 2446 3161 Apriles
2476 3063 3005 3147 instruxerunt3

746 3187 1140 3265 universae
1217 3190 1449 3264 classi
1502 3190 1925 3287 praeficitur
1979 3190 2481 3289 Hieronymus
2538 3190 2750 3264 Zani.
2796 3191 2999 3264 Inter

755 3335 940 3411 quos
978 3314 1358 3391 amborum
1433 3324 1839 3414 apparatus
1879 3313 2194 3391 Selimus
2231 3316 2559 3412 legatum
2578 3308 2647 3412 ¹⁸)
2723 3313 2821 3388 ad
2858 3314 3003 3390 Ve-

749 3447 963 3515 netos
1021 3461 1182 3516 cum
1230 3442 1596 3518 mandatis
1653 3443 1871 3537 misit,
1932 3442 2055 3540 qui
2112 3464 2206 3516 ex
2262 3440 2644 3516 Dalmatia
2695 3440 2997 3515 trireme

741 3572 1011 3639 veneta
1081 3567 1186 3647 in,
1273 3570 1530 3644 urbem
1606 3576 1723 3645 est
1798 3568 2250 3668 deportatus,
2309 3567 2471 3641 sine
2578 3566 2820 3642 solitis
2897 3590 2984 3641 ac

746 3690 1118 3766 consvetis
1171 3692 1592 3786 honoribus,
1650 3717 1834 3792 quos
1909 3694 2178 3770 Veneti
2252 3692 2669 3789 hujusmodi
2720 3691 2996 3788 legatis

742 3817 1036 3912 publice
1072 3821 1435 3915 praebere
1493 3842 1965 3895 consvevere.
2024 3819 2358 3895 Mandati
2397 3825 2641 3894 autem
2679 3816 2995 3893 formula

738 3940 926 4016 haec
963 3950 1100 4018 est.
1139 3941 1458 4020 Selimus
1519 3944 2033 4039 Ottomannus,
2075 3945 2409 4020 dominus
2448 3944 2993 4035 dominantium,

740 4075 819 4142 et
854 4090 992 4144 rex
1081 4092 1356 4165 regum,
1418 4070 1752 4147 dominus
1805 4071 2141 4170 paradisi
2185 4072 2567 4146 terrestris
2609 4078 2684 4146 et
2718 4071 2987 4147 Hieru-

736 4192 993 4289 salem,
1034 4194 1130 4271 ad
1167 4196 1620 4273 Venetorum
1675 4196 2205 4296 rempublicam
2276 4195 2696 4272 mandatum
2751 4197 2989 4295 mittit.

732 4316 1062 4418 Cyprum
1114 4321 1430 4399 insulam
1482 4324 1799 4423 petimus
1853 4325 2071 4401 nobis
2112 4323 2295 4417 dari,
2352 4346 2567 4422 quam
2609 4330 2812 4399 certe
2852 4321 2975 4398 da·

767 4582 805 4636 h
944 4494 1000 4565 ⁸)
1027 4497 1269 4556 Istvzinfi
1307 4502 1615 4568 jegyzete:
1660 4501 1991 4557 Vocabatur
2018 4502 2065 4554 is
2094 4501 2324 4571 legatus
2365 4497 2557 4555 Cubat
2584 4516 2715 4568 aga,
2743 4516 2890 4553 uuus
2917 4513 2985 4553 ex

731 4599 766 4637 c
808 4585 1001 4642 ausiis.
