3293 5219
2391 384 2544 462 341

294 600 662 690 villarum,
721 577 1242 695 tectorumque,
1285 607 1501 696 atque
1577 600 1897 676 hostium
1974 602 2546 694 cursitationem,

292 752 457 803 cum
499 731 594 804 ad
631 729 984 804 suburbia
1040 737 1112 802 et
1150 730 1434 802 moenia
1491 753 1721 827 usque
1762 728 2172 806 Cassoviae
2211 753 2545 805 excurre-

291 866 475 931 rent.
519 854 827 930 Praeter
865 877 1079 928 unum
1137 861 1381 927 tamen
1420 864 1545 929 aut
1584 857 1895 931 alterum
1935 882 2025 931 ex
2067 855 2259 929 omni
2300 880 2542 930 nume-

287 1006 372 1058 ro
412 983 733 1058 hostium
782 1005 927 1055 non
968 989 1083 1055 est
1158 981 1625 1078 interceptus.
1686 982 1876 1057 Pars
1936 982 2372 1057 tibiscanam
2427 1005 2538 1056 re-

283 1110 582 1204 gionem
621 1117 694 1183 et
747 1081 1214 1184 Marmatiatn
1255 1108 1749 1183 miserandum
1805 1111 1877 1183 in
1938 1109 2222 1206 modum
2262 1115 2377 1183 est
2415 1108 2536 1181 de-

281 1237 663 1334 populata.
740 1234 959 1309 Initio
1036 1233 1213 1307 belli
1285 1234 1620 1331 plerique
1719 1233 2006 1310 nobiles
2103 1235 2242 1310 viri
2317 1243 2536 1332 atque

278 1367 667 1435 matronae
705 1358 775 1432 in
814 1357 1277 1432 Marmatiam
1330 1359 1813 1455 profugerant
1830 1355 1896 1457 ²⁸)
1938 1385 2096 1436 cum
2133 1360 2392 1435 liberis
2429 1383 2538 1434 re-

277 1488 571 1583 busque
620 1485 1068 1576 carioribus3
1146 1507 1311 1556 nam
1354 1507 1435 1558 se
1494 1486 1595 1559 ibi
1638 1486 2053 1563 securiores
2101 1489 2263 1562 fore
2302 1487 2532 1561 credi-

278 1615 569 1703 derant,
625 1621 772 1687 tum
812 1611 1007 1708 quod
1045 1609 1338 1704 longius
1379 1612 1732 1686 abessent
1768 1637 1814 1687 a
1850 1613 2067 1704 bello,
2140 1599 2290 1687 tum
2331 1635 2529 1704 ver0,

278 1741 487 1839 quod
528 1763 618 1814 ea
657 1738 833 1812 ditio
873 1736 925 1813 J
931 1737 1242 1812 ohannis
1283 1745 1504 1812 esset.
1566 1736 1715 1813 Sed
1755 1741 1847 1813 ob
1888 1741 2275 1815 decessum
2314 1737 2528 1838 Soly-

274 1866 500 1957 mam‘,
543 1872 754 1939 aucta
810 1864 1129 1937 ferarum
1169 1862 1497 1957 gentium
1537 1863 1836 1960 militari
1891 1865 2208 1958 licentia,
2248 1866 2528 1941 neutris

274 1995 710 2094 parcebant.
788 1989 928 2065 XC
987 1988 1222 2065 millia
1244 1984 1352 2088 **)
1428 1992 1912 2070 humanarum
1972 1995 2374 2070 animarum
2451 1994 2527 2068 iu

272 2120 715 2198 servitutem
755 2116 1107 2212 abegisse
1149 2116 1503 2193 (licuntur.

495 2246 791 2334 Eorum,
850 2245 974 2341 qui
1047 2244 1489 2320 tibiscanam
1582 2249 1961 2344 regionem
2039 2256 2112 2322 et
2148 2247 2525 2323 Marmati-

269 2399 395 2449 am
436 2370 859 2471 depopulati
896 2371 1205 2463 fuerant,
1263 2373 1336 2445 in
1391 2375 1871 2450 novissimum
1928 2398 2194 2470 agmen
2249 2374 2300 2449 J
2306 2374 2525 2448 ohan-

268 2527 411 2580 nes
436 2525 567 2577 eos
587 2502 962 2576 insecutus
985 2500 1361 2590 inciderat,
1386 2502 1576 2576 inter
1633 2503 1904 2601 oppida
1964 2504 2413 2600 Ujvarosum
2454 2509 2527 2576 et

267 2630 837 2708 Debreceuium.
862 2626 1045 2702 Cum
1084 2629 1233 2704 illis
1248 2634 1638 2727 postquam
1662 2630 1784 2705 diu
1822 2630 2070 2706 verbis
2110 2630 2520 2705 contendis-

265 2768 406 2849 set,
449 2756 752 2853 cupiens
780 2753 1144 2851 mancipia
1163 2756 1257 2829 ab
1299 2755 1408 2830 eis
1449 2756 1756 2853 eripere,
1799 2782 1988 2855 quae
2027 2758 2103 2832 in
2143 2781 2276 2832 sua
2315 2757 2524 2833 ditio-

260 2909 356 2959 ne
397 2884 849 2982 rapuissent,
887 2904 1023 2955 nec
1076 2882 1152 2954 id
1190 2890 1267 2956 ut
1307 2884 1662 2975 voluerat,
1705 2887 1798 2960 ab
1842 2885 1950 2960 eis
1992 2886 2341 2983 consequi
2385 2908 2520 2983 po-

259 3012 555 3103 tuisset,
595 3032 860 3106 agmen
899 3008 1191 3082 tandem
1229 3018 1676 3108 postremum
1718 3036 2025 3111 carpere
2085 3013 2349 3111 coepit,
2387 3012 2518 3086 ini-

261 3147 492 3234 toque
567 3136 879 3233 praelim
940 3135 1293 3232 pleraque
1376 3137 1740 3234 mancipia
1819 3137 2184 3230 liberavit,
2277 3144 2351 3212 et
2425 3161 2515 3212 ex

269 3263 626 3340 Tartaris
703 3263 906 3338 caesi
977 3262 1172 3337 haud
1228 3264 1460 3359 pauci.
1554 3266 1761 3340 Inter
1836 3266 2021 3341 haec
2096 3263 2517 3363 Stephanus

262 3392 579 3489 Dersffy
620 3412 1002 3486 supremus
1035 3388 1435 3465 Ulterioris
1458 3390 1844 3486 Ungariae
1885 3392 2312 3490 capitaneus
2354 3414 2514 3467 cum

257 3524 478 3615 parte
517 3516 892 3614 copiarum
921 3514 1197 3590 accitus
1238 3517 1560 3613 equitum
1620 3516 1839 3609 mille,
1878 3517 2348 3615 peditumque
2409 3526 2515 3594 to-

256 3644 487 3719 tidem
526 3643 601 3717 in
641 3650 892 3718 castra
932 3643 1256 3718 adduxit.
1298 3644 1488 3718 Nam
1530 3644 1822 3740 Ungari
1849 3699 1865 3731 .,
1946 3645 2069 3743 qui
2106 3645 2179 3719 in
2245 3646 2512 3721 castris

255 3780 493 3862 erant,
532 3770 625 3843 ob
664 3771 1106 3867 paucitatem
1170 3778 1241 3845 et
1280 3772 1667 3845 continuas
1727 3772 2027 3847 diurnas
2085 3779 2511 3849 nocturnas-

253 3920 397 3995 que
459 3895 834 3972 custodias
873 3898 1168 3972 nimium
1208 3899 1709 3993 fatigabantur
1748 3908 1822 3974 et
1861 3900 2300 3995 praesertim
2340 3901 2508 3999 equi

255 4020 867 4099 debilitabantur.
923 4027 977 4101 J
982 4048 1097 4099 am
1139 4026 1354 4101 etiam
1398 4027 1672 4101 imbres
1713 4029 2168 4104 autumnales
2207 4029 2508 4103 morbos

265 4159 488 4248 atque
531 4150 783 4225 taedia
842 4160 1223 4226 auxerant.
1266 4152 1481 4229 Unde
1524 4152 1695 4229 Itali
1752 4153 2106 4254 paulatim
2149 4155 2398 4249 dilabi,
2438 4164 2510 4231 et

468 4399 525 4465 ἢΜ’)
556 4396 813 4464 Forgaeich
842 4399 900 4454 S.
923 4401 1226 4470 jogyzete:
1255 4401 1394 4455 Nem
1424 4402 1480 4454 in
1512 4401 1889 4465 manuatim,
1917 4402 2114 4457 hanem
2145 4422 2212 4458 az
2243 4402 2505 4458 83311108-

248 4488 449 4543 kbzbe.
497 4487 805 4543 Μαι-111363
829 4487 943 4544 feld
969 4492 1111 4545 csak
1144 4491 1557 4562 Beregszaszig
1586 4493 1723 4546 volt.

461 4579 553 4635 *³⁶3
584 4579 847 4648 Forgzich
878 4581 931 4634 S.
956 4583 1256 4651 jegyzete:
1288 4584 1421 4637 Fen²
1462 4602 1615 4653 vagy
1648 4585 1919 4638 harmada
1948 4603 2064 4639 sem
2091 4586 2235 4647 volt,
2267 4603 2334 4640 az
2362 4586 2503 4639 mint

249 4665 323 4719 έ11
350 4665 666 4721 hallottam.
