3293 5219
768 328 961 407 *486

807 542 1310 622 munitissimis
1405 535 1843 611 constructis
1885 590 1899 625 ‚
2008 534 2409 608 innumeris
2503 533 2864 607 machinis
2986 544 3051 606 et

801 672 1156 748 militibus
1194 667 1523 758 firmant3
1565 668 1640 736 et
1697 660 1892 758 quod
1949 658 2529 757 promontorium
2569 658 2761 733 inter
2801 661 3047 733 fauces

804 798 1087 887 ambas,
1148 793 1427 866 ‘denum
1502 786 1793 862 circiter
1846 785 2149 859 millium
2224 786 2544 879 longum,
2607 783 2834 857 latum
2877 785 3046 857 alibi

809 946 1064 1013 unum,
1159 917 1340 993 alibi
1397 915 1537 989 duo
1595 911 1885 1002 existit,
1965 910 2297 1006 equitatu
2351 919 2427 983 et
2482 910 2817 1004 peditatu
2876 909 3046 987 duce

807 1047 1083 1123 Sfortia
1136 1040 1570 1117 Palavicino
1627 1038 1954 1134 implent.
2015 1033 2332 1109 Selimus
2390 1041 2638 1109 autem
2693 1034 3046 1109 hactenus

806 1169 1189 1270 Byzantii3
1248 1173 1326 1241 at
1374 1173 1601 1259 tanqu
1617 1186 1722 1235 nn
1769 1161 2079 1234 victoria
2149 1160 2449 1258 potitus,
2505 1169 2754 1234 terras
2832 1167 3046 1255 atque

807 1297 1043 1372 maria
1095 1299 1473 1391 prostrata
1511 1311 1601 1362 ac
1656 1309 1892 1384 prona
1920 1288 2079 1381 jam
2135 1285 2281 1367 sibi
2336 1285 2719 1381 pollicens,
2776 1285 3045 1358 bellum

807 1423 884 1495 in
908 1426 1269 1495 aestatem
1287 1413 1697 1513 proximam
1709 1412 1932 1485 etiam
1949 1411 2284 1485 terrestri
2299 1434 2391 1484 ac
2413 1412 2790 1507 personali
2831 1432 3041 1507 expe-

809 1547 1085 1621 ditione
1122 1564 1405 1617 summa
1445 1539 1519 1612 vi
1557 1539 2039 1632 moliebatur;
2081 1560 2170 1611 ae
2207 1560 2366 1610 eum
2405 1537 2625 1627 aeris,
2665 1538 2792 1633 qui
2830 1536 3046 1635 pesti-

808 1671 1148 1745 lentiales
1190 1665 1487 1739 morbos
1526 1671 1678 1737 tum
1717 1663 2153 1758 generabat,
2195 1670 2344 1737 tum
2385 1662 2764 1758 copiarum
2807 1684 3049 1749 causa,

805 1789 1349 1889 Hadrianopoli
1405 1788 1732 1862 hiemare
1754 1794 2140 1863 statuerat.
2169 1784 2502 1884 Septima
2525 1786 2643 1860 die
2698 1784 3048 1860 Octobris

810 1918 913 2017 (et
948 1919 1142 1994 forte
1166 1913 1422 1989 eodem
1445 1912 1564 1985 die
1602 1913 1854 1988 navali
1876 1912 2166 2009 praelio
2188 1905 2643 2007 certabatur)
2666 1933 2832 1985 eum
2850 1913 3046 1984 innu-

807 2066 1010 2117 mera
1032 2040 1354 2137 equitum
1377 2062 1467 2112 ac
1488 2037 1815 2135 peditum
1835 2035 2295 2110 multitudine
2308 2057 2664 2129 egressus
2686 2042 2824 2111 est.
2846 2036 2946 2109 Et
2981 2036 3050 2108 in

806 2168 1069 2243 itinere
1111 2164 1294 2240 sudo
1337 2163 1565 2255 coelo,
1621 2162 1774 2237 levi
1812 2169 2031 2236 vento
2074 2169 2353 2253 exorto,
2409 2169 2525 2234 ter
2563 2160 2758 2234 tiara
2815 2159 3049 2258 capite

807 2294 1139 2389 delapsa,
1159 2298 1274 2365 ter
1293 2288 1641 2386 reposita.
1685 2287 1935 2361 Etiam
1956 2309 2149 2382 equo
2187 2283 2565 2384 prolapso,
2604 2309 2697 2360 ne
2736 2284 3048 2377 caderet,

808 2444 854 2492 a
892 2416 1229 2515 proximo
1270 2422 1385 2489 est
1423 2419 1905 2488 sustentatus.
1965 2411 2071 2488 Ut
2128 2420 2374 2487 autem
2431 2409 2863 2487 sublevatus
2921 2417 3047 2499 est,

811 2540 1181 2641 quaesivit
1234 2538 1620 2631 hominem,
1700 2545 1773 2613 et
1804 2537 2032 2635 jussit
2067 2537 2267 2613 illico
2321 2538 2698 2630 decollari,
2753 2537 3046 2612 hastae-

804 2692 946 2765 que
999 2666 1303 2743 affixum
1341 2675 1561 2765 caput
1581 2666 1882 2761 sagittis
1935 2666 2348 2760 transfixit;
2403 2666 2558 2741 fato
2596 2665 2798 2741 haud
2835 2663 3042 2740 dubie

803 2793 1314 2898 denunciante‚
1354 2815 1542 2888 quae
1570 2793 1730 2886 ‚iam
1766 2791 1924 2865 fors
1961 2792 2334 2866 volvebat.

1022 2919 1073 2994 J
1080 2941 1199 2991 am
1237 2917 1726 3013 imperatores
1767 2915 2359 3009 christianorum,
2396 2915 2503 2991 uti
2538 2914 2850 3012 primum
2888 2935 3046 2987 con·

799 3041 1206 3133 venissent,
1248 3049 1321 3115 et
1376 3042 1626 3116 navali
1665 3043 1948 3141 praelio
2005 3066 2168 3117 cum
2225 3040 2496 3117 Turcis
2548 3040 2897 3115 dimicare
2935 3039 3048 3112 de-

806 3168 1244 3259 crevissent,
1285 3165 1470 3241 nihil
1508 3168 1653 3242 sibi
1691 3168 2152 3266 inauspicato
2209 3165 2628 3242 faciendum
2664 3166 2810 3239 rati
2850 3171 3042 3255 sunt3

801 3294 976 3391 quin
1012 3291 1260 3391 potius
1299 3315 1662 3367 memores
1702 3293 2084 3368 christiani
2121 3292 2455 3382 nominis,
2493 3291 2815 3366 eoeleste
2853 3287 3046 3363 auxi·

798 3420 978 3493 lium
1017 3439 1188 3492 esse
1229 3417 1788 3513 implorandum,
1847 3426 1921 3493 et
1977 3441 2023 3491 a
2062 3417 2353 3492 numine
2394 3415 2641 3490 divino
2680 3438 2891 3513 opem
2928 3437 3047 3510 pe·

798 3542 1117 3617 tendam.
1195 3544 1460 3639 Itaque
1513 3550 1686 3617 ante
1741 3542 2267 3639 profectionem
2316 3540 2614 3639 publice
2688 3562 3046 3636 nuncupa·

795 3668 897 3742 tis
936 3668 1153 3761 votis,
1196 3668 1390 3764 quod
1447 3691 1730 3742 summa
1788 3668 2068 3764 pietate
2124 3690 2261 3765 pro
2301 3667 2542 3741 salute
2600 3663 3043 3762 reipublicae

794 3791 1246 3868 christianae
1285 3790 1527 3884 fiebat,
1553 3793 1792 3866 Deum
1814 3792 2162 3890 optimum
2202 3791 2612 3883 maximnm,
2638 3790 2795 3867 suis
2834 3791 3044 3867 noxis

797 3919 1310 3994 sacerdotibus
1351 3920 1738 4011 confessiS,
1781 3919 2197 4015 erratisque
2253 3916 2593 4016 expiatis,
2644 3925 2864 4015 atque
2934 3939 3041 3990 sa-

801 4066 926 4119 cro
1003 4042 1287 4118 Christi
1362 4066 1672 4141 corpore
1722 4051 2037 4142 sumpto,
2096 4052 2529 4137 exorarunt3
2605 4051 2827 4139 atque
2874 4043 2948 4116 id
3005 4064 3048 4114 a

787 4175 941 4244 toto
963 4169 1292 4245 exercitu
1311 4192 1454 4245 uno
1474 4170 1874 4267 eodemque
1895 4177 2227 4268 tempore
2247 4169 2368 4268 pie
2389 4168 2804 4243 faciendum
2843 4191 3042 4243 cura-

656 4315 666 4324 ·
788 4304 1093 4386 verunt3
1152 4297 1439 4394 hisque·
1502 4299 1726 4372 rebus
1805 4297 1949 4371 rite
2008 4295 2360 4394 peractis,
2420 4304 2769 4392 tanquam
2810 4294 3043 4369 divino

801 4428 1207 4515 praeeunte
1227 4423 1518 4516 lumine,
1547 4423 1766 4499 simul
1783 4422 2028 4519 juncti
2048 4444 2301 4498 omnes
2324 4445 2364 4497 e
2383 4430 2603 4520 portu
2651 4421 3044 4497 messinen-

796 4547 872 4618 si
911 4548 1312 4640 solverunt,
1355 4558 1428 4625 et
1466 4559 1669 4626 certo
1710 4550 2014 4627 consilio
2053 4549 2239 4625 nihil
2279 4550 2370 4624 de
2405 4549 2692 4648 praelio
2715 4548 3038 4625 dubitan-
