3293 5219
859 287 1012 368 148

857 529 997 607 que
1043 506 1196 582 oris
1269 505 1691 600 miserandi,
1748 506 2223 604 perturbatis,
2281 515 2353 581 et
2406 506 2600 582 raris
2678 505 3090 601 ordinibus,

854 635 1092 731 signis
1185 633 1405 711 etiam
1498 634 1957 733 complicatis
2053 633 2551 711 Leuchoviam
2625 635 3086 734 perveniunt.

855 761 1056 838 Luce
1145 770 1493 860 posterae
1569 760 1716 837 diei
1794 768 2209 860 appetente,
2303 761 2542 837 hostis
2618 765 2857 838 locum
2932 761 3086 838 sal-

855 896 1003 964 tem
1079 897 1489 965 castrorum
1582 910 1981 987 superesse
2059 888 2694 982 animadvertens,
2771 888 3092 964 nondum

857 1040 1050 1110 rem,
1128 1016 1347 1092 sicuti
1402 1025 1603 1110 erat,
1663 1017 2003 1112 credere;
2095 1040 2331 1113 neque
2391 1016 2578 1093 enim
2631 1015 2980 1091 inducere
3022 1016 3097 1089 in

847 1145 1166 1221 animum
1204 1145 1355 1220 ullo
1394 1153 1613 1240 pacto
1652 1152 1967 1242 poterat,
1989 1151 2241 1219 tantas
2280 1144 2537 1241 copias
2577 1151 2949 1242 apparatu
2985 1167 3095 1218 re-

842 1296 1003 1348 rum
1039 1270 1472 1347 bellicarum
1528 1271 1844 1346 omnium
1903 1279 2051 1346 tam
2112 1269 2416 1367 egregie
2475 1270 2900 1363 instructas,
2941 1276 3094 1344 tam

850 1400 1194 1498 exiguam
1249 1422 1545 1476 suorum
1584 1421 1896 1494 manum,
1935 1397 2378 1498 praesertim
2434 1395 2726 1472 levibus
2781 1395 3096 1495 praeliis

847 1529 1270 1626 superiores
1325 1526 1736 1623 fugituras3
1793 1526 1927 1601 sed
1979 1527 2222 1601 fucum
2262 1524 2509 1600 inesse
2547 1531 2878 1599 metuens
2923 1523 3096 1599 abs-

839 1653 1053 1729 tinuit
1090 1652 1693 1752 apersequendis
1733 1653 2030 1728 nostris.
2070 1651 2388 1752 Divinae
2427 1650 2503 1725 id
2541 1649 2851 1726 bonitati
2891 1649 3094 1723 haud

844 1779 1063 1855 dubie
1101 1779 1593 1874 tribuendum3
1633 1804 1801 1854 nam
1841 1778 1907 1853 si
1944 1779 2318 1855 insecutus
2356 1778 2642 1870 fuisset,
2679 1776 3091 1875 peditatum

843 1914 1041 1981 certe
1061 1929 1346 1981 omnem
1363 1904 1652 1981 itineris
1671 1929 1761 1980 ac
1781 1905 2092 1981 aliarum
2120 1905 2621 1981 molestiarum
2659 1903 3088 1995 insolentia,

845 2031 1282 2131 inscitiaque
1319 2034 1601 2107 lassum
1636 2033 2156 2129 palantemque
2194 2053 2501 2129 prorsus
2523 2029 2773 2105 delere
2810 2029 3093 2127 potuis-

848 2156 1064 2251 set*).
1090 2160 1497 2234 Tormenta
1517 2165 1681 2233 octo
1705 2157 2038 2255 integros
2060 2157 2219 2233 dies
2241 2157 2315 2232 in
2338 2159 2537 2234 valle
2557 2159 2898 2233 saltuosa
2919 2180 3086 2232 cum

837 2283 1118 2385 ingenti
1138 2310 1475 2363 curruum
1495 2309 1796 2362 numero
1819 2308 2180 2380 mansere,
2203 2310 2337 2361 nec
2357 2287 2562 2386 prius
2584 2295 2711 2362 aut
2727 2286 2989 2362 Turea
3007 2284 3083 2359 id

845 2416 1260 2514 explorare,
1302 2424 1430 2491 aut
1466 2414 1706 2491 nostri
1764 2421 1933 2490 sunt
1992 2414 2156 2489 ausi
2213 2413 2553 2506 avehere,
2595 2413 2826 2489 dones
2869 2437 3089 2508 agre·

839 2551 995 2620 stes
1034 2543 1468 2620 invadentes
1509 2542 2046 2643 supellectilem
2106 2542 2181 2618 in
2216 2542 2370 2618 illis
2407 2550 2783 2641 repertam
2820 2540 3092 2639 diripe·

835 2677 1020 2763 rent,
1079 2669 1502 2767 aliquotque
1540 2669 1700 2743 dies
1741 2692 1832 2744 ea
1868 2668 2152 2766 passim
2201 2668 2653 2767 asportando
2690 2669 3079 2744 insumsis·

837 2804 1024 2872 sent.
1064 2795 1230 2871 Hac
1287 2796 1526 2871 nostri
1583 2793 1797 2871 clade
1854 2804 2180 2894 accepta,
2237 2796 2520 2894 passim
2579 2797 2737 2872 sine
2765 2795 3079 2893 imperio

847 2923 1105 2999 ducum
1163 2931 1333 2998 sunt
1389 2922 1680 3021 dilapsi,
1751 2922 2044 2998 Turcae
2101 2946 2278 2997 vero
2354 2948 2435 2999 re
2510 2930 2929 3022 comperta,
2988 2922 3087 2996 vi-

835 3048 1029 3145 ginti
1066 3056 1432 3126 tormenta
1469 3072 1630 3124 cum
1667 3048 2201 3145 impedimentis
2241 3047 2403 3124 sine
2441 3050 2771 3147 periculo
2810 3071 3080 3125 avexe-

835 3198 937 3267 re,
995 3183 1217 3273 atque
1275 3175 1517 3250 onusti
1576 3174 1993 3251 omnimoda
2048 3174 2329 3273 praeda
2384 3181 2785 3250 revertere.
2884 3175 3077 3250 Dum

837 3298 1089 3377 Simon
1128 3298 1479 3399 Forgach
1538 3325 1700 3377 cum
1751 3300 1903 3375 illis
1944 3300 2098 3393 fuit,
2153 3299 2473 3375 feliciter
2529 3324 2651 3376 res
2686 3300 3076 3396 processit,

838 3426 971 3502 sed
1008 3434 1179 3526 post
1236 3427 1824 3525 expugnationes
1882 3426 2237 3502 dictarum
2299 3426 2578 3502 arcium
2635 3427 2728 3502 ad
2767 3426 3071 3502 admini-

831 3553 1270 3630 strationem
1308 3553 1694 3630 Inferioris
1735 3552 2122 3649 Ungariae
2160 3561 2235 3628 et
2274 3552 2656 3647 Varadini,
2697 3577 2890 3651 quae
2919 3556 3075 3649 jam

828 3682 1121 3758 tertium
1185 3704 1505 3756 mensem
1567 3681 2151 3779 oppugnabatur,
2213 3703 2296 3756 se
2351 3680 2584 3756 invito
2641 3681 3064 3779 praefectus

831 3815 1030 3905 erat;
1073 3816 1150 3883 et
1185 3805 1357 3905 quia
1396 3807 1473 3881 id
1529 3829 1871 3902 magnum
1926 3806 2294 3881 silentium
2352 3806 2804 3905 requirebat,
2846 3829 2943 3881 ne
2978 3802 3070 3879 ad

826 3934 1082 4011 hostes
1166 3934 1366 4010 fama
1439 3933 1899 4033 perveniret,
1978 3933 2261 4030 aliquot
2317 3933 2476 4010 dies
2532 3941 2701 4008 ante
2774 3931 3062 4007 cladem

976 4152 1028 4223 *)
1058 4149 1316 4224 Forgdch
1346 4150 1403 4206 S.
1422 4152 1698 4225 jegyzete
1722 4170 1735 4205 :
1761 4150 1901 4207 Nem
1924 4167 2041 4223 ugy
2068 4154 2202 4221 volt,
2231 4152 2438 4206 hanem
2465 4149 2620 4223 hogy
2646 4146 3067 4223 RosnobAnya-

825 4260 891 4299 ra
914 4244 1197 4313 indultak,
1243 4242 1305 4298 es
1329 4262 1396 4300 az
1425 4245 1588 4301 to'rek
1641 4245 1896 4299 utfinnok
1948 4251 2123 4313 ment,
2202 4245 2294 4299 hol
2324 4246 2496 4318 egyet
2520 4243 2612 4300 hol
2639 4244 2828 4300 kettot
2854 4244 3060 4300 hattak

819 4335 874 4391 el
901 4351 971 4390 az
1013 4332 1305 4407 agynsthn,
1347 4336 1499 4391 mind
1526 4333 1718 4404 addig,
1781 4336 1930 4407 bogy
1957 4333 2135 4406 vegre
2184 4335 2339 4391 mind
2367 4335 2484 4392 oda
2509 4334 2827 4391 maradtak.
2865 4334 2956 4390 De
2993 4349 3062 4388 ax

826 4426 992 4481 torek
1020 4425 1248 4482 azontol
1277 4426 1480 4484 elvitte
1502 4427 1660 4495 oket,
1706 4423 1766 4480 έε
1788 4430 2019 4481 menten
2047 4427 2279 4482 mentek
2307 4425 2558 4483 Badara.
2604 4427 2783 4482 Sokat
2821 4423 3058 4497 nyertek

819 4515 872 4571 el
901 4534 970 4571 az
999 4515 1352 4573 szekerekbe
1414 4518 1479 4586 is,
1521 4517 1694 4573 sokat
1731 4531 1799 4570 az
1851 4524 2086 4588 paraszt
2113 4515 2226 4587 nep
2274 4517 2320 4573 is
2348 4514 2575 4582 selvert,
2598 4516 2703 4572 sok
2743 4515 2890 4587 ὄρει]
2917 4514 3057 4569 haza

811 4614 975 4661 ment
