3293 5219
651 315 803 391 392

651 555 839 622 num,
884 555 1067 627 quos
1108 531 1492 605 duodecim
1533 529 2036 626 Hispanorum
2075 529 2355 603 vexilla
2414 539 2487 602 et
2525 531 2904 627 equitatus

651 680 785 756 pro
835 658 1168 733 custodia
1226 657 1703 744 deduxerunt,
1764 656 2021 730 ambos
2082 679 2173 730 ex
2214 656 2624 753 principum
2699 655 2910 730 fami-

651 784 754 857 lia
793 784 1164 875 oriundos,
1207 791 1279 856 et
1313 791 1464 856 tam
1505 782 1594 854 de
1637 777 1911 855 Oarolo
1945 778 2038 852 V.
2082 789 2315 878 patre,
2361 804 2578 876 quam
2616 781 2707 854 de
2747 779 2906 854 filio

655 911 842 983 bene
883 910 1203 998 meritos,
1246 915 1319 980 et
1356 907 1560 980 aurei
1619 903 1925 981 velleris
1966 905 2273 1001 equites,
2313 905 2611 1002 publico
2652 906 2905 979 affecit

658 1034 1020 1133 supplicio
1066 1063 1080 1108 ε
1124 1032 1482 1130 siquidem
1522 1029 2105 1126 Agamontanus,
2147 1037 2447 1127 praeter
2506 1031 2657 1105 alia
2711 1033 2906 1105 bene

662 1158 943 1250 merita,
984 1159 1383 1232 exercitum
1408 1153 1799 1229 Gallorum
1842 1153 1935 1226 ad
1959 1151 2505 1250 Gravalingam
2544 1155 2755 1248 fudit,
2797 1165 2908 1230 at·

661 1265 803 1379 que
842 1285 1248 1378 prostravit
1303 1281 1588 1376 ingenti
1646 1290 1926 1375 strage,
1970 1281 2091 1377 qui
2132 1288 2431 1378 praeter
2469 1285 2910 1379 praeclaras

664 1409 884 1481 animi
907 1417 979 1482 et
1002 1410 1332 1506 corporis
1357 1407 1686 1496 virtutes,
1703 1406 2152 1502 proceritate
2176 1407 2517 1503 corporis
2540 1416 2614 1480 et
2651 1407 2906 1504 pulch-

663 1532 978 1608 ritudine
1017 1536 1299 1607 formae
1335 1532 1559 1626 longe
1583 1555 1836 1606 omnes
1878 1533 2300 1629 superabat,
2323 1542 2546 1629 atque
2589 1534 2912 1608 celebris

666 1667 738 1733 et
760 1659 1294 1755 quodammodo
1322 1657 1799 1732 admirandus
1819 1658 2257 1731 habebatur.
2285 1656 2555 1732 Paucis
2581 1667 2753 1732 ante
2775 1682 2913 1732 an-

661 1783 779 1858 nis
822 1808 980 1858 cum
1007 1784 1392 1880 Aurangio
1429 1781 1901 1857 familiariter
1942 1789 2164 1879 atque
2188 1782 2420 1856 multa
2445 1783 2536 1856 de
2574 1783 2688 1875 iis,
2729 1805 2920 1879 quas

663 1931 894 2007 supra
952 1910 1536 1992 memoravimus,
1594 1909 1841 1982 causis
1900 1909 2116 1982 nobis
2175 1911 2793 2006 conquerebatur,
2845 1917 2920 1982 et

667 2035 746 2109 id
780 2058 997 2109 unum
1038 2035 1358 2124 dolebat,
1398 2033 1592 2131 quod
1642 2034 1894 2131 prisca
1950 2033 2350 2130 privilegia
2390 2042 2464 2107 et
2501 2034 2923 2124 libertates,

668 2182 854 2256 quas
928 2160 1447 2259 progenitores
1521 2160 1709 2257 ipsis
1776 2158 2296 2249 tradidissent,
2378 2181 2511 2234 suo
2587 2171 2922 2258 tempore

666 2287 1146 2378 violarentur,
1170 2295 1243 2360 et
1279 2285 1607 2361 nonnihil
1651 2285 1724 2359 in
1749 2282 2245 2359 Granduellui
2283 2285 2756 2360 insolentiam
2811 2284 2922 2358 in·

667 2416 1150 2490 vehebantur.
1178 2412 1501 2503 Quorum
1524 2412 1839 2486 omnium
1863 2412 2059 2486 bona
2099 2410 2192 2485 ad
2230 2411 2485 2484 fiscum
2526 2421 2699 2486 sunt
2734 2412 2926 2486 rela-

669 2551 768 2617 ta.
817 2539 1085 2614 Frater
1127 2538 1411 2613 comitis
1462 2537 1801 2612 Hornani
1839 2536 1914 2611 in
1954 2534 2323 2634 Hispania
2369 2558 2529 2641 cum
2551 2537 2926 2635 aliquibus

674 2667 941 2761 Belgis
1019 2665 1240 2738 simili
1318 2662 1680 2761 supplicio
1779 2672 1946 2737 sunt
2057 2663 2302 2738 affecti
2343 2692 2358 2736 ε
2452 2664 2649 2738 filius
2742 2688 2926 2740 vero

685 2790 1053 2884 Aurangii
1095 2789 1166 2860 in
1206 2788 1649 2883 Hispaniam
1692 2797 1807 2864 est
1847 2790 2267 2885 ablegatus.
2314 2789 2654 2865 Albanus
2696 2791 2924 2865 colle-

680 2915 816 2989 ctis
847 2918 1004 3010 jam
1045 2913 1196 2987 suis
1239 2913 1470 3011 copiis
1512 2921 1586 2987 et
1637 2914 2076 3011 conscriptis
2116 2915 2328 2988 novis
2371 2916 2927 3013 assumptisque

674 3062 922 3116 secum
983 3038 1318 3112 omnibus
1359 3037 1944 3136 provincialibus
1993 3043 2215 3137 paulo
2255 3049 2429 3139 post
2467 3041 2560 3114 ad
2603 3039 2933 3116 Grunin-

674 3189 844 3260 gam
886 3164 1278 3254 contendit,
1318 3165 1443 3238 ubi
1487 3165 1847 3262 praelium
1887 3172 2049 3241 erat
2087 3166 2363 3259 initum,
2405 3168 2612 3263 quus
2652 3166 2931 3240 adven-

674 3301 826 3365 tum
864 3288 1120 3363 hostes
1179 3313 1320 3364 non
1373 3291 1922 3387 sustinuerunt,
1979 3316 2143 3366 nam
2190 3291 2620 3388 Aurangius
2679 3301 2753 3367 et
2790 3292 2925 3366 Ni·

674 3418 928 3491 colaus
999 3438 1244 3499 comes
1322 3417 1410 3489 de
1469 3415 1883 3509 Hochstat,
1959 3418 2080 3514 qui
2158 3418 2441 3492 auxilia
2515 3418 2928 3516 principum

675 3544 1141 3638 colligebant,
1219 3542 1536 3616 nondum
1613 3543 2093 3616 advenerant.
2191 3542 2443 3634 Quare
2498 3544 2924 3619 Ludovicus

682 3691 926 3742 comes
949 3668 1337 3745 Naxoviae
1363 3691 1519 3742 cum
1544 3669 1699 3743 suis
1740 3668 1973 3765 copiis
2013 3669 2320 3744 Emdem
2360 3693 2623 3745 versus
2665 3676 2919 3745 castra

679 3794 924 3881 movit,
967 3815 1271 3889 quorum
1294 3795 1637 3889 vestigiis
1680 3794 2018 3870 Albanus
2060 3797 2413 3871 insistens
2455 3798 2595 3871 duo
2633 3795 2926 3896 praelia

680 3920 1003 3994 secunda
1040 3920 1235 4011 fecit,
1261 3927 1333 3993 et
1370 3917 1624 3993 ultimo
1650 3920 2071 3995 Ludovicus
2094 3922 2392 3996 amissis
2430 3923 2725 3998 circiter
2762 3919 2919 3995 VII

672 4043 998 4117 millibus
1057 4068 1148 4117 ex
1214 4045 1390 4135 suis,
1470 4054 1542 4120 et
1617 4045 1977 4121 machinis
2035 4048 2289 4122 aeneis
2339 4056 2561 4144 atque
2615 4046 2921 4145 impedi-

677 4170 946 4242 mentis
1014 4192 1240 4264 aegre
1301 4170 1442 4244 sibi
1521 4172 1914 4247 consuluit.
1984 4174 2203 4247 XXI.
2263 4175 2316 4251 J
2324 4174 2449 4248 ulii
2512 4171 2738 4249 1568.
2780 4172 2922 4248 fuit

674 4294 1002 4368 ultimum
1059 4296 1440 4392 praelium.
1497 4296 1566 4398 A
1619 4321 1760 4393 quo
1815 4300 2102 4395 praelio
2161 4299 2235 4373 in
2273 4299 2541 4394 Belgio
2580 4299 2765 4373 nihil
2804 4307 2922 4373 est

674 4420 1152 4494 memorabile
1204 4429 1516 4516 gestum,
1556 4432 1855 4520 praeter
1896 4425 2268 4521 supplicia
2305 4426 2693 4500 multorum
2734 4447 2922 4498 mor-

677 4544 968 4641 talium3
1028 4569 1467 4644 quamquam
1547 4550 1923 4648 principes
2007 4549 2459 4626 Germaniae
2536 4549 2919 4645 Aurangio
