3293 5219
2313 421 2467 500 543

210 652 378 705 men
418 626 892 719 Caesareum,
933 631 1131 727 quod
1166 632 1527 730 imprimis
1569 642 1688 708 est
1724 635 2252 727 necessarium,
2294 636 2470 710 fide-

206 757 401 833 litas.
459 756 629 831 Non
688 756 954 832 desunt
1008 756 1281 832 milites
1358 764 1434 833 et
1490 759 1711 834 duces
1777 759 2219 856 praeclarae
2272 759 2470 857 fidei,

206 882 592 959 fortissimi
648 905 740 957 ac
774 883 1350 980 prudentissimi.
1410 885 1512 959 Et
1551 885 1669 960 his
1708 885 1997 984 copiam
2037 886 2470 963 Provincia·

203 1009 382 1086 lium
420 1011 848 1086 adscribere
885 1018 1158 1108 potest,
1200 1033 1505 1108 quorum
1533 1013 1830 1109 plurimi
1870 1021 1946 1089 et
1984 1013 2050 1088 si
2085 1014 2467 1112 praecipui

205 1134 477 1233 quique
515 1138 638 1211 vel
676 1143 894 1227 metu,
934 1138 1055 1210 vel
1092 1136 1360 1235 pretio,
1399 1136 1523 1212 vel
1554 1137 1741 1214 lucri
1778 1162 2028 1227 causa,
2068 1147 2318 1227 castra
2356 1161 2468 1214 se-

205 1269 541 1358 quentur.
600 1260 788 1336 Auri
848 1268 924 1336 et
977 1262 1274 1357 argenti
1329 1287 1673 1359 magnam
1750 1264 1897 1340 vim
1973 1273 2462 1356 consecutum,

204 1409 397 1483 quae
436 1386 652 1462 militi
673 1388 1054 1481 soluend0,
1094 1387 1634 1486 scribendoque
1657 1397 2076 1488 suppetant,
2116 1399 2465 1467 constans

204 1521 324 1588 est
360 1516 579 1610 fama,
617 1516 1124 1613 facturumque
1164 1516 1444 1615 ipsum,
1493 1517 1692 1593 bona
1730 1518 2108 1609 cautione,
2169 1517 2466 1594 dubium

205 1660 354 1713 uon
391 1647 528 1716 est.

420 1765 732 1843 Accedit
810 1765 1197 1863 utriusque
1269 1768 1699 1866 provinciae
1758 1769 2108 1863 contigua
2167 1769 2463 1867 propin-

204 1894 490 1993 quitas,
541 1892 830 1968 nemine
909 1892 1326 1969 mortalium
1400 1896 1636 1970 saltus
1688 1893 2025 1993 Alpium,
2066 1917 2200 1993 per
2274 1917 2463 1991 quos

204 2044 474 2117 agmen
510 2017 676 2094 duci
716 2018 977 2106 debet,
1033 2017 1509 2116 prohibente,
1570 2018 1756 2096 haec
1795 2021 2040 2096 omnia
2079 2021 2462 2096 celeritate

203 2154 281 2223 et
315 2148 696 2245 insperata
730 2145 1186 2242 profectione
1246 2153 1791 2241 praevertente.
1850 2145 1964 2221 Ac
2007 2147 2193 2221 ultro
2237 2146 2463 2220 etiam

205 2268 568 2347 Gabriele
605 2268 944 2355 Mailath,
983 2293 1424 2367 possessore
1464 2268 1718 2346 Castri
1744 2272 2106 2365 Fogaras,
2132 2271 2254 2368 qui
2294 2271 2460 2346 imis

203 2397 504 2496 Alpium
540 2396 853 2487 insidet,
929 2418 1073 2470 non
1125 2397 1362 2472 solum
1402 2419 1705 2495 passum
1743 2398 2250 2496 permittente,
2326 2395 2462 2469 sed

201 2523 420 2598 iustis
458 2523 731 2623 copiis,
792 2522 917 2621 qui
960 2544 1095 2598 sex
1134 2523 1412 2599 dierum
1455 2521 1820 2600 curriculo
1860 2521 2182 2621 equitnm
2241 2519 2459 2612 mille,

198 2649 530 2749 peditum
568 2671 796 2744 supra
872 2650 1176 2725 duorum
1251 2651 1556 2725 millium
1604 2660 1981 2726 numerum
2041 2673 2133 2725 ex
2183 2672 2318 2725 sua
2356 2646 2459 2721 di-

197 2776 397 2851 tione
437 2795 707 2868 cogere
749 2783 1015 2873 potest,
1058 2775 1479 2862 adiuvante,
1520 2775 1728 2850 cuius
1765 2775 1953 2850 fides
1992 2795 2460 2871 nequaquam

201 2908 323 2976 est
360 2901 629 2989 dubia,
688 2923 777 2975 ac
812 2902 890 2975 in
916 2900 1513 2998 Transylvanum
1540 2898 1938 2976 certissimi
1959 2901 2108 2977 odii
2145 2910 2295 2976 tam
2334 2923 2461 2997 pa-

196 3035 443 3118 terno,
485 3049 701 3123 quam
755 3026 1044 3125 privato
1102 3028 1435 3117 nomine,
1497 3035 1717 3124 prout
1754 3034 2001 3104 notum
2042 3036 2195 3118 est,
2234 3025 2460 3100 mani-

195 3151 611 3229 festissima
648 3161 818 3228 sunt
855 3152 1150 3229 indicia.

420 3276 541 3352 Ad
597 3277 785 3354 haec
839 3277 1174 3378 plerique
1232 3283 1306 3353 et
1364 3278 1746 3376 praecipui
1803 3277 2073 3376 quique
2127 3278 2233 3351 ita
2288 3285 2458 3350 sunt

199 3400 563 3478 Caesarei
601 3403 915 3478 nominis
955 3403 1293 3495 studiosi,
1334 3426 1375 3479 e
1415 3411 1675 3479 contra
1710 3402 1784 3477 in
1821 3402 2027 3478 illum
2044 3403 2457 3476 inveterato

194 3538 273 3605 et
307 3528 628 3605 naturali
669 3530 983 3626 quodam
1026 3530 1194 3606 odio
1236 3530 1512 3621 affecti,
1549 3529 1743 3605 inter
1782 3551 1968 3627 quos
2008 3536 2123 3604 est
2163 3523 2456 3624 Caspar

196 3652 613 3753 Pathochy,
680 3656 1015 3732 dominus
1052 3656 1274 3731 Arois
1314 3654 1629 3732 Bethlen
1655 3662 1731 3730 et
1788 3655 2261 3764 Volfgangus
2300 3651 2454 3742 Ha-

189 3782 463 3879 ryniay
488 3836 505 3868 ,
547 3780 669 3878 qui
711 3790 1066 3880 concepto
1124 3785 1272 3858 iam
1327 3782 1536 3874 odi0,
1615 3789 1688 3856 et
1727 3781 2055 3856 exercitu
2112 3783 2451 3878 prompto

195 3905 457 3982 confisi
494 3902 953 3985 'Caesareum
976 3931 1242 3985 nomen
1264 3909 1518 3984 statim
1539 3906 1874 3984 certatim
1898 3905 2451 4004 amplectentur.

410 4034 570 4108 Iam
608 4055 789 4108 vero
830 4036 927 4112 ad
965 4037 1109 4111 hoc
1144 4036 1697 4120 intentandum,
1759 4041 1832 4108 et
1870 4035 2064 4110 bono
2120 4031 2265 4107 fine
2302 4038 2453 4106 ter-

191 4158 611 4234 minandum
650 4159 797 4236 ista
838 4170 955 4238 est
992 4162 1131 4254 via,
1178 4184 1369 4260 quae
1409 4160 1841 4252 celeritate,
1898 4166 1973 4233 et
2012 4156 2452 4234 dexteritate

186 4285 469 4379 ingenii
507 4286 844 4361 consistit
876 4344 892 4372 ,
950 4287 1289 4364 nimirum
1328 4293 1408 4364 ut
1447 4287 1824 4383 Despotes
1882 4285 1971 4359 de
2028 4283 2314 4358 ratione
2344 4287 2452 4356 to-

183 4410 336 4485 tius
373 4410 665 4488 consilii
701 4435 836 4510 per
868 4412 1134 4492 literas
1171 4437 1391 4510 quam
1429 4411 1786 4488 citissime
1826 4408 2097 4484 certior
2134 4405 2286 4497 fiat,
2325 4407 2442 4482 ad·

186 4536 666 4636 horteturque
723 4541 1118 4637 praemiis,
1175 4546 1258 4615 ut
1314 4546 1544 4616 totam
1602 4539 1748 4611 vim
1806 4534 1987 4611 belli
2045 4541 2119 4609 et
2156 4531 2447 4608 consilii

195 4684 414 4762 quam
457 4663 840 4741 celerrime
883 4674 957 4742 et
996 4666 1494 4743 secretissime
1530 4665 1609 4739 in
1646 4661 2252 4839 Transylvagtgm
2287 4679 2449 4733 ver·

2195 4770 2235 4816 at
