3293 5219
773 272 878 350 88

774 487 1080 566 mirifice
1137 491 1606 587 angebantur
1654 490 2216 566 transsilvanici
2254 490 2509 586 populi
2547 510 2638 564 ac
2671 488 3062 586 reliquiae

777 614 1219 714 Hungariae
1256 617 1669 692 Inferioris.
1712 616 2091 691 Videbant
2131 616 2322 691 enim
2360 614 2770 690 fortissima
2808 613 3062 689 muni·

772 752 1020 822 menta
1057 744 1358 836 amissa,
1394 742 1845 817 fortissimos
1900 742 2125 834 viros,
2180 739 2874 841 praestantissimos
2918 741 3061 815 mi·

771 871 984 963 lites3
1042 870 1108 943 si
1186 871 1417 945 semel
1478 867 1924 966 Solym’anus
2001 876 2280 942 tantum
2336 869 2767 942 immensam
2826 888 3059 941 suam

772 994 1175 1097 potentiam
1214 993 1623 1083 adhiberet,
1685 1016 1854 1068 sese
1912 993 2129 1067 simul
2187 1002 2259 1068 et
2316 993 2547 1067 semel
2585 992 2680 1066 ad
2717 992 3057 1067 interne·

778 1124 1060 1200 cionem
1099 1120 1347 1216 gentis
1389 1128 1765 1195 venturos.
1822 1117 2268 1217 Solymanus
2326 1141 2503 1194 vero
2568 1119 2675 1191 ita
2728 1139 3059 1217 respon·

774 1248 987 1325 derat
1024 1246 1445 1323 oratoribus
1513 1246 1991 1336 Ferdinandi‚
2048 1247 2173 1342 qui
2228 1269 2491 1345 pacem
2528 1245 2799 1319 obnixe
2838 1252 3060 1343 pete-

773 1375 924 1465 bat,
967 1394 1136 1447 sese
1166 1395 1260 1445 ne
1280 1395 1494 1446 unum
1557 1371 1848 1468 quidem
1887 1359 2230 1468 lapidem,
2305 1393 2449 1468 quo
2490 1370 2555 1444 si
2576 1370 2722 1444 sibi
2756 1370 2887 1443 vel
2930 1393 3061 1444 ca-

771 1507 903 1600 put
989 1497 1398 1593 infringere
1454 1498 1720 1589 vellet,
1808 1521 1901 1572 ex
1978 1497 2556 1572 Transsilvania
2632 1504 2708 1570 et
2760 1496 3062 1571 ditione

772 1622 1144 1704 Johannis
1199 1645 1601 1697 cessurum.
1642 1625 1910 1719 Itaque
1948 1622 2149 1697 finito
2206 1622 2406 1700 bello
2466 1622 2562 1698 ad
2598 1622 3059 1720 principium

771 1749 1091 1825 ineuntis
1114 1748 1286 1822 anni
1305 1749 1635 1843 legatum
1675 1749 1830 1847 Aly
1886 1750 2239 1824 chausum
2278 1751 2373 1823 ad
2410 1749 2730 1848 populos
2754 1748 3055 1824 Trans·

775 1876 1137 1953 silvaniae
1209 1874 1451 1950 mittit.
1560 1876 1708 1950 Hic
1803 1877 2002 1973 apud
2058 1876 2390 1951 Merchie
2483 1874 3057 1973 Transalpinae

773 2002 1171 2099 vajvodam
1245 2001 1597 2095 constitit,
1636 2008 1711 2076 et
1747 2003 2039 2077 litteras
2076 2002 2153 2076 in
2194 2000 2843 2077 Transsilvaniam
2882 2000 3057 2075 mit·

771 2126 882 2204 tit.
943 2126 1066 2203 Ad
1159 2150 1376 2224 quem
1433 2125 1777 2202 Andreas
1818 2126 2106 2203 Bathor
2162 2129 2503 2204 nuncium
2543 2129 2875 2223 ablegat,
2925 2126 3055 2207 cui

774 2257 927 2352 ΑΙ)τ
1000 2253 1229 2330 chaus
1286 2255 1635 2330 mandata
1725 2256 2010 2352 prodit:
2090 2254 2569 2354 Solymanum
2623 2252 2913 2328 hortari
2975 2261 3055 2329 et

772 2383 1123 2457 mandare
1147 2382 1737 2475 Transsilvanis,
1753 2383 1859 2457 uti
1881 2383 1933 2459 J
1938 2383 2301 2458 ohannem
2324 2391 2549 2481 atque
2570 2381 2909 2477 reginam
2928 2403 3051 2456 re·

776 2507 1067 2599 ducant,
1127 2508 1319 2583 alias
1376 2531 1459 2584 se
1515 2510 1716 2584 ferro
1774 2519 1996 2605 atque
2047 2511 2221 2606 igne
2272 2532 2399 2584 eos
2461 2509 3050 2599 destructurum

772 2655 917 2708 non
939 2634 1129 2707 enim
1153 2655 1322 2709 sese
1360 2635 1516 2732 pati
1537 2638 1752 2726 velle,
1772 2646 1854 2711 ut
1874 2635 2231 2713 Germani
2251 2637 2591 2735 perpetui
2630 2637 2744 2712 sui
2781 2637 3051 2710 hostes

773 2758 1228 2855 possideant.
1292 2757 1503 2848 Quae
1529 2811 1532 2814 -
1562 2761 1782 2834 etiam
1878 2762 1944 2836 si
1982 2762 2330 2837 Andreas
2370 2763 2653 2838 Bathor
2692 2762 2764 2836 in
2805 2761 3051 2859 publi-

775 2905 936 2959 cum
972 2904 1119 2958 non
1174 2885 1567 2981 proferret,
1589 2893 1834 2962 tamen
1890 2890 2111 2964 facile
2151 2890 2487 2963 omnibus
2544 2888 3048 2962 innotuerunt.

776 3008 1026 3083 Tanto
1068 3008 1258 3084 enim
1316 3017 1478 3084 erat
1517 3011 1711 3103 odic,
1771 3020 1991 3109 atque
2048 3014 2163 3088 ira
2217 3014 2291 3087 in
2332 3013 2885 3089 Ferdinandum
2925 3036 3049 3088 ac-

778 3155 1064 3225 census,
1143 3143 1224 3210 ut
1260 3133 1611 3210 Andreae
1688 3139 1910 3212 etiam
1967 3140 2271 3236 Batory,
2329 3141 2449 3214 vel
2506 3138 2913 3235 cuicunque
2950 3162 3049 3213 ex

773 3258 1178 3354 regnicolis
1219 3259 1524 3335 daturus
1562 3261 1784 3336 fuerit
1818 3263 2066 3358 potius
2107 3287 2326 3360 quam
2364 3263 2860 3339 Ferdinando.

992 3384 1314 3461 Primum
1356 3408 1537 3482 ergo
1595 3387 1737 3460 hoc
1772 3388 1931 3481 fuit,
1971 3410 2114 3484 quo
2153 3388 2682 3464 Transsilvani
2721 3389 3047 3466 animum

656 3514 674 3526 “
774 3510 871 3587 ad
926 3510 1418 3586 reducendum
1493 3512 1956 3607 Johannem,
2015 3536 2103 3589 ac
2177 3516 2514 3610 reginam
2571 3515 3045 3610 adjecerunt:

774 3636 1106 3728 alterum,
1129 3638 1327 3732 quod
1422 3638 1716 3733 quidam
1774 3664 1867 3713 ex
1927 3637 2328 3715 Germanis
2403 3641 3047 3739 praedicaverant,

771 3763 934 3836 fore
957 3769 1038 3838 ut
1055 3762 1269 3836 brevi
1292 3764 1899 3858 quemadmodum
1923 3764 2305 3840 Pannonia
2346 3776 2419 3842 et
2458 3766 3043 3843 Transsilvania

771 3888 869 3963 ab
963 3885 1363 3964 Germanis
1423 3889 1595 3962 olim
1705 3890 2045 3966 habitata
2102 3900 2321 3984 esset,
2418 3894 2679 3969 iterum
2736 3892 2832 3967 ad
2911 3914 3043 3968 eos

775 4013 1075 4105 rediret,
1134 4014 1504 4091 trucidata
1560 4015 1950 4091 nobilitate
2025 4026 2099 4092 et
2156 4018 2493 4095 omnibus
2569 4018 3044 4115 primoribus.

780 4137 998 4229 Quod
1054 4142 1347 4238 quidem
1406 4139 1978 4238 confirmabant,
2038 4166 2205 4219 esse
2267 4145 2534 4241 quibus
2580 4147 2743 4241 jam
2798 4146 3043 4236 sedes,

781 4267 969 4364 agri,
1009 4268 1532 4365 possessiones
1574 4268 1891 4345 donatae
1913 4294 2003 4344 ac
2038 4270 2452 4345 destinatae
2476 4279 2700 4360 esset,
2741 4278 2818 4345 et
2853 4271 3043 4347 Mat-

768 4390 994 4468 thiam
1033 4391 1427 4467 Teifelium
1464 4417 1733 4491 magno
1774 4395 2101 4470 exercitu
2156 4419 2318 4470 eam
2358 4397 2627 4472 obrem
2666 4396 3044 4492 ingressu-

772 4539 953 4594 rum.
997 4513 1147 4592 Sed
1201 4517 1328 4591 ille
1403 4519 1563 4594 sive
1598 4520 1821 4617 hujus
1879 4520 2153 4596 atrocis
2212 4519 2502 4596 consilii
2562 4529 2842 4613 auctor,
2884 4523 3043 4600 sive
