3293 5219
801 340 906 421 68

810 581 898 634 ac
938 557 1288 634 conviciis
1309 556 1929 632 vociferabantur.
1969 555 2274 630 Interim
2311 554 2560 631 Lucas
2599 555 2671 630 N
2674 577 2830 652 agy
2850 554 3095 631 decu-

803 684 913 758 rio
954 691 1264 780 quatuor
1307 690 1381 757 et
1420 681 1683 776 viginti
1726 704 1886 754 cum
1925 679 2326 778 peditibus,
2368 690 2541 756 ante
2563 679 2953 755 obsidium
2995 681 3099 756 ad

802 811 1011 883 incur
1031 809 1340 884 sandum
1362 809 1742 905 profectus
1768 815 1843 882 et
1881 807 2253 901 exclusus,
2278 807 2571 883 etiamsi
2589 807 3098 905 periculosis-

804 936 1064 1011 simum
1104 943 1178 1010 et
1197 932 1630 1009 incredibile
1672 943 1875 1009 esset
1913 941 2020 1011 tot
2042 934 2362 1011 hostium
2395 934 2757 1011 stationes
2793 935 3096 1009 evade-

804 1085 906 1155 re,
946 1084 1222 1137 memor
1259 1066 1505 1137 tamen
1550 1061 2015 1153 sacramenti,
2071 1059 2618 1159 pulcherrimae
2668 1066 2799 1136 aut
2839 1060 3095 1135 virtu-

802 1188 900 1261 tis
950 1194 1078 1262 aut
1115 1188 1372 1261 mortis
1408 1185 1708 1262 laudem
1742 1186 2132 1284 amplexus
2172 1195 2310 1280 est,
2369 1194 2445 1262 et
2480 1187 2778 1264 fortuna
2822 1186 3089 1267 affuit.

801 1312 994 1388 Nam
1034 1337 1194 1388 cum
1233 1314 1548 1389 Nicolao
1587 1313 1750 1389 Vas
1825 1312 2094 1388 audaci
2175 1315 2471 1410 juvene,
2510 1313 2636 1412 qui
2671 1313 2767 1389 ad
2808 1316 3098 1411 explo-

804 1441 1114 1515 randum
1187 1440 1545 1539 principis
1582 1439 1938 1514 auxilium
1994 1439 2310 1516 emissus
2346 1441 2609 1534 fuerat,
2649 1462 2813 1515 cum
2871 1440 3097 1516 idem

811 1575 1032 1641 antea
1055 1589 1346 1663 quoque
1385 1565 1586 1640 socio
1643 1565 1991 1640 Emerico
2030 1563 2388 1663 Varsany
2422 1565 2737 1640 feliciter
2762 1573 3099 1662 perten-

804 1697 1073 1783 tasset,
1130 1689 1449 1784 Agriam
1488 1689 1821 1781 revertit,
1863 1712 2054 1787 quae
2100 1692 2260 1787 jam
2299 1689 2535 1766 omnis
2592 1711 2831 1785 usque
2873 1691 3092 1766 adeo

799 1817 1079 1892 nudata
1133 1816 1516 1891 moenibus
1557 1822 1740 1909 erat,
1778 1823 1908 1891 aut
1934 1813 2159 1891 facile
2213 1818 2337 1892 vel
2393 1814 2604 1913 equis
2662 1816 2946 1912 quavis
3012 1817 3097 1891 in

795 1951 1011 2041 parte
1050 1941 1629 2036 conscenderes;
1692 1940 1828 2016 sed
1865 1966 2012 2017 non
2089 1950 2329 2034 nocte,
2368 1965 2514 2019 non
2557 1941 2675 2016 die
2731 1964 3096 2038 unquam

799 2069 1198 2145 cessabant
1235 2069 1331 2145 ab
1374 2092 1621 2168 opere,
1659 2073 1741 2142 ut
1778 2090 2011 2144 novas
2069 2069 2318 2144 fossas
2357 2092 2447 2144 ac
2486 2067 2763 2143 vallum
2802 2069 3093 2145 refice·

795 2204 978 2271 rent.
1017 2193 1425 2272 Duodecim
1463 2195 1624 2269 dies
1660 2194 1780 2269 his
1833 2194 2362 2271 certaminibus
2401 2194 2783 2271 laboribus
2828 2200 3093 2291 atque

794 2322 1149 2421 periculis
1205 2320 1569 2413 absumti,
1631 2328 1706 2395 et
1762 2320 2024 2396 iterum
2102 2321 2354 2397 statim
2427 2319 2713 2395 duobus
2768 2318 3090 2415 diebuS,

800 2448 988 2526 duae
1031 2450 1624 2549 oppugnationes
1649 2447 2253 2547 supperadditae,
2291 2447 2799 2523 universorum
2845 2468 3090 2523 exer·

811 2578 1083 2652 cituum
1140 2599 1421 2654 summo
1462 2576 1652 2667 nisu,
1689 2583 1771 2650 ut
1807 2574 2015 2651 nulla
2050 2597 2371 2672 unquam
2424 2572 2781 2674 temporis
2840 2581 3092 2673 parte

802 2703 1014 2796 quies
1053 2702 1390 2776 laborum
1428 2702 2089 2799 periculorumque.
2114 2709 2339 2793 esset,
2376 2701 2696 2777 hostium
2733 2699 3089 2777 multitu-

796 2826 988 2920 dine,
1070 2848 1452 2903 caesorum
1525 2851 1848 2920 numero,
1910 2829 2172 2903 ducum
2226 2826 2680 2924 militumque
2751 2826 3085 2923 virtute,

791 2952 1123 3048 utrisque
1161 2951 1235 3025 in
1254 2951 1596 3049 partibus
1616 2952 2116 3028 admirandae.
2158 2953 2421 3050 Neque
2477 2950 2669 3027 enim
2707 2950 3085 3030 christia-

795 3103 1054 3156 norum
1090 3079 1500 3177 principum
1538 3078 1742 3154 bella
1781 3079 1948 3155 huic
1984 3078 2202 3156 fatali
2221 3079 2537 3177 quodam
2573 3076 2787 3152 modo
2825 3077 3081 3172 hosti,

800 3214 927 3279 aut
963 3205 1057 3298 vi,
1099 3211 1224 3279 aut
1241 3204 1610 3280 hominum
1629 3203 2111 3299 multitudine,
2148 3210 2694 3296 tormentorum,
2732 3225 3086 3299 appara-

791 3338 1142 3427 tuumque
1183 3386 1199 3423 ,
1315 3339 1443 3405 aut
1521 3331 1838 3406 saevitia
1930 3331 2426 3429 comparanda
2516 3335 2706 3405 sunt.
2796 3327 3077 3424 Igitur

795 3479 958 3530 cum
996 3456 1168 3530 hinc
1206 3479 1380 3554 spes
1457 3457 1737 3554 iraque,
1775 3456 1947 3533 hinc
1994 3457 2422 3555 desperatio
2461 3455 2747 3531 animos
2798 3453 3078 3532 irrita-

791 3590 924 3674 ret,
1006 3583 1457 3680 oppugnatio
1535 3584 1857 3660 atrocior
1900 3641 1915 3678 ,
2028 3605 2249 3682 quam
2358 3589 2528 3660 ante
2584 3585 2846 3657 secuta
2910 3591 3074 3658 est.

792 3704 979 3783 Cum
1013 3708 1204 3782 enim
1240 3716 1460 3784 noctu
1499 3709 1739 3784 adhuc
1778 3709 2091 3808 quisque
2110 3710 2186 3785 in
2240 3708 2655 3809 proximum
2709 3704 2858 3782 sibi
2896 3707 3081 3782 val⁴

790 3830 938 3907 lum
997 3834 1397 3930 fossasque
1437 3835 2022 3929 descendissent,
2060 3843 2215 3912 tum
2273 3844 2439 3911 orta
2472 3833 2636 3910 luce
2709 3831 3074 3927 ingentia.

789 3981 1037 4035 muros
1095 3960 1446 4037 subibant
1501 3963 1825 4059 agmina,
1864 3962 2253 4061 ipsamque
2310 3984 2555 4038 arcem
2593 3981 2869 4035 corona
2905 3961 3067 4035 cir-

788 4081 1262 4182 cumdedere3
1302 4111 1471 4163 mox
1511 4089 1807 4183 clamor,
1851 4089 2197 4165 dissonae
2237 4111 2478 4178 voces,
2518 4096 2627 4165 tot
2664 4083 3060 4161 variarum

789 4213 1118 4303 gentium
1154 4213 1518 4311 praelium
1556 4239 1831 4312 magna
1869 4216 2217 4313 utrinque
2255 4214 2485 4289 caede
2524 4217 2860 4288 exortum
2902 4219 3059 4287 est.

789 4332 1119 4434 Cumque
1159 4343 1401 4416 omnia
1438 4342 1705 4417 Martis
1776 4341 2184 4439 flagrarent
2221 4340 2561 4431 saevitia,
2600 4337 2849 4428 armis,
2891 4335 3056 4413 cla-

788 4483 1014 4552 more,
1053 4466 1392 4561 strepitu,
1431 4468 1974 4542 succedentium
2011 4469 2342 4560 tumultU,
2434 4465 2634 4539 intra
2690 4472 2765 4537 et
2803 4467 3060 4555 extra,

791 4586 1221 4663 incredibile
1261 4590 1480 4686 dictu,
1503 4592 1880 4685 terribilis,
1919 4597 1995 4667 et
2031 4591 2124 4667 iis
2146 4591 2390 4686 etiam,
2429 4612 2525 4690 qu
2601 4587 3061 4685 aspicerent,
