3293 5219
2331 360 2486 436 467

231 571 544 670 majoris
586 571 825 671 partis
870 569 1089 646 datae
1132 568 1226 646 ad
1281 579 1669 667 utrumque
1727 581 1916 646 sunt.
1960 571 2079 647 Ad
2116 571 2488 668 Selimum,

229 705 308 774 ut
346 697 589 794 patris
629 698 745 772 sui
803 696 1124 793 gratiam
1176 693 1267 770 de
1330 696 1675 791 eligendo
1732 697 2062 796 principe
2101 699 2484 776 confirma·

221 832 362 917 ret;
405 831 481 899 et
518 823 733 898 brevi
797 829 1253 917 congregato
1313 829 1683 908 conventu,
1730 825 2067 917 generali
2122 827 2481 902 missuros

215 972 390 1025 esse
429 950 725 1045 legatos
756 956 831 1023 et
868 970 1130 1024 munus
1166 949 1646 1023 honorarium
1673 956 2119 1044 consuetum,
2156 961 2237 1026 ut
2275 961 2476 1027 certo

223 1074 422 1150 scire
459 1074 723 1173 possit,
779 1095 863 1148 se
903 1074 997 1148 ab
1038 1073 1360 1148 amicitia
1425 1095 1559 1148 sua
1596 1095 1743 1147 non
1780 1074 1994 1148 modo
2030 1098 2176 1150 non
2233 1077 2485 1152 deces-

213 1222 459 1292 suros,
499 1200 635 1274 sed
672 1222 882 1275 suam
937 1198 1185 1296 potius
1224 1199 1641 1291 amicitiam,
1699 1201 2304 1295 conjunctionem,
2375 1212 2480 1279 at·

218 1349 361 1422 que
404 1324 757 1400 auxilium
796 1321 1276 1399 vehementer
1318 1324 1538 1399 etiam
1577 1347 1768 1399 nunc
1808 1334 2180 1424 expetere.
2221 1325 2473 1404 Celer·

216 1451 404 1526 rime
442 1449 750 1525 dimisso
810 1458 885 1524 et
921 1450 1235 1525 remisso
1273 1451 1538 1527 nuncio
1578 1451 1790 1547 equis
1830 1451 2128 1527 mutatis
2166 1476 2472 1553 respon-

214 1598 378 1652 sum
434 1584 767 1674 optatum
824 1575 1062 1669 dedit3
1121 1577 1623 1652 tantummodo
1680 1578 1964 1674 petivit,
2005 1579 2076 1652 in
2142 1602 2278 1655 sua
2333 1581 2477 1656 fide

211 1711 439 1799 atque
513 1699 833 1774 amicitia
905 1687 1359 1798 perstemus;
1470 1708 1544 1775 et
1616 1723 1699 1775 se
1757 1724 2047 1800 quoque
2104 1711 2471 1779 oratorem

214 1828 611 1902 missurum
666 1825 1098 1923 propediem
1169 1824 1627 1923 perscripsit.
1703 1825 1824 1900 Ad
1894 1826 2478 1906 Maximilianum

211 1953 510 2030 litteras
548 1952 745 2045 dant,
803 1951 1067 2048 quibus
1125 1950 1523 2026 de·litteris
1589 1951 1687 2024 ad
1744 1950 2095 2028 Selimum
2153 1954 2371 2048 datis,
2402 1964 2478 2031 et

213 2077 583 2177 quomodo
686 2100 809 2152 res
883 2100 1044 2151 cum
1137 2073 1410 2151 Selimo
1484 2100 1567 2151 se
1621 2078 1920 2170 habeat,
1977 2088 2293 2174 monent,
2387 2105 2478 2155 ac

214 2228 389 2281 esse
427 2202 851 2300 eligendum
889 2224 1158 2276 novum
1195 2201 1604 2299 principem
1643 2202 2085 2297 significant.
2129 2201 2475 2281 Ceterum

211 2354 476 2429 pacem
514 2337 588 2406 et
647 2328 1044 2404 amicitiam
1100 2327 1485 2427 spondent,
1544 2328 1610 2401 si
1663 2327 1855 2403 idem
1903 2328 2092 2427 ipsis
2138 2354 2180 2405 e
2220 2342 2476 2408 contra

218 2464 662 2555 praestetur.
742 2454 865 2529 Ad
920 2477 1012 2528 ea
1067 2453 1619 2528 Maximilianus
1677 2455 2078 2551 respondit,
2157 2481 2466 2554 regnum

216 2608 301 2660 se
338 2606 582 2681 neque
648 2582 1028 2675 affectare,
1070 2603 1208 2656 nec
1246 2576 1664 2672 defendere,
1723 2580 1791 2654 si
1828 2579 2163 2675 haberet,
2203 2605 2469 2682 posse;

215 2710 652 2785 electionem
741 2727 924 2799 ergo
980 2705 1289 2780 liberam
1361 2704 1811 2802 permittere3
1867 2714 2146 2782 tantum
2219 2717 2474 2804 petere

212 2856 478 2932 pacem
501 2838 574 2907 et
593 2829 1076 2921 concordiam,
1100 2838 1174 2904 et
1192 2853 1285 2904 ne
1303 2829 1399 2922 id,
1423 2830 1616 2927 quod
1657 2839 1877 2906 antea
1916 2833 2210 2929 saepius
2252 2834 2474 2908 conti-

212 2961 344 3055 git,
423 2958 837 3033 Turcarum
921 2956 1391 3052 imperatoris
1448 2957 1819 3034 exercitus
1896 2958 2291 3034 adversum
2385 2981 2470 3034 se

213 3084 678 3162 sollicitetur.
718 3080 992 3157 Pacem
1036 3083 1353 3179 populus
1411 3081 1800 3178 amplexus
1859 3090 2005 3180 est;
2044 3082 2469 3160 libertatem

215 3233 395 3288 vero
434 3208 843 3285 fortissime
898 3214 1177 3282 tutatus
1217 3206 1310 3280 ad
1349 3214 1754 3282 extremum
1812 3231 2067 3306 usque.
2109 3208 2254 3300 Qui
2290 3232 2470 3285 vero

214 3336 306 3411 de
343 3333 855 3411 Maximiliano
907 3332 1404 3406 tantummodo
1465 3334 1905 3407 mentionem
1960 3334 2286 3424 fecisset,
2327 3334 2470 3408 cla·

213 3460 544 3537 moribus
582 3467 657 3533 et
710 3457 1084 3533 atrocibus
1107 3457 1321 3531 minis
1362 3456 1882 3554 explodebant.
1912 3457 2248 3532 Tertium
2287 3468 2471 3550 erat,

221 3612 320 3664 an
380 3584 750 3661 comitium
806 3584 1160 3679 generale
1199 3583 1295 3655 ad
1352 3582 1785 3657 electionem
1838 3583 2216 3680 principis,
2271 3607 2472 3658 more

218 3716 583 3810 majorum
655 3709 933 3784 viritim
1008 3716 1559 3784 convocaretur.
1654 3707 1865 3784 Haec
1945 3711 2265 3785 maxima
2334 3710 2475 3784 fuit

215 3838 612 3927 contentio,
651 3834 924 3912 Siculis
994 3835 1435 3935 praesertim
1509 3832 2042 3930 flagitantibus,
2119 3836 2253 3912 sed
2325 3856 2474 3910 non

216 3965 436 4042 modo
496 3964 590 4037 iis
675 3963 801 4061 qui
854 3961 1146 4061 patriae
1221 3961 1644 4036 libertatem
1699 3962 2247 4060 oppugnabant,
2338 3961 2473 4036 sed

212 4116 307 4168 ne
342 4091 439 4165 iis
480 4088 773 4186 quidem
847 4088 969 4184 qui
1024 4086 1539 4185 prudentiores
1597 4095 1828 4179 erant,
1864 4088 2248 4184 placebat3
2302 4109 2472 4163 nam

219 4214 516 4293 Siculos
610 4236 922 4311 magnos
968 4212 1342 4305 tumultus,
1379 4234 1516 4311 pro
1538 4221 1805 4289 natura
1842 4213 2086 4308 gentis
2151 4219 2474 4289 moturos

214 4340 655 4440 apparebat,
729 4347 1150 4437 propterea,
1208 4338 1403 4436 quod
1492 4338 1909 4413 libertatem
1983 4339 2309 4436 priscam
2384 4357 2471 4411 eo

216 4467 439 4558 bello,
480 4462 677 4562 quod
717 4471 1109 4539 moverant
1164 4472 1423 4539 contra
1460 4463 1878 4540 Johannem
1936 4461 2154 4537 valde
2193 4461 2472 4559 pericu·

215 4595 480 4684 losum,
503 4589 929 4668 auctoribus
967 4589 1372 4666 Melchiore
1391 4590 1718 4666 Balassa
1738 4598 1812 4664 et
1831 4588 1882 4664 J
1889 4589 2123 4665 acobo
2143 4587 2468 4663 Basilico

2005 4711 2151 4791 30·
