3293 5219
2287 440 2308 460 ‚
2380 355 2533 453 491

281 575 539 648 aciem
591 580 921 670 ruptam,
981 573 1428 669 praetoriam
1485 566 1855 667 Pertaff*)
1896 573 2171 645 bassae
2231 580 2538 668 captam,

276 702 483 774 alias
529 700 1088 791 circumventae,
1129 707 1203 773 et
1231 701 1390 793 jam
1440 698 1818 773 Austrium
1859 699 1954 771 ab
1996 697 2256 771 dextro
2295 719 2539 771 rever-

270 834 567 900 tentem
607 833 861 899 contra
917 847 999 898 se
1055 824 1343 897 videre:
1386 823 1738 921 expansis
1797 823 2063 919 raptim
2121 822 2309 896 velis
2349 817 2540 919 (erat

273 960 538 1026 autem
585 950 951 1028 secundus
990 950 1085 1025 ad
1106 950 1455 1024 orientem
1494 946 1784 1046 ventus)
1805 950 2030 1044 fugae
2071 971 2173 1041 se,
2214 956 2288 1023 et
2325 948 2399 1023 in
2421 946 2537 1023 his

272 1077 602 1152 Horuch
641 1073 793 1174 Aly
867 1072 1155 1171 Algerii
1197 1095 1492 1172 prorex,
1551 1072 1941 1159 mandant3
2016 1074 2139 1171 qui
2204 1076 2365 1170 jam
2440 1075 2535 1148 ab

277 1202 625 1293 Austrio,
676 1201 987 1276 victoria
1041 1222 1503 1297 nequaquam
1560 1200 1785 1276 dubia
1843 1199 2294 1296 aliquantum
2348 1200 2535 1275 inse-

278 1329 543 1425 quuti,
582 1327 938 1403 beneficio
1014 1326 1498 1402 secundorum
1573 1333 1956 1401 ventorum
2028 1325 2270 1422 plenis
2346 1325 2538 1400 velis

279 1476 632 1527 evasere.
672 1450 822 1528 Sed
859 1451 935 1525 id
992 1476 1083 1527 ne
1140 1453 1301 1526 fieri
1355 1454 1450 1527 ab
1492 1452 1662 1526 aliis
1716 1459 1994 1549 posset,
2034 1451 2412 1545 provisum
2468 1457 2543 1525 et

282 1578 877 1677 prudentissimo
945 1578 1250 1654 consilio
1306 1585 1777 1676 prospectum
1834 1584 1987 1669 est3
2047 1577 2317 1675 quippe
2366 1569 2539 1650 'Au-

278 1705 523 1779 strius
552 1703 872 1777 concitat
930 1725 1163 1777 naves
1221 1703 1409 1778 velis
1448 1710 1671 1799 atque
1726 1701 1969 1793 remis,
2034 1723 2251 1798 quam
2313 1701 2538 1774 maxi-

281 1853 412 1903 ma
490 1836 738 1927 potest
813 1828 1210 1919 celeritate,
1302 1852 1447 1902 una
1539 1851 1699 1902 cum
1771 1826 2343 1925 imperatoribus
2422 1849 2538 1900 so·

280 1954 472 2044 ciis,
552 1951 771 2026 etiam
880 1953 932 2027 J
938 1952 1226 2026 ohanne
1339 1950 1642 2026 Andrea
1751 1950 1987 2025 Auria
2095 1958 2168 2025 et
2259 1948 2540 2026 Alvaro

283 2078 722 2153 marchione
808 2086 1114 2153 sanctae
1217 2078 1454 2152 crucis
1531 2079 1976 2174 conjunctis,
2072 2086 2146 2152 et
2219 2078 2313 2152 ab
2390 2077 2541 2152 alto

283 2228 554 2279 omnes
613 2228 869 2296 naveS,
927 2229 1018 2279 ne
1073 2204 1229 2278 ulla
1304 2204 1623 2280 evadere
1698 2211 1977 2303 posset,
2046 2212 2207 2278 octo
2265 2211 2543 2278 tantum

282 2330 632 2427 agilitate
690 2329 1363 2427 praestantioribus
1403 2328 1739 2424 dilapsis,
1781 2326 2122 2403 excludit.
2238 2329 2540 2402 Turcae

283 2482 459 2533 cum
499 2479 581 2531 se
603 2456 1133 2530 circumventos
1155 2454 1513 2547 viderent,
1538 2461 1763 2551 atque
1804 2452 2122 2528 evadere
2144 2452 2535 2549 desperas·

284 2590 481 2675 sent,
522 2580 874 2678 plurimas
931 2602 1161 2656 naves
1216 2580 1291 2655 in
1329 2586 1603 2655 terram
1660 2579 2125 2677 impulerunt,
2184 2583 2257 2653 et
2296 2599 2390 2651 ex
2427 2576 2537 2651 eis

287 2709 637 2809 plerique
674 2709 899 2803 fugae
921 2707 1298 2804 praesidio
1340 2706 1608 2806 dilapsi
1649 2715 1837 2781 sunt.
1860 2704 2146 2804 Captae
2186 2701 2247 2779 O
2275 2710 2348 2779 et
2369 2699 2540 2793 XO,

285 2835 450 2911 XX
507 2833 872 2924 incensae,
912 2829 1141 2907 XXV
1182 2832 1583 2923 demersae,
1605 2834 2006 2930 pleraeque
2098 2832 2271 2906 item
2346 2828 2534 2904 aliae

289 2964 369 3036 in
428 2959 733 3035 fundum
802 2981 1088 3033 mersae
1167 2959 1535 3032 numerari
1627 2983 1768 3033 non
1853 2963 2279 3054 potuerunt3
2371 2976 2545 3051 pau-

297 3111 436 3162 cae
513 3084 899 3160 admodum
974 3108 1065 3158 ex
1144 3084 1477 3158 omnibus
1572 3090 2008 3174 evaserunt,
2087 3091 2161 3156 et
2252 3105 2343 3154 ex
2421 3079 2546 3152 du-

305 3212 521 3286 cibus
561 3210 866 3284 Horuch
888 3208 1103 3285 Alius
1144 3208 1433 3304 Algerii
1472 3233 1765 3306 proreX,
1840 3207 2132 3282 Pertaff
2152 3208 2382 3281 bassa
2421 3209 2547 3281 im·
2582 3257 2586 3266 ·

299 3343 607 3435 perator
646 3333 913 3406 classis
990 3342 1063 3407 et
1101 3357 1330 3429 gener
1370 3331 1785 3424 Selimi**),
1816 3334 1970 3427 jam
2008 3339 2156 3404 tum
2195 3329 2549 3404 inclinata

303 3460 621 3536 victoria
657 3459 870 3534 unico
891 3461 1156 3551 lembo,
1179 3459 1404 3555 fugae
1440 3458 1894 3557 praesidium
1914 3454 2354 3552 arripientes
2396 3454 2543 3528 sibi

307 3587 771 3661 consuluere.
828 3582 1021 3658 XVI
1078 3585 1309 3659 millia
1364 3584 1683 3659 hostium
1740 3607 2001 3675 caesa,
2059 3586 2278 3677 capta
2337 3580 2541 3674 quin-

302 3735 467 3810 que,
545 3735 637 3785 ex
713 3707 831 3783 his
909 3709 1049 3785 duo
1107 3709 1260 3808 Aly
1307 3710 1581 3784 bassae
1638 3734 1730 3784 ex
1791 3713 2360 3806 purpuratorum
2417 3727 2542 3778 nu-

306 3860 507 3911 mero
544 3834 717 3930 filii3
757 3835 1037 3932 praeda
1074 3834 1308 3908 omnis
1348 3834 1649 3930 generis
1688 3835 1992 3931 ingens,
2064 3831 2236 3906 item
2276 3853 2547 3925 argen-

304 3964 364 4036 ti
402 3969 625 4058 atque
664 3961 823 4035 auri
844 3960 959 4033 vis
981 3961 1374 4055 immensa;
1416 3960 1980 4035 christianorum
2022 3956 2546 4054 mancipiorum

302 4088 453 4162 XV
493 4085 725 4162 millia
761 4086 835 4159 in
874 4086 1292 4160 libertatem
1331 4085 1721 4160 vindicata.
1801 4085 2056 4159 Naves
2104 4081 2542 4156 christiano-

298 4336 485 4346 —-—

514 4438 573 4506 ³⁶)
610 4442 851 4496 Istvanfi
870 4445 1142 4514 jegyzcte
1173 4464 1186 4497 ε
1214 4444 1345 4513 Aly.

517 4528 619 4596 Μ’)
658 4530 899 4586 Istvanfi
920 4534 1190 4602 jegyzete
1221 4551 1233 4584 ε
1275 4533 1401 4588 Non
1432 4533 1541 4588 fuit
1568 4548 1745 4600 gener
1787 4527 1998 4590 Solimi,
2029 4530 2127 4582 sed
2193 4527 2303 4582 suit
2353 4543 2547 4582 sorore

306 4618 583 4676 Solimani
612 4623 859 4690 genitus,
