3293 5219
833 325 993 403 364

1051 543 1198 619 Sed
1246 547 1398 639 jam
1456 542 1849 619 ,Johannes
1909 566 2198 641 quoque
2258 545 2660 618 exercitum
2702 569 3067 642 compara-

837 673 988 759 bat,
1031 680 1103 744 et
1182 668 1444 745 Hazan
1480 673 1776 745 bassam
1855 671 2369 745 temesiensem
2442 694 2602 744 oum
2641 672 2929 765 magnis
2965 694 3070 744 au·

837 796 1037 870 xiliis
1096 797 1486 871 acciverat.
1569 800 1639 869 [s
1718 797 1813 869 ad
1873 796 2356 871 Jazberinum
2401 799 2560 892 jam
2620 806 3062 893 pervenerat..

839 920 1088 1012 Quare
1130 920 1491 995 Svendius
1533 923 1649 995 his
1709 922 2125 1013 intellectis,
2179 922 2581 996 cedendum
2623 928 2857 1010 ratus,
2898 924 3066 996 cele·

842 1048 1022 1120 riter
1062 1048 1203 1121 sibi
1244 1048 1631 1139 consuluit,
1679 1074 1766 1121 ao
1831 1048 2265 1144 Ungvarum
2292 1048 2682 1138 contendit,
2742 1048 3068 1147 oppidum

836 1182 1102 1248 natura
1140 1180 1361 1268 atque
1399 1181 1560 1248 arte
1583 1176 1771 1249 bene
1794 1175 2164 1268 munitum,
2192 1175 2294 1247 ibi
2332 1173 2455 1249 diu
2494 1173 2906 1249 consistere
2942 1199 3068 1249 non

841 1320 1089 1387 ausus,
1127 1295 1563 1372 Cassoviam
1618 1298 1858 1374 rediit.
1920 1298 2134 1374 Unde
2209 1300 2860 1374 Bartholomaeum
2934 1299 3073 1374 Ste-

851 1421 1063 1522 phith
1104 1421 1501 1496 dalmatam
1522 1418 1589 1520 ²¹⁸)
1629 1424 1725 1497 ad
1761 1425 1813 1500 J
1819 1424 2182 1498 ohannem
2205 1426 2443 1515 mittit,
2483 1425 2607 1522 qui
2645 1425 2743 1499 ad
2780 1427 3073 1522 amplec-

839 1549 1131 1625 tendam
1170 1572 1431 1646 paeem
1471 1574 1634 1624 eum
1654 1551 2093 1625 hortaretur.
2137 1550 2211 1623 Is
2269 1572 2429 1624 eum
2487 1551 2646 1624 sine
2685 1551 2829 1625 fide
2866 1551 3070 1649 impe·

842 1684 1061 1759 trata,
1082 1683 1160 1750 ut
1174 1676 1869 1775 bellitemporefieri
1883 1677 2094 1767 solet,
2111 1678 2454 1769 venisset,
2475 1678 2571 1749 ad
2593 1678 2864 1751 exitum
2916 1678 3076 1751 belli

844 1825 1076 1899 usque
1117 1809 1233 1877 est
1267 1810 1620 1878 retentus.
1665 1803 1930 1878 Hazan
1953 1806 2186 1879 bassa
2209 1827 2410 1901 erge,
2450 1812 2842 1902 postquam
2873 1801 3079 1877 Sven-

850 1929 1012 2003 dius
1052 1929 1509 2026 provinciam
1548 1953 1861 2005 vacuam
1883 1930 2311 2028 reliquisset
2331 1926 2462 2027 **),
2503 1931 2815 2028 primum
2854 1928 2949 2003 ad
2983 1951 3081 2001 at·

848 2079 1004 2130 cem
1043 2056 1342 2131 Deedes
1383 2057 1455 2130 iu
1481 2065 1724 2131 monte
1762 2056 2100 2155 praealto
2140 2058 2380 2151 sitam,
2403 2054 2785 2131 Gabrielis
2806 2055 3078 2151 Pereny

850 2184 1359 2278 proficiscitur,
1401 2208 1617 2282 quam
1640 2185 1960 2260 seeundo
2019 2184 2138 2258 die
2215 2183 2500 2282 Aprilis
2576 2185 2887 2260 obsedit.
2929 2183 3082 2257 Arci

846 2319 1196 2408 praeerat
1269 2307 1708 2409 Stephanus
1735 2311 2003 2386 Barius
2025 2307 2198 2406 ***).
2242 2313 2319 2385 Is
2359 2335 2519 2385 eum
2596 2311 2910 2408 impetus
2966 2310 3074 2383 ho·

852 2437 1069 2512 stium
1144 2462 1278 2537 per
1318 2440 1467 2513 XV
1507 2439 1666 2513 dies
1739 2438 2032 2512 fortiter
2108 2438 2602 2528 sustinuisset,
2643 2437 2937 2510 tandem
2975 2434 3076 2508 de-

851 2565 1150 2640 stitutus
1190 2565 1380 2640 omni
1432 2565 1754 2642 remedio
1815 2565 2232 2640 servandae
2289 2563 2508 2654 areis,
2564 2568 3076 2658 stratagemate

854 2714 1031 2766 usus
1071 2698 1204 2765 est.
1248 2693 1514 2767 Turris
1612 2692 1976 2789 quaedam
2073 2691 2500 2767 interiorem
2556 2690 2753 2765 areis
2811 2696 3073 2787 parte-m

858 2819 1289 2913 occupabat,
1346 2819 1421 2891 iu
1478 2843 1625 2916 qua
1699 2843 1968 2914 magua
2044 2820 2158 2892 vis
2268 2816 2600 2915 pulveris
2640 2812 3078 2890 tormentarii

857 2942 1152 3016 condita
1189 2943 1365 3040 fuit3
1403 2939 1629 3040 igitur
1705 2969 1797 3018 ex
1857 2967 1937 3018 re
1978 2952 2193 3042 capto
2234 2944 2543 3018 oonsilio
2584 2967 2676 3017 ex
2719 2948 2881 3015 arte
2918 2939 3082 3014 funi-

856 3069 1111 3160 culum,
1175 3070 1381 3165 cujus
1442 3076 1816 3144 extremus
1883 3071 2051 3145 finis
2110 3071 2205 3144 ab
2262 3091 2411 3144 una
2466 3074 2682 3167 parte
2759 3067 3078 3141 incensus

857 3203 1038 3286 erat,
1097 3197 1203 3271 ita
1276 3195 1619 3294 disponit,
1678 3204 1756 3269 ut
1839 3195 2034 3292 ignis
2090 3197 2479 3293 absumpto
2544 3194 2889 3284 funiculo,
2961 3212 3081 3264 non

854 3322 1062 3421 prius
1122 3324 1500 3420 pulverem
1578 3323 2009 3420 corriperet,
2096 3346 2313 3418 quam
2393 3329 2668 3396 eertum
2746 3317 3074 3416 temporis

1074 3650 1132 3715 ff)
1159 3646 1400 3703 Istvanfi
1420 3649 1714 3718 jegyzetez
1741 3648 1822 3698 Ex
1886 3646 2160 3701 comitatu
2186 3643 2446 3699 crisiensi
2473 3642 2770 3697 oriundum
2812 3658 2879 3696 ex
2903 3637 3084 3709 oppido

858 3738 1465 3899 Οηεωιξιθξῖὶῖοτεήοὶι
1487 3823 1544 3880 S·
1584 3827 1889 3899 jegyzete:
1937 3823 2088 3882 Mert
2126 3839 2193 3876 az
2245 3821 2551 3891 fejedelem
2606 3818 2938 3876 Svendinek
2987 3833 3085 3871 sem

855 3917 1043 3990 pdnzt,
1068 3935 1187 3973 sem
1216 3916 1356 3972 tobb
1403 3914 1584 3973 hadat
1627 3930 1823 3986 avagy
1870 3913 2192 3987 segdtsiget
2220 3930 2345 3968 uem
2389 3911 2548 3966 kilde
2573 3931 2587 3978 ς
2617 3927 2686 3966 az
2716 3911 2775 3964 ki
2802 3911 2940 3972 volt,
2967 3908 3082 3976 igen

858 4007 1042 4065 hev&
1072 4007 1495 4151 Rissporgffieh
1510 4077 1565 4133 S.
1578 4076 2091 4152 jegyzetezssarius
2115 4074 2311 4130 Istvan
2340 4091 2470 4127 nem
2498 4072 2612 4126 birt
2641 4087 2710 4123 az
2738 4068 2944 4130 varral,
2970 4063 3086 4119 esth

859 4172 1015 4243 hogy
1066 4170 1271 4225 Pereni
1312 4166 1550 4224 Gabriel
1598 4165 1861 4240 szolgdja
1906 4165 2045 4231 volt,
2112 4166 2315 4218 hanem
2362 4162 2620 4231 Cavassy
2671 4158 2882 4214 Lfiszld
2908 4155 3021 4214 volt
3042 4152 3089 4206 fo'

857 4260 1066 4327 henne,
1096 4262 1167 4315 de
1219 4276 1287 4314 az
1316 4258 1497 4313 szinte
1536 4257 1720 4314 akkor
1749 4256 2003 4329 megholt
2048 4254 2187 4309 volt.
2231 4251 2438 4305 Barius
2465 4248 2586 4325 tigy
2611 4259 2768 4305 ment
2787 4248 2937 4314 bele,
2957 4245 3088 4316 hogy

862 4347 1109 4405 hallotta
1137 4365 1205 4401 az
1262 4346 1424 4403 to‘rek
1493 4346 1604 4399 oda
1649 4343 1973 4412 indolasat3
2021 4343 2172 4413 hogy
2226 4337 2400 4393 oztain
2427 4337 2593 4404 latta,
2624 4337 2777 4410 hogy
2806 4354 2934 4407 meg
2975 4348 3082 4386 nem

860 4437 1156 4508 tarthatja,
1183 4441 1282 4494 ast
1309 4436 1662 4502 eselekedte‚
1692 4452 1762 4491 az
1814 4437 1952 4489 mint
1983 4450 2112 4504 meg
2157 4445 2390 4500 vagyon
2417 4430 2580 4496 irva;
2611 4426 2763 4482 kiert
2790 4426 2960 4481 oztan
2984 4422 3083 4475 Pri·

861 4528 920 4582 ni
998 4525 1232 4583 Gabriel
1318 4524 1547 4608 torydnt
1598 4524 1865 4580 lactatott
1938 4520 2059 4590 rezi,
2125 4521 2182 4578 es
2249 4538 2318 4575 az
2397 4517 2604 4575 tot-ven
2658 4521 2706 4571 is
2782 4511 3086 4585 megszabs·

864 4617 1090 4674 ditotta.
