3293 5219
2290 317 2545 385 LXVII

259 499 477 575 sulto
516 497 855 575 Romano
894 495 1274 573 Pontifice.
1332 492 1458 570 Sic
1496 520 1612 572 me
1662 498 1872 575 Deus
1911 499 2208 598 adjuvet
2247 510 2321 577 et
2357 504 2548 578 haec

262 623 568 703 Sancta
605 627 756 702 Dei
810 625 1251 723 Evangelia.
1298 667 1395 679 --
1436 625 1714 702 Datum
1771 626 2053 705 Romae
2117 630 2317 728 apud
2364 629 2551 707 San-

260 761 473 828 ctum
511 753 815 830 Petrum
838 752 1057 828 Anno
1095 752 1644 828 Incarnationis
1686 754 2125 831 Dominicae
2158 757 2220 829 M
2232 758 2548 833 illesimo

264 877 898 975 Quingentesimo
972 875 1505 974 Sexagesim03
1582 886 1798 954 sexto
1876 879 2159 955 decimo
2235 876 2544 956 Calend.

264 1004 634 1102 Augusti,
677 1003 1163 1080 Pontificatus
1203 1005 1440 1080 nostri
1482 1004 1699 1080 Anno
1739 1006 1999 1105 primo.

269 1164 561 1228 (En-edetie
598 1181 634 1215 a
668 1180 747 1231 gr.
773 1164 1089 1232 Forgachok
1129 1165 1330 1216 csaladi
1373 1162 1748 1217 leveltaraban.
1797 1167 1992 1218 Kiadta
2034 1166 2291 1237 Moadry.
2336 1169 2548 1236 Nograd

904 1256 1202 1322 varmeg’ye
1227 1256 1369 1308 Leir.
1395 1257 1487 1310 IV.
1517 1258 1814 1308 148—166.
1843 1255 1940 1326 ll.).

1349 1746 1492 1821 III.

408 1928 724 2003 Bemssa
774 1922 986 2000 Peter
1019 1923 1224 1999 levele
1261 1923 1360 1999 ΙΙ.
1398 1923 1780 2020 Jdnoslzoz,
1826 1930 2055 2002 1570.
2072 1925 2267 2027 febr.
2304 1933 2431 2005 25.

514 2123 1008 2201 Serenissimo
1051 2147 1141 2199 ac
1177 2122 1708 2201 Potentissimo
1738 2123 2069 2226 Principi
2090 2128 2144 2206 J
2148 2131 2370 2205 oanni
2408 2130 2554 2205 ele-

286 2268 415 2335 cto
456 2253 658 2351 Regi
696 2249 1158 2348 Hungariae,
1197 2252 1649 2347 Dalmatiae,
1690 2249 2064 2348 Oroatiae,
2113 2264 2288 2354 post
2323 2256 2553 2332 humi-

285 2385 445 2460 lem
482 2379 955 2457 servitiorum
1011 2399 1312 2453 suorum
1352 2380 2065 2456 commendationem
2106 2381 2379 2457 Petrus
2418 2382 2557 2456 Be·

287 2533 531 2586 nessa
569 2505 645 2583 S.
685 2506 769 2580 P.
811 2506 908 2580 D.
952 2501 1140 2579 Cum
1182 2503 1404 2580 valde
1442 2526 1738 2605 semper
1778 2511 2178 2605 optassem,
2220 2506 2551 2585 Serenis-

291 2640 486 2715 sime
526 2659 618 2710 ac
657 2631 1185 2710 Potentissime
1224 2631 1415 2725 Rex,
1455 2632 1710 2732 aliqua
1763 2636 1954 2711 bene
1991 2645 2270 2736 navata
2308 2660 2558 2736 opera,

291 2765 625 2864 gratiam
680 2766 855 2835 tuae
911 2758 1335 2837 Maiestatis
1403 2781 1759 2836 summam
1796 2761 2006 2854 inire,
2043 2764 2367 2855 multum,
2408 2761 2563 2839 diu-

293 2914 443 2989 que
482 2910 769 2963 mecum
806 2884 1154 2981 cogitavi,
1195 2907 1511 2981 quanam
1548 2885 2014 2984 potissimum
2042 2911 2126 2963 re
2163 2888 2558 2964 maximum

296 3040 547 3093 meum
577 3015 653 3089 iu
671 3022 869 3090 tuam
907 3011 1383 3089 Maiestatem
1423 3012 1765 3106 studium,
1803 3013 2330 3112 mirificumque
2369 3036 2559 3091 amo-

294 3169 459 3222 rem
483 3199 503 3234 ,
560 3165 651 3218 ac
704 3164 939 3239 prope
996 3137 1505 3214 incredibilem
1575 3139 2059 3216 declararem.
2141 3138 2326 3217 Cum
2385 3162 2562 3215 vero

297 3270 540 3348 multa
593 3268 838 3344 auimo
895 3266 1326 3362 agitassem,
1365 3264 1599 3340 multa
1635 3267 1958 3365 undique
1998 3266 2560 3367 circumspexis-

299 3420 490 3490 sem,
530 3396 684 3472 voti
739 3392 982 3490 magis
1040 3397 1115 3467 et
1170 3390 1579 3486 felicitatis,
1624 3416 1844 3490 quam
1899 3417 2225 3469 mearum
2273 3391 2562 3481 virium,

301 3524 431 3599 vel
488 3524 834 3598 fortunae
891 3540 1062 3597 esse
1118 3517 1487 3609 videbam,
1528 3527 1610 3595 ut
1646 3543 1762 3594 me
1819 3520 1895 3593 in
1949 3519 2346 3595 amicitiam
2385 3516 2562 3594 insi-

304 3673 615 3730 nuarem
689 3656 911 3724 tuam.
989 3642 1140 3720 Sed
1196 3643 1467 3720 accidit
1538 3652 1828 3745 tempus
1903 3652 2232 3744 optatum
2297 3643 2564 3741 magis,

307 3802 536 3877 quam
591 3781 993 3874 speratum,
1031 3780 1113 3848 ut
1151 3772 1300 3846 voti
1358 3772 1503 3847 mei
1558 3771 1813 3871 aliqua
1861 3797 1955 3848 ex
1991 3781 2207 3872 parte
2263 3793 2565 3868 compos

307 3906 477 3981 fieri
515 3926 923 4004 sperarem.
980 3899 1174 3975 Nam
1232 3922 1392 3974 cum
1457 3901 1843 3998 superiore
1881 3925 2074 3977 anno
2113 3898 2567 3975 Franciscus

310 4027 790 4127 Forgachius
845 4021 1256 4120 Ragusium
1316 4023 1413 4098 ad
1469 4047 1584 4098 me
1642 4025 1957 4100 Domum
2031 4025 2397 4114 venisset,
2453 4021 2569 4096 vir

312 4181 607 4237 summa
635 4151 1030 4252 gravitate,
1060 4147 1290 4226 multa
1319 4172 1755 4245 magnarum
1786 4151 2050 4225 artium
2079 4158 2155 4226 et
2170 4148 2573 4225 illustrium

308 4283 666 4376 scientia,
703 4304 793 4358 ac
830 4277 1202 4378 sapientia
1250 4277 1788 4365 ornatissimus,
1829 4285 1907 4353 et
1941 4300 2187 4353 rerum
2223 4273 2571 4372 plurima-

312 4434 502 4503 rum,
539 4407 678 4484 sed
729 4391 1128 4505 praecipue
1187 4401 1812 4498 Hungaricarum,
1859 4425 1998 4479 usu
2052 4399 2572 4501 peritissimus,

312 4549 493 4617 tuae
551 4557 731 4610 vero
784 4531 1229 4626 Maiestatis,
1270 4528 1804 4627 dignitatisque
1852 4526 2321 4628 percupidus,
2362 4533 2441 4600 ut
2479 4546 2572 4597 cx

2209 4651 2242 4686 ’4'-
