3293 5219
753 231 908 309 368

752 458 831 526 ut
920 450 1078 549 pila
1205 450 1694 546 quamtumvis
1820 453 2113 526 maximi
2246 455 2547 529 muralis
2661 456 3009 531 tormenti

754 586 1141 675 utrumque
1198 579 1395 653 latus
1434 578 1898 653 transforare
1939 600 2084 652 non
2141 588 2419 675 posset.
2479 604 2718 677 neque
2779 583 3007 657 facile

750 712 956 782 esset
992 705 1392 800 subruere3
1435 727 1676 801 neque
1716 705 1929 798 enim,
1972 713 2049 780 ut
2087 706 2272 780 muri
2310 706 2587 805 lapidei
2628 730 2793 781 cum
2832 731 2999 781 ver-

750 833 1121 927 berantur,
1159 857 1294 930 per
1385 832 1626 907 frusta
1682 833 1970 926 cadunt3
2009 833 2144 907 sed
2177 836 2450 909 robora
2503 836 2821 910 invicem
2861 837 3008 909 col-

745 961 983 1056 ligata
1020 968 1530 1055 contextaque,
1554 966 1864 1057 excepto
1905 982 1991 1033 eo
2033 961 2218 1052 loco,
2258 984 2399 1057 quo
2440 960 2596 1059 pila
2633 969 3006 1060 penetrat,

747 1093 998 1161 erecta
1032 1084 1460 1183 persistunt,
1507 1085 1964 1181 materiaque
2022 1095 2269 1161 terrea
2333 1086 2568 1179 cedit3
2623 1087 2797 1164 ideo
2842 1088 2999 1163 diu·

743 1212 892 1286 tius
949 1212 1428 1289 insistendum
1489 1214 1664 1306 fuit3
1708 1212 2069 1308 siquidem
2140 1213 2376 1310 primo
2433 1215 2659 1288 lutum
2718 1238 2811 1288 ac
2852 1239 3004 1288 ma-

745 1336 933 1412 teria
942 1341 1329 1414 tormentis
1343 1338 1925 1435 disjiciebantur,
1944 1337 2711 1435 dissolvebanturque:
2727 1348 3000 1436 postea

740 1462 955 1539 miles
992 1466 1460 1560 succedebat,
1502 1473 1575 1538 et
1614 1488 1774 1539 cum
1826 1465 2075 1559 ignem
2114 1472 2549 1562 apponeret,
2590 1465 2807 1539 arida
2846 1489 2995 1540 ma-

741 1588 931 1664 teria
986 1590 1350 1665 flammam
1408 1591 1881 1688 corripiebat.
1940 1591 2143 1663 Inter
2202 1613 2391 1685 quae
2452 1611 2702 1687 opera,
2782 1592 2991 1667 multi

750 1739 842 1788 ex
865 1717 1502 1814 oppugnatoribus
1541 1716 1824 1811 pariter
1863 1739 1951 1788 ac
1989 1714 2504 1790 defensoribus
2539 1716 2884 1815 utrinque
2922 1719 2997 1790 in

746 1840 905 1915 dies
971 1842 1340 1918 cadebant
1380 1843 2123 1938 vulnerabanturque.
2170 1842 2367 1916 Non
2412 1866 2670 1938 parum
2749 1853 2998 1918 tamen

748 1969 1106 2044 commodi
1164 1968 1409 2043 attulit
1468 1970 1561 2041 ad
1605 1968 2229 2065 expugnationem
2287 1968 2483 2042 arcis
2541 1993 2634 2042 ex
2689 1971 2996 2045 incenso

737 2096 1041 2192 pulvere
1097 2095 1584 2168 tormentario
1625 2101 1792 2168 orta
1852 2094 2166 2185 occasiO,
2209 2117 2398 2190 quae
2446 2094 2523 2166 in
2560 2097 2787 2170 rebus
2831 2095 2987 2169 bel-

734 2221 900 2295 licis
923 2220 1042 2295 vel
1063 2220 1380 2312 minima,
1405 2220 1800 2317 aliquando
1830 2221 2217 2316 plurimum
2247 2223 2515 2316 juvare
2538 2222 2748 2297 solet.
2790 2221 2990 2295 Nam

735 2370 893 2420 cum
932 2346 1264 2440 germani
1305 2344 1570 2420 milites
1583 2342 2375 2442 pulveremhaurirent,
2416 2345 2621 2440 cujus
2660 2346 2988 2421 maxima

737 2474 810 2546 in
852 2495 939 2547 eo
980 2472 1142 2546 loco
1203 2479 1362 2545 erat
1422 2471 1658 2568 copia,
1701 2494 1789 2544 ac
1829 2470 2275 2560 temulentia,
2318 2470 2513 2565 quod
2569 2470 2822 2545 vitium
2866 2470 2976 2545 illi

741 2596 945 2694 genti
985 2601 1107 2694 vel
1145 2598 1216 2672 in
1275 2598 1438 2696 ipso
1496 2597 1735 2673 medio
1776 2596 2041 2672 ardore
2100 2593 2280 2671 belli
2332 2605 2448 2671 est
2486 2597 2978 2673 familiarissi-

667 2708 674 2715 ’
738 2747 949 2816 mum,
993 2724 1353 2800 incautius
1393 2732 1724 2819 agerent,
1766 2725 1956 2798 forte
1994 2724 2362 2819 incensus,
2400 2725 2735 2798 omnibus
2798 2748 2990 2821 quae

738 2851 937 2925 circa
976 2859 1189 2925 erant
1228 2850 1563 2946 disjectis
1621 2850 1718 2925 ad
1776 2849 1971 2925 OOC
2013 2852 2285 2925 milites
2338 2852 2654 2926 necavit.
2695 2850 2983 2941 Quodsi

737 2978 986 3052 statim
1026 2976 1263 3052 hostis
1300 2977 1862 3074 impressionem
1919 2978 2239 3070 fecisset,
2282 3003 2373 3052 ex
2411 2978 2816 3076 improviso
2858 3002 2981 3051 ca-

737 3126 823 3178 su
884 3102 1218 3177 attonitis
1275 3104 1514 3178 adhuc
1554 3104 2091 3198 defensoribuS,
2132 3113 2210 3179 ut
2264 3103 2425 3178 fieri
2482 3105 2695 3197 solet,
2757 3105 2982 3178 facile

735 3253 870 3303 arx
910 3230 1075 3328 capi
1098 3230 1484 3329 potuisset.
1526 3230 1675 3306 Sed
1713 3254 1951 3327 neque
2009 3232 2462 3329 oppugnatio
2522 3232 2771 3306 statim
2810 3234 2980 3306 sub-

735 3356 948 3452 sequi
1005 3358 1264 3454 potuit,
1324 3380 1484 3432 cum
1540 3380 1685 3431 non
1744 3356 1987 3430 omnia
2043 3357 2259 3431 simul
2296 3366 2563 3455 puncto
2622 3359 2984 3456 temporis

737 3481 1070 3579 expediri
1155 3491 1484 3580 possunt,
1580 3483 2022 3581 praesertim
2125 3482 2197 3555 in
2288 3485 2513 3557 rebus
2572 3484 2826 3557 arduis
2903 3492 2980 3558 et

735 3605 1211 3701 difficillimis,
1268 3615 1340 3681 et
1378 3607 1488 3682 illi
1518 3608 1705 3682 satis
1763 3608 2120 3706 temporis
2181 3608 2274 3681 ad
2318 3609 2784 3707 recipiendos
2825 3610 2981 3684 ani-

733 3757 891 3808 mos
928 3732 1275 3828 habuere,
1306 3736 1473 3808 dum
1513 3736 1966 3834 oppugnatio
2008 3735 2337 3826 edicitur,
2381 3735 2592 3809 miles
2631 3738 2983 3827 armatur,

734 3860 1166 3957 disponitur.
1209 3858 1543 3935 Sublatis
1581 3860 1808 3956 igitur
1866 3860 2207 3958 utrinque
2264 3861 2735 3953 clamoribus,
2774 3863 2985 3938 undi-

733 4010 872 4085 que
930 3988 1285 4062 acerrime
1379 3990 1868 4077 concurritur,
1948 3990 2213 4087 diuque
2327 3998 2561 4064 marte
2674 3990 2981 4085 ancipiti

725 4114 1132 4203 dimicatur,
1192 4115 1438 4190 multis
1495 4116 1834 4214 utrinque
1874 4117 2228 4192 sauciatis
2269 4125 2489 4214 atque
2545 4117 2811 4212 caesis3
2868 4119 2977 4191 ita

729 4249 809 4314 ut
865 4239 1251 4315 Johannes
1327 4242 1800 4317 miseratione
1841 4266 2093 4318 eorum
2151 4244 2273 4340 qui
2333 4244 2863 4333 sauciarentur,
2905 4252 2979 4317 et

732 4366 854 4462 qui
894 4366 1259 4445 caderent.
1284 4392 1640 4443 revocare
1681 4370 1979 4444 militem
2002 4378 2417 4445 censuerat:
2456 4371 2598 4444 nisi
2637 4371 2981 4444 Bebecus

731 4484 1025 4585 legatus
1086 4495 1416 4568 universi
1475 4498 1864 4585 exercitus,
1944 4520 2154 4592 quem
2233 4498 2661 4590 generalem
2703 4496 2986 4593 capita-
