3293 5219
758 263 911 352 290

761 492 878 566 dio
919 490 1263 566 milliario
1285 491 1650 589 opposuit.
1694 487 2086 566 Johannes
2111 510 2286 564 vero
2326 487 2669 564 Rivulum
2700 489 3015 566 Minera-

750 641 908 692 rum
946 619 1183 716 primo
1210 625 1608 714 expugnat.
1650 618 2094 692 Keovarum
2132 616 2258 690 ubi
2278 616 2560 691 frustra
2601 618 3017 706 attentavit,

752 746 946 821 redit
959 746 1056 820 ad
1076 745 1703 843 oppugnationem
1719 743 2316 819 caesarianorum
2333 769 2350 828 ς
2363 744 2654 841 praelia
2694 746 3019 819 obscura

669 875 672 878 ’
745 871 1057 969 saepius
1078 874 1297 967 facta;
1335 868 1566 945 semel
1588 879 1836 945 tamen
1860 867 2059 945 vallo
2103 869 2571 962 adsultatum,
2594 872 2823 945 semel
2837 869 3009 944 totis

757 998 987 1095 copiis
1000 1006 1300 1095 praeter
1315 1004 1567 1071 castra
1582 996 2180 1070 caesarianorum
2194 995 3014 1094 vectipraeliumosten-

758 1132 1034 1206 tayere.
1053 1125 1258 1198 Inter
1289 1122 1478 1196 haec
1510 1144 1775 1197 cursor
1804 1131 2062 1197 noster
2082 1122 2468 1197 undecimo
2487 1123 2603 1198 die
2635 1147 2850 1220 quam
2874 1123 3021 1196 exi·

763 1257 973 1327 verat
1022 1250 1428 1345 ByzantiO,
1511 1250 1953 1325 continuatis
2025 1249 2245 1324 etiam
2292 1251 2635 1325 noctibus
2694 1249 3030 1323 revertit.

760 1376 1134 1472 Rescripti
1157 1399 1439 1451 summa
1459 1400 1541 1450 er
1553 1384 1650 1451 at:
1676 1375 1980 1476 Tokay,
2008 1375 2367 1469 Zerench,
2390 1385 2464 1451 et
2485 1400 2674 1473 quae
2696 1377 2746 1453 J
2753 1377 3026 1451 ohanni

762 1502 1124 1598 adempta,
1183 1503 1765 1595 restituerentur,
1804 1511 1879 1578 et
1930 1501 2506 1577 Transsilvania
2522 1503 2874 1600 deinceps
2907 1503 3025 1576 ab·

765 1629 1162 1703 stineretur
1222 1623 1418 1726 (nam
1447 1628 1797 1724 quicquid
1829 1629 2208 1704 Tibiscum
2242 1631 2436 1705 ultra
2468 1639 2602 1722 est,
2637 1629 3013 1705 Transsil-

766 1753 1061 1828 vaniam
1075 1747 1343 1850 vocat),
1358 1755 1583 1829 armis
1604 1756 1947 1854 utrinque
1959 1756 2449 1849 recederetur,
2469 1781 2557 1831 ac
2578 1755 3026 1831 siexercitus

764 1881 1241 1955 caesarianus
1257 1882 1363 1954 cis
1388 1881 1767 1957 Tibiscum
1779 1890 2272 1971 revocaretur,
2291 1884 2485 1958 idem
2504 1884 2748 1958 facere
2768 1881 3029 1957 suosin

767 2006 1180 2081 commissis
1236 2006 1901 2098 habere..Quatuor
1921 2032 2102 2103 ergo
2123 2009 2369 2084 nuncii
2389 2010 2769 2084 celerrime
2812 2031 3025 2106 expe-

771 2132 1084 2207 (liuntur.
1105 2129 1318 2207 Unus
1376 2132 1819 2230 Byzantium
1859 2158 2030 2209 cum
2085 2158 2443 2231 responso
2483 2136 2699 2210 istius
2739 2142 3025 2209 senten·

767 2261 949 2335 tiae:
973 2260 1025 2338 ‚J
1030 2261 1392 2334 ohannem
1428 2283 1576 2336 non
1594 2272 2079 2358 provocatum
2118 2264 2394 2338 bellum
2432 2265 2621 2338 ultro
2681 2262 3021 2349 movisse,

773 2411 861 2460 30
880 2385 1238 2484 plurimas
1260 2410 1474 2461 arces
1530 2388 2172 2486 velexpugnasse,
2214 2391 2334 2463 vel
2378 2389 2764 2482 excidisse,
2825 2387 3027 2461 ditio-

775 2535 1088 2608 nemque
1149 2535 1589 2611 occupasse,
1652 2537 1746 2588 ne
1803 2515 2029 2589 latius
2111 2522 2469 2615 serperet,
2527 2514 2798 2589 milites
2862 2534 3024 2586 sese

774 2638 1105 2733 misisse;
1149 2638 1510 2736 Tocajum
1549 2647 1623 2714 et
1689 2641 2028 2716 Zerench
2083 2642 2174 2716 ob
2232 2642 2309 2716 id
2350 2650 2799 2741 expugnata,
2841 2638 3028 2738 quod

774 2765 1164 2869 transitum
1203 2767 1993 2864 Tibisciimpedirent3
2033 2769 2085 2847 ,J
2089 2769 2456 2844 ohannem
2476 2770 2847 2845 turbidum
2885 2789 3025 2839 ma-

764 2894 939 2988 jora
996 2893 1513 2987 commeritum,
1592 2893 2005 2991 damnaque
2062 2919 2198 2993 per
2288 2919 2453 2971 eum
2508 2896 2721 2970 illata
2772 2892 3027 2968 merito

776 3017 1288 3115 rependenda3
1368 3028 1692 3095 ceterum
1747 3000 2017 3096 milites
2077 3045 2159 3095 se
2216 3031 2750 3112 revocaturum,
2811 3021 2880 3094 si
2921 3017 3028 3091 iti-

680 3220 688 3229 ,
781 3142 945 3216 dem
1003 3169 1049 3217 a
1129 3144 1285 3219 suis
1356 3145 1634 3220 factum
1693 3147 1936 3221 fuerit.
1997 3146 2379 3222 Secundus
2436 3149 2532 3223 ad
2588 3147 3029 3227 Budensem3

779 3293 947 3343 nam
985 3292 1145 3345 cum
1200 3272 1272 3347 V
1311 3271 1632 3347 millibus
1723 3273 1800 3347 in
1858 3297 2115 3372 campo
2158 3274 2403 3349 Racos
2464 3276 2562 3348 ad
2596 3273 2906 3350 Pestnm
2940 3273 3028 3347 ci·

781 3396 1089 3470 vitatem
1111 3420 1244 3492 per
1265 3399 1629 3473 omnehoc
1649 3406 1940 3498 tempus
1973 3403 2265 3475 mansit.
2294 3400 2599 3476 Tertius
2640 3402 2734 3475 ad
2771 3401 3029 3475 Teme·

784 3522 1126 3615 siensem,
1149 3532 1453 3618 quartus
1474 3525 1571 3598 ad
1584 3523 2010 3622 Svendium‚
2034 3550 2196 3600 cum
2233 3526 2502 3601 iisdem
2523 3528 2681 3604 fere
2719 3554 2894 3605 man
2914 3534 3028 3607 da-

781 3648 899 3722 tis.
946 3647 1341 3722 Tuminter
1372 3648 1769 3725 Svendium
1792 3660 1865 3727 et
1884 3652 2446 3728 Temesiensem
2468 3655 2805 3732 induciae
2836 3658 3028 3751 fiunt,
3072 3660 3079 3666 '

785 3774 980 3849 datis
1002 3772 1343 3870 utrinque
1383 3777 1807 3874 obsidibus;
1866 3785 1939 3853 et
1997 3784 2160 3854 orta
2204 3778 2669 3878 dis'ceptatiO,
2707 3785 3032 3881 utrisque

783 3902 1234 3999 petentibus,
1265 3910 1345 3977 ut
1358 3900 1549 3978 alter
1561 3905 1766 4002 prior
1787 3906 2048 3997 abiret,
2064 3907 2402 4004 utrisque
2423 3907 2513 3982 de
2529 3909 2837 3983 alterius
2849 3910 3034 3983 frau-

788 4029 878 4101 de
895 4028 1516 4125 suspectantibus3
1531 4029 1869 4126 datisque
1885 4031 2268 4108 obsidibus
2280 4033 2594 4108 invicem
2608 4035 2852 4109 medio
2865 4044 3032 4112 tem-

787 4176 969 4252 pore
1005 4154 1251 4229 factae
1290 4154 1819 4250 induciae.Sub
1841 4157 1958 4231 his
1992 4159 2410 4234 caesariani
2431 4168 2653 4259 atque
2673 4162 2931 4237 hostes
2955 4162 3031 4237 li·

789 4282 967 4357 bere
980 4283 1543 4377 pabulabantur,
1559 4284 1793 4359 donec
1813 4286 2106 4360 Turcae
2122 4310 2377 4363 carros
2394 4285 2935 4365 Germanorum
2960 4288 3037 4363 li·

790 4408 1056 4484 berins
1086 4418 1452 4507 vagantes
1467 4411 1855 4511 excipiunt.
1896 4411 2115 4489 Unde
2156 4412 2514 4490 Germani
2548 4416 3037 4515 insequentes,

794 4554 944 4634 pra
955 4537 1172 4612 elium
1214 4538 1567 4634 incipiunt
1584 4561 1732 4615 non
1746 4542 2008 4639 procul
2021 4541 2289 4619 castris
2304 4542 2622 4640 turcicis,
2642 4543 2779 4619 sed
2809 4541 3043 4620 medio
