3293 5219
832 334 983 412 502

828 551 1261 629 Austriacus
1273 542 1728 642 Zacynthum
1738 537 2047 613 insulam
2056 542 2314 632 petens
2326 538 2494 627 post
2502 530 2677 606 Idus
2692 525 3061 603 Octobres

829 680 926 756 ad
961 672 1528 778 promontorium
1568 662 2074 744 Gomenicium
2092 658 2449 759 pervenit,
2471 655 2849 734 ettandem
2871 652 3063 727 Mes-

830 807 1066 882 sinam
1086 796 1771 878 abscessit.1nterea
1791 788 1888 865 ad
1907 786 2300 876 dalmatica
2321 783 2593 883 oppida
2629 783 2706 857 in
2741 803 2880 854 ora
2917 802 3066 854 ma·

827 933 1071 1010 ritima
1107 926 1582 1006 excursiones
1619 922 1862 995 factae
1901 922 2070 1007 sunt
2090 912 2481 1011 ignobiles,
2524 917 2597 986 et
2616 907 2824 984 nulla
2861 928 3068 1006 pror-

833 1081 960 1135 sus
1035 1052 1385 1131 memoria
1439 1049 1729 1144 dignae,
1788 1064 1948 1117 cum
2001 1045 2301 1138 praeter
2357 1035 2639 1135 >oppida
2691 1031 3066 1108 maritima

833 1183 1014 1262 nihil
1051 1183 1127 1257 in
1167 1179 1439 1254 ditione
1480 1178 1682 1248 esset
1717 1169 2201 1258 Venetorum;
2244 1165 2337 1239 ab
2358 1162 2624 1260 quibus
2674 1157 3066 1235 tormentis

830 1310 1018 1412 ipsis
1078 1308 1372 1384 Turcae
1424 1301 1645 1377 facile
1720 1293 2360 1372 submovebantnr.
2453 1289 2552 1363 Et
2635 1310 2796 1363 cum
2834 1285 3066 1361 italici

833 1437 1117 1538 equites
1157 1440 1229 1508 et
1266 1430 1553 1530 pedites
1589 1426 1667 1499 in
1705 1445 1790 1498 eo
1832 1442 2105 1516 genere
2143 1416 2473 1493 bellandi
2510 1421 2583 1489 et
2627 1412 3080 1505 excurrendi,

834 1558 1379 1665 populandique
1419 1554 1573 1653 apti
1609 1575 1760 1627 non
1795 1553 1984 1624 sunt:
2006 1545 2173 1622 ideo
2211 1545 2306 1620 ad
2342 1567 2479 1641 par
2517 1539 2960 1617 excurrendi
2999 1547 3071 1615 et

836 1685 1246 1791 praeliandi
1267 1704 1521 1781 genus,
1562 1676 1691 1755 OG
1727 1678 1959 1753 ferme
1996 1672 2391 1770 ungaricos
2431 1669 2805 1768 equitesin
2842 1664 3073 1766 Supe-

832 1814 1011 1892 riori
1055 1807 1408 1907 Ungaria,
1444 1831 1536 1882 ex
1575 1801 2065 1881 Maximiliani
2102 1800 2469 1898 permissu
2507 1796 2908 1872 conductos
2948 1792 3071 1868 ad-

841 1943 1221 2030 duxerant,
1263 1936 1445 2011 duce
1482 1932 1796 2009 Nicolao
1821 1927 2359 2025 Sarmassagy.

1055 2068 1144 2141 In
1218 2061 1484 2158 Belgio
1524 2058 1739 2134 novis
1797 2055 2044 2131 cansis
2101 2074 2326 2148 supra
2373 2057 2666 2126 veteres
2704 2067 3078 2145 aggrega·

838 2195 956 2287 tis,
994 2191 1264 2267 bellum
1320 2191 1750 2262 renovatum
1820 2189 1955 2257 est.
2018 2179 2373 2254 Homines
2448 2177 2638 2252 enim
2710 2174 3082 2249 ardebant

841 2321 1209 2398 vindictae
1282 2315 1682 2413 cupiditate
1777 2313 1870 2386 ob
1944 2332 2164 2417 neces
2265 2308 2587 2405 virorum
2659 2303 3080 2394 illustrium,

842 2450 969 2528 alii
1057 2444 1627 2545 propinquorum
1720 2446 1794 2514 et
1886 2435 2614 2530 consangvineorum‚
2691 2431 3080 2504 bonorum-

843 2600 982 2677 que
1021 2570 1653 2665 confiscationem3
1706 2567 1836 2643 alii
1874 2546 2116 2642 autem
2155 2562 2410 2639 eadem
2449 2560 2591 2635 sibi
2628 2557 3079 2645 metuebant,

842 2712 915 2780 et
949 2701 1324 2777 malebant
1342 2698 1660 2773 hostium
1678 2693 2004 2795 periculo
2041 2693 2237 2767 bona
2276 2700 2349 2765 et
2387 2688 2611 2762 vitam
2629 2709 2774 2760 una
2794 2685 3078 2760 amitte·

842 2854 943 2906 re.
965 2828 1380 2903 Incitabant
1397 2848 1750 2902 novorum
1772 2831 1846 2899 et
1864 2818 2433 2898 intolerabilium
2454 2811 2927 2910 vectigalium
2950 2812 3075 2887 tri·

842 2958 1326 3050 butorumque
1365 2951 1810 3042 exactiones,
1851 2959 1925 3024 et
1979 2956 2130 3023 tum
2167 2943 2493 3022 inaudito
2551 2942 3076 3017 vocabulorum

842 3080 1128 3156 nomine
1169 3076 1611 3173 excogitate,
1662 3077 1860 3164 facta
1919 3073 2428 3150 aestimatione
2484 3072 2857 3159 bonorum,
2919 3089 3079 3141 cen-

843 3207 1197 3300 tesimam,
1234 3203 1814 3300 nonagesimam,
1854 3201 2397 3297 octogesimam,
2432 3195 3080 3295 septuagesimam,

848 3332 1412 3432 sexagesimam,
1469 3329 2173 3428 quinquagesimam,
2233 3324 2896 3423 quadragesimam,
2951 3321 3079 3398 tri-

840 3462 1218 3560 gesimam,
1255 3457 1697 3547 vicesimam,
1738 3454 2109 3531 decimam.
2166 3454 2366 3528 nullo
2402 3452 2670 3546 ubique
2723 3470 3072 3547 persona-

843 3609 1004 3665 rum
1040 3587 1349 3678 delectu,
1368 3584 1514 3661 dux
1552 3581 1795 3658 Albae
1832 3581 2189 3679 gravibus
2229 3577 2908 3655 denunciationibus
2946 3598 3080 3674 per

849 3734 1118 3790 saevos
1176 3712 1666 3806 extorquebat
1756 3714 2229 3805 quaestores3
2271 3725 2491 3803 quam
2562 3726 2718 3778 rem
2789 3701 3083 3800 provin·

852 3839 1128 3915 ciarum
1166 3845 1240 3912 et
1278 3836 1652 3910 civitatum
1692 3833 1964 3930 legatis
2022 3831 2271 3907 humili
2321 3831 2650 3907 oratione
2690 3829 3084 3928 deprecan-

846 3967 1065 4055 tibus,
1096 3970 1221 4039 aut
1258 3962 1485 4047 Deus,
1525 3960 1778 4057 inquit,
1817 3960 1894 4034 in
1914 3962 2118 4036 coelo
2157 3939 2303 4035 non
2357 3956 2516 4049 erit,
2574 3964 2701 4032 aut
2721 3955 3079 4055 pendetis.

848 4092 1020 4169 Non
1058 4091 1365 4166 deerant
1403 4088 1624 4165 etiam
1685 4090 2006 4182 exsules,
2067 4086 2191 4184 qui
2228 4095 2301 4163 et
2354 4084 2566 4161 bonis
2607 4105 2774 4158 sese
2813 4083 3081 4182 spolia-

844 4227 963 4296 tos
1002 4226 1076 4295 et
1091 4218 1443 4295 uxoribus
1482 4216 1961 4314 angebantur.
2002 4205 2296 4288 Eten‘im
2336 4211 2658 4312 Hispani
2697 4232 2828 4285 eas
2871 4209 3082 4286 duce-

848 4348 1049 4436 bant,
1071 4344 1263 4442 quod
1297 4344 1715 4418 haereticos
1753 4366 1842 4417 ne
1863 4341 1936 4415 in
1957 4335 2253 4416 nufnero
2297 4339 2587 4437 quidem
2607 4338 2942 4413 vivorum
2964 4337 3083 4413 du-

850 4472 1121 4549 cendos
1193 4471 1729 4570 praedicarent.
1805 4468 1964 4544 Nec
2037 4493 2293 4567 parum
2369 4467 2671 4545 offendit
2744 4465 3082 4541 Albanus

858 4599 1265 4690 universos,
1323 4596 1542 4670 etiam
1602 4617 1753 4686 eos,
1815 4594 1938 4691 qui
1978 4594 2421 4691 alioquinin
2457 4595 2670 4691 regia
2725 4591 2871 4668 fide
2925 4614 3083 4690 per-
