3293 5219
2362 386 2515 463 529

270 603 423 673 tate
462 608 537 674 et
573 600 938 676 suavitate
984 621 1267 677 morum
1311 601 1622 678 maxime
1664 601 2090 692 amandum,
2170 626 2313 678 non
2368 603 2515 678 iam

268 723 514 799 tacitis
551 726 763 818 votis,
803 728 936 802 sed
982 729 1203 803 laetis
1243 730 1622 820 omnibus,
1699 734 1921 825 atque
1960 728 2515 804 exclamationi·

270 850 407 923 bus
448 850 641 926 domi
677 853 1013 952 forisque
1039 879 1467 952 quocunque
1491 856 1904 944 incederes,
1946 856 2280 930 certatim
2302 855 2515 931 effusi

269 989 913 1074 prosequerentur.

482 1100 595 1177 Ac
634 1105 805 1179 mihi
846 1107 1138 1204 quidem
1176 1108 1265 1183 de
1303 1107 1834 1184 immortalibus
1885 1129 1972 1181 ac
2011 1105 2278 1180 divinis
2321 1105 2506 1181 Fer·

270 1226 568 1302 dinandi
606 1232 946 1307 laudibus
997 1234 1240 1310 dicere
1312 1235 1762 1325 instituenti,
1836 1234 2059 1330 longe
2116 1232 2266 1308 alia
2318 1232 2508 1308 ratio

266 1352 558 1431 videtur
631 1357 986 1448 ineunda,
1060 1368 1278 1457 atque
1353 1384 1529 1436 usus
1587 1369 1874 1437 ceteros
1947 1360 2326 1456 intellige,
2386 1359 2511 1456 qui

265 1502 589 1556 summos
622 1485 973 1561 ‘homines
1020 1487 1415 1586 Regesque
1473 1489 1833 1564 maximos
1871 1488 2178 1564 laudare
2235 1507 2507 1583 aggre-

267 1606 576 1684 diuntur.
618 1610 734 1687 De
772 1613 1123 1689 maiorum
1161 1615 1352 1690 enim
1389 1616 1795 1709 nobilitate,
1855 1615 1945 1689 de
1982 1637 2219 1689 rerum
2261 1618 2509 1709 gesta-

266 1756 427 1807 rum
464 1737 745 1831 gloria,
785 1740 875 1814 de
916 1740 1286 1835 victoriis,
1325 1742 1715 1841 triumphis
1788 1740 1894 1816 ita
1933 1740 2161 1816 multa
2236 1738 2508 1831 dicunt,

266 1868 345 1934 ut
381 1860 473 1935 de
513 1864 862 1940 maiorum
903 1868 1179 1943 meritis
1220 1870 1610 1944 maximam
1650 1865 1935 1964 gloriae
1966 1876 2270 1964 partem,
2311 1864 2506 1962 quod

261 1998 822 2085 praeposterum
859 2003 993 2090 est,
1032 1995 1107 2069 in
1147 2019 1296 2086 eos,
1337 2019 1521 2094 quos
1558 1996 1883 2085 laudant,
1923 1995 2260 2068 derivare
2298 1993 2500 2069 vide-

262 2121 504 2188 antur.
545 2119 663 2193 Ita
699 2119 825 2193 ille
846 2121 1388 2220 sapientissime
1410 2123 1686 2213 statuit,
1726 2130 1874 2197 tum
1913 2120 2237 2219 posteris
2269 2120 2496 2195 maio-

269 2264 434 2316 rum
459 2244 727 2322 decora
749 2271 916 2324 esse
957 2259 1405 2344 oruameutO,
1444 2251 1576 2327 tibi
1598 2249 1890 2348 quidem
1909 2256 2198 2346 partam
2218 2247 2314 2322 ab
2352 2246 2501 2322 illis

262 2371 615 2466 gloriam,
690 2398 831 2450 non
869 2377 1102 2454 solum
1142 2378 1289 2454 sibi
1325 2374 1897 2452 haereditariam
1970 2372 2323 2461 relictam,
2363 2374 2497 2448 sed

263 2499 588 2576 debitam
626 2502 844 2576 etiam
902 2525 1225 2579 summae
1263 2503 1536 2578 virtuti·
1587 2500 2017 2598 meritisque
2056 2501 2131 2573 in
2170 2497 2500 2573 homines

261 2626 789 2725 singularibus,
827 2655 1257 2729 quocunque
1296 2631 1404 2705 illi
1460 2630 1623 2708 loco
1665 2630 1816 2706 nati
1855 2638 2106 2704 essent
2143 2651 2225 2703 se
2263 2628 2497 2704 fuisse

259 2762 788 2837 consecuturos
861 2759 1283 2858 probarent.
1360 2760 1622 2857 Itaque
1698 2755 1891 2855 quod
1945 2779 2028 2831 se
2084 2764 2320 2830 ortum
2399 2780 2495 2831 ex

262 2879 817 2978 Angustissima
873 2885 1153 2961 familia
1224 2885 1712 2976 meminisset,
1786 2883 1860 2957 in
1901 2905 2048 2980 qua
2103 2880 2498 2956 clarissimi

259 3008 439 3084 belli
475 3010 750 3104 Duces,
791 3011 1048 3087 summi
1084 3010 1335 3106 Reges
1359 3066 1376 3100 ,
1414 3009 1931 3107 Imperatores,
2006 3008 2230 3083 rebus
2270 3007 2497 3081 maxi-

255 3138 396 3212 mis
432 3145 636 3213 terra
672 3139 1000 3237 marique
1038 3137 1406 3234 gerendis,
1445 3135 1742 3234 plurimi
1778 3133 2198 3209 floruissent
2238 3161 2255 3206 :
2299 3131 2498 3230 quod

260 3265 722 3341 Fridericum
760 3288 1157 3364 proavum,
1195 3288 1412 3340 avum
1450 3261 2055 3351 Maximilianum,
2076 3258 2497 3358 Philippum

253 3399 567 3490 patrem,
584 3394 890 3469 fratrem
910 3392 1279 3485 Carolum,
1301 3381 1524 3489 atque
1542 3389 1750 3466 illum
1770 3410 1915 3462 non
1936 3407 2117 3461 suae
2140 3385 2350 3462 modo
2373 3407 2493 3460 ae-

254 3518 454 3611 tatis,
484 3520 617 3596 sed
656 3520 972 3596 omnium
1011 3521 1422 3596 seculorum
1448 3521 1972 3619 Imperatorem
1992 3512 2495 3605 fortissimum,

253 3656 326 3722 et
363 3646 753 3723 maximum
774 3646 1217 3723 domesticae
1254 3644 1544 3743 gloriae
1583 3651 1659 3719 et
1696 3640 1938 3718 laudis
1967 3648 2306 3716 auctores
2338 3646 2492 3714 tau-

251 3783 369 3849 tos
392 3774 724 3849 haberet.
751 3773 947 3848 Hinc
983 3774 1129 3849 sibi
1168 3773 1344 3849 addi
1380 3774 1730 3863 stimulos,
1769 3776 1988 3866 atque
2027 3766 2214 3841 adeo
2251 3764 2465 3842 admo

253 3900 412 3975 veri
429 3901 659 3996 faces,
683 3901 943 3998 quibus
964 3901 1274 3977 animum
1298 3901 1392 3976 ad
1413 3899 1889 3974 maximarum
1918 3916 2156 3968 rerum
2179 3892 2492 3968 studium

253 4027 759 4121 inflammaret,
800 4037 1151 4128 tauquam
1189 4028 1331 4103 sibi
1372 4051 1532 4104 cum
1553 4023 1817 4102 alienis
1836 4044 1983 4096 non
2003 4041 2163 4094 cum
2203 4019 2358 4094 suis
2378 4042 2491 4095 es-

251 4167 368 4233 set
405 4156 497 4230 de
535 4155 777 4252 gloria
815 4165 1163 4256 suscepta
1200 4156 1599 4248 contentiO,
1679 4151 1970 4227 minime
2006 4147 2135 4222 ille
2196 4147 2488 4244 quidem

249 4287 563 4360 obscure
599 4285 1176 4382 praeseferebat.
1200 4283 1409 4377 Quae
1432 4306 1592 4358 cum
1616 4286 1886 4370 essent,
1904 4276 2011 4352 ita
2047 4295 2130 4348 se
2169 4273 2296 4348 ille
2334 4273 2484 4349 iam

249 4435 297 4486 a
331 4410 569 4510 prima
601 4418 843 4487 aetate
884 4413 1325 4511 comparuit,
1401 4418 1477 4489 ut
1515 4434 1657 4486 uon
1714 4406 1948 4482 solum
2005 4424 2096 4475 ex
2133 4408 2342 4476 tanta
2379 4402 2486 4477 fa-

252 4537 456 4613 milia
492 4546 741 4615 natum
779 4563 884 4632 se,
925 4539 998 4614 id
1039 4539 1231 4637 quod
1253 4542 1611 4616 afortuna
1650 4535 1978 4618 haberet,
2019 4524 2150 4602 sed
2188 4526 2483 4621 dignum

255 4664 493 4754 etiam,
537 4665 658 4763 qui
698 4689 789 4740 ex
827 4690 917 4741 ea
956 4675 1382 4743 nasceretur
1403 4663 1698 4763 optimis
1756 4658 2038 4733 artibus
2092 4653 2484 4732 imbuendo

344 4813 546 4848 nomm.
581 4814 747 4856 imno,
778 4816 915 4850 111ST.
949 4818 1144 4851 SCRIPT.
1187 4816 1293 4851 XVI.
2169 4766 2273 4849 34
