3293 5219
2341 323 2497 401 243

230 530 456 606 facile
512 532 917 607 exercitum
973 532 1447 608 conscribere
1506 543 1581 609 et
1635 532 1841 610 alere
1897 539 2154 636 potuit.
2251 539 2493 637 Hujus

228 679 409 733 vero
429 657 784 734 facinoris
806 659 1119 756 pretium
1140 660 1434 734 tandem
1472 661 1568 736 ab
1593 661 2069 738 Ferdinando
2112 688 2491 761 accepere,

230 787 563 863 Thomas
605 786 969 883 Nadasdy
1008 784 1570 862 castellanatum
1610 788 2051 869 budensem,
2110 791 2495 866 Johannes

236 916 484 1013 Zalay
521 912 940 989 comitatum
980 913 1532 1010 posoniensem,
1612 924 1689 990 et
1745 938 1989 991 arcem
2049 918 2495 1001 Berzencze‚

231 1037 659 1138 Stephanus
706 1037 1023 1114 Mailath
1082 1062 1328 1115 arcem
1376 1039 1725 1135 Fogaras
1776 1041 1854 1115 in
1894 1043 2493 1148 Transsilvania‚

232 1189 425 1264 quae
462 1165 540 1241 in
577 1165 851 1241 ditione
889 1167 941 1242 .J
946 1165 1259 1240 ohannis
1299 1174 1508 1259 erat,
1568 1167 1704 1242 sed
1758 1176 1838 1245 ut
1876 1171 2038 1265 ejus
2076 1170 2493 1268 possessio-

237 1317 408 1369 nem
482 1292 835 1368 retineret
912 1293 1008 1368 ab
1050 1292 1523 1368 Ferdinando
1599 1295 1697 1368 ad
1752 1296 1804 1371 J
1807 1296 2175 1372 ohannem
2249 1306 2494 1371 tamen

231 1418 552 1496 transiit.
627 1418 679 1493 J
685 1418 1016 1492 ohannes
1072 1441 1250 1493 vero
1309 1441 1474 1494 eum
1531 1443 1694 1495 cum
1769 1422 2113 1503 Emerico
2173 1423 2495 1498 Balassa

233 1543 853 1621 Transsilvaniae
911 1544 1367 1641 praefectum
1441 1545 1745 1620 creavit.
1822 1545 2101 1622 Verum
2176 1548 2492 1646 prodere

233 1650 715 1748 Ferdinando
775 1669 1422 1745 Transsilvaniam
1480 1680 1739 1747 contra
1807 1638 2175 1748 volentem
2208 1671 2492 1750 Johan-

236 1821 373 1873 nes
414 1793 962 1895 expeditionem
999 1795 1248 1885 movit,
1271 1794 1345 1869 in
1382 1819 1530 1893 qua
1568 1797 1793 1872 etiam
1830 1806 2162 1875 mortuus
2203 1807 2355 1894 est3
2416 1807 2493 1874 at

233 1925 458 2023 paulo
519 1928 693 2021 post
762 1928 1022 2019 captus
1084 1917 1417 2020 (Mailat)
1487 1922 1561 1996 in
1601 1924 2026 2022 byzantinis
2065 1926 2492 2001 carceribus

233 2048 607 2124 scelerum
637 2069 917 2146 poenas
955 2047 1112 2121 luit.

444 2173 672 2250 Haud
726 2173 1048 2249 absimili
1106 2179 1269 2248 arte
1347 2180 1422 2247 et
1477 2196 1786 2248 uxorem
1845 2175 2176 2251 Thomas
2238 2176 2487 2269 duxit3

232 2327 402 2378 nam
464 2302 713 2398 gentis
771 2298 1122 2376 Oanisiae
1178 2300 1395 2375 unica
1450 2301 1607 2377 filia
1665 2303 1805 2376 sub
1863 2303 2229 2378 tutoribus
2272 2326 2317 2376 a
2356 2326 2484 2400 pa-

223 2438 338 2505 tre
377 2426 663 2503 relictis
685 2435 1067 2526 superstes
1089 2436 1271 2521 erat,
1291 2426 1608 2505 illustris
1630 2429 1984 2520 familiae,
2015 2451 2484 2525 magnarum-

232 2580 373 2655 que
414 2579 636 2656 opum
673 2564 893 2653 atque
931 2556 1289 2634 bonorum
1327 2556 1425 2633 ad
1463 2557 1816 2633 Noricum
1857 2556 2189 2635 sitorum.
2249 2556 2485 2649 Quam

230 2707 393 2760 cum
434 2704 675 2779 neque
713 2705 1027 2778 genere,
1066 2705 1305 2779 neque
1346 2682 1710 2779 dignitate
1751 2691 2195 2775 mereretur,
2236 2683 2331 2757 ad
2372 2708 2487 2758 ar-

226 2820 345 2886 tes
403 2810 725 2884 animum
763 2808 1096 2884 intendit.
1153 2809 1414 2906 Itaque
1452 2833 1675 2885 unum
1711 2833 1806 2885 ex
1845 2806 2288 2908 tutoribus*)
2331 2833 2487 2885 sus-

230 2936 437 3029 tulit;
481 2936 671 3010 alios
703 2935 944 3033 pretio
986 2942 1397 3009 emereatus
1433 2943 1568 3027 est,
1611 2934 1832 3011 ducta
1871 2937 1944 3010 in
1982 2959 2289 3011 uxorem
2329 2959 2492 3012 cum

230 3062 691 3138 undecimum
751 3061 1021 3136 aetatis
1080 3083 1348 3137 annum
1406 3061 1533 3135 vix
1592 3062 1992 3158 attigisset.
2053 3066 2142 3138 In
2179 3062 2493 3138 budensi

236 3189 750 3280 castellanatu,
866 3211 1028 3264 cum
1104 3186 1600 3285 Solymannus
1696 3198 2201 3286 oppugnaret,
2300 3191 2490 3263 fere-

230 3325 421 3393 trum
496 3316 788 3411 nigrum
861 3338 902 3389 e
975 3314 1218 3412 pinnis
1295 3314 1715 3390 ostentavit.
1811 3312 1914 3388 At
1989 3338 2121 3390 seu
2178 3316 2296 3408 vi,
2357 3337 2490 3389 seu

230 3443 519 3536 fraude,
577 3463 796 3516 secus
854 3442 1119 3516 evenit.
1198 3442 1390 3516 Nam
1446 3465 1580 3540 per
1639 3440 2076 3515 seditionem
2136 3449 2393 3534 captus
2444 3464 2489 3512 a

229 3568 611 3665 germanis
649 3566 1025 3659 militibus,
1067 3573 1141 3642 et
1179 3568 1417 3663 ipsum
1457 3575 1770 3664 captum,
1812 3571 1886 3639 et
1925 3564 2211 3640 Budam
2249 3564 2325 3638 in
2362 3587 2487 3662 po-

232 3701 581 3769 testatem
637 3691 958 3767 hostium
1020 3692 1237 3767 simul
1292 3690 1713 3784 tradidere,
1774 3712 1989 3786 quem
2048 3688 2493 3788 Solymanus

233 3821 329 3896 ad
348 3821 401 3896 J
406 3818 773 3895 ohannem
795 3817 986 3894 dono
1027 3818 1245 3913 misit;
1269 3819 1579 3916 ipseque
1617 3816 1916 3892 tandem
1954 3839 2136 3908 eum,
2176 3823 2255 3892 ut
2295 3818 2492 3916 apud

226 3970 308 4022 se
348 3951 706 4036 maneret,
747 3943 1062 4018 liberum
1100 3943 1393 4018 dimisit.
1417 3941 1876 4042 Stephanum
1912 3938 2480 4039 Esthvanffy**)

236 4099 330 4149 ex
370 4069 839 4146 nobilissima
878 4069 1198 4163 familia,
1265 4078 1340 4145 et
1377 4070 1613 4145 virum
1651 4067 1915 4142 militia
1951 4075 2480 4164 praestantem,

232 4220 679 4296 quamquam
735 4195 1217 4294 praedarum,
1295 4205 1373 4272 ut
1425 4204 1578 4270 tum
1643 4194 1865 4270 bellis
1922 4192 2267 4269 civilibus
2327 4216 2487 4268 mos

233 4336 416 4417 erat,
471 4323 919 4416 studiosum,
992 4321 1394 4399 inauditum
1450 4330 1697 4398 tamen
1753 4328 1975 4415 atque
2027 4318 2488 4396 indefensum

453 4517 515 4585 ⁴¹¹¹)
556 4512 799 4571 Istvdnfi
821 4513 1099 4585 jegyzete
1132 4534 1145 4569 ε
1173 4513 1514 4584 Dionysium
1542 4511 1831 4581 Hassady.

304 4620 308 4624 ·
343 4621 355 4626 “
448 4605 548 4675 ⁴⁶³)
588 4604 826 4661 Istvanfi
847 4606 1122 4678 jegyzete
1152 4625 1164 4657 z
1196 4605 1528 4674 Stephanus
1550 4601 1900 4671 ‘Isthvanffyn

2028 4674 2165 4750 16*
2237 4614 2242 4619 ,
2318 4612 2344 4618 .,
