3293 5219
751 293 905 378 386

770 519 957 591 sima
1014 525 1248 591 erant.
1288 537 1434 588 non
1474 514 1711 591 solum
1771 521 2047 589 mutata
2106 513 2343 590 forma
2378 513 2671 612 priscae
2712 493 3009 608 religio-

750 644 888 736 nis,
940 641 1075 716 sed
1134 639 1472 737 expulsis
1531 642 1753 715 etiam
1830 640 2421 737 possessoribus,
2481 641 2556 713 in
2612 661 3016 739 paucorum

761 774 1205 868 potestatem
1249 765 1719 861 redegerant.
1778 766 2015 840 Erant
2056 773 2302 840 autem
2342 765 2749 862 antiquitus
2791 764 3012 840 colle-

767 896 917 988 gia,
945 919 989 967 a
1011 891 1471 991 principibus
1496 890 1679 964 viris
1699 891 1991 988 publice
2017 899 2087 965 et
2108 891 2455 990 privatim
2476 891 2835 984 instituta,
2856 898 3015 965 tan·

753 1045 972 1119 quam
1010 1018 1307 1116 publica
1364 1019 1837 1114 receptacula
1890 1016 2204 1093 filiorum
2266 1026 2486 1115 atque
2545 1017 2885 1108 filiarum,
2928 1026 3001 1091 et

755 1142 1080 1242 hospitia
1120 1142 1278 1215 sive
1321 1141 1734 1215 diversoria
1754 1141 2181 1215 nobilitatis.
2213 1141 2421 1233 Quae
2444 1142 2744 1217 mutatio
2785 1143 3006 1217 vehe-

756 1278 1036 1344 menter
1058 1290 1312 1341 omnes
1337 1268 1817 1362 molestabat:
1841 1291 2066 1363 quare
2092 1268 2163 1341 in
2187 1268 2559 1342 nonnullis
2582 1268 3009 1342 civitatibus

754 1418 989 1491 neque
1049 1394 1354 1468 admissi
1413 1403 1602 1485 sunt,
1662 1392 2057 1469 nonnullas
2099 1417 2277 1469 vero
2338 1403 2575 1469 metus
2635 1402 2759 1469 aut
2799 1417 3008 1468 reve-

751 1521 990 1597 rentia
1050 1519 1408 1617 principis
1468 1521 1812 1594 movebat
1870 1519 2180 1617 quidem,
2241 1519 2375 1595 sed
2432 1544 2580 1595 non
2628 1520 2850 1617 plane
2893 1542 3011 1593 as·

754 1646 1283 1737 sentiebantur,
1327 1653 1401 1719 et
1438 1646 1961 1743 impedimenta
2004 1647 2481 1743 quaerebant.
2540 1646 2731 1720 Nam
2772 1645 3002 1742 patri-

751 1772 995 1847 monia
1035 1779 1108 1846 et
1148 1771 1476 1863 donaria,
1537 1796 1727 1867 quae
1772 1794 2021 1846 eorum
2077 1771 2411 1845 familiae
2452 1770 2623 1846 olim
2663 1770 2817 1845 illis
2858 1772 3003 1845 col-

748 1895 969 1994 legiis
1010 1897 1432 1988 donassent,
1475 1895 1547 1969 in
1585 1919 1982 1993 paucorum
2021 1919 2228 1971 usum
2271 1905 2343 1971 et
2381 1919 2647 1972 novam
2685 1897 3000 1972 formam

752 2023 993 2119 redigi
1033 2047 1259 2119 aegre
1300 2022 1794 2121 patiebantur.
1862 2021 2311 2115 Accedebat,
2366 2024 2563 2121 quod
2599 2023 3009 2120 inquisitio-

759 2174 923 2225 nem
982 2150 1445 2247 hispanicam
1506 2158 1762 2225 contra
1800 2172 2039 2225 novae
2079 2151 2627 2225 reformationis
2667 2148 3003 2226 homines

747 2275 1209 2350 induxerant.
1259 2277 1372 2348 Ea
1393 2283 1541 2358 tam
1568 2284 1689 2350 est
1706 2276 1977 2350 acerba
2016 2285 2235 2373 atque
2295 2276 2739 2367 crudelis,ut
2777 2298 3005 2375 saepe

754 2404 848 2486 ob
885 2402 1339 2477 levissimam
1381 2426 1534 2476 rem
1592 2424 1738 2475 non
1778 2401 1875 2475 sit
1923 2402 2106 2476 satis
2148 2402 2513 2478 hominem
2571 2410 2805 2477 morte
2846 2402 3003 2477 affi-

753 2552 945 2621 cere,
970 2529 1103 2603 sed
1125 2528 1548 2603 universam
1571 2527 1925 2603 familiam
1969 2552 2115 2604 una
2138 2553 2299 2604 cum
2324 2529 2661 2605 omnibus
2681 2528 3002 2604 fortunis

760 2663 980 2754 atque
1009 2655 1449 2747 hominibus,
1474 2657 1631 2730 sine
1672 2656 1945 2731 aetatis
1971 2638 2043 2730 et
2083 2679 2307 2731 sexus
2331 2655 2840 2730 misericordia
2883 2681 3007 2731 ex·

745 2782 1124 2877 stingvere
1163 2780 1488 2874 soleant,
1529 2804 1766 2879 neque
1805 2803 1977 2856 raro
2020 2781 2121 2873 fit,
2163 2790 2242 2857 ut
2296 2782 2793 2880 pecuniarum,
2834 2782 3006 2892 odii,

747 2915 875 2983 aut
910 2906 1371 3005 privatarum
1428 2906 1965 2983 inimicitiarum
2019 2931 2246 2982 causa
2287 2909 2449 3005 quis
2487 2916 2636 2983 tam
2677 2914 3007 2983 atrocem

748 3055 1001 3107 casum
1057 3033 1334 3107 subeat.
1402 3032 1612 3107 Haec
1652 3057 1829 3130 ergo
1870 3058 1993 3109 res
2031 3035 2203 3109 illos
2259 3057 2402 3109 non
2444 3036 2679 3110 solum
2718 3042 3009 3135 pertur-

745 3161 996 3249 babat,
1018 3158 1152 3234 sed
1170 3158 1633 3234 formidinem
1657 3160 1973 3258 capitum
1999 3168 2219 3256 atque
2238 3160 2694 3235 fortunarum
2711 3159 2865 3234 illis
2903 3161 3009 3235 in-

747 3284 1090 3377 cutiebat,
1148 3308 1368 3381 quam
1420 3285 1620 3361 nullo
1679 3286 1891 3362 modo
1949 3287 2332 3362 admittere
2387 3286 2761 3362 volebant.
2798 3286 3011 3378 Quae

747 3412 990 3488 omnia
1029 3414 1404 3509 augebant
1443 3415 1683 3487 fastus
1723 3412 2102 3488 muliebris
2159 3414 2707 3509 gubernatricis
2748 3410 3008 3488 Caroli

745 3538 835 3613 V.
879 3561 972 3611 ex
1011 3536 1397 3633 illegitimo
1454 3545 1614 3612 toro
1673 3538 1896 3629 filiae,
1957 3536 2254 3612 Octavii
2314 3539 2519 3613 ducis
2575 3538 3005 3614 Placentiae

750 3664 1027 3757 uxoris,
1052 3673 1124 3739 et
1147 3661 1687 3739 Granduellaui
1727 3665 2045 3739 avaritia
2068 3673 2287 3762 atque
2328 3665 2652 3759 ambitiO,
2676 3666 2801 3763 qui
2839 3689 3006 3740 can-

745 3789 1050 3884 cellarii,
1090 3799 1170 3865 ut
1209 3798 1497 3881 vocant,
1539 3790 1742 3866 vices
1765 3792 2096 3887 gerebat,
2139 3814 2351 3887 quem
2389 3814 2627 3866 novae
2667 3791 3002 3866 mutatio·

743 3916 860 3990 nis
899 3916 1330 3991 acerrimum
1393 3916 1883 4006 defensorem,
1944 3924 2016 3991 et
2056 3940 2282 4013 supra
2319 3918 2856 3994 sacerdotalem
2898 3917 3004 3991 di·

742 4042 1097 4139 gnitatem
1137 4042 1439 4137 spiritus
1462 4052 1863 4139 gerentem,
1889 4044 2228 4141 quodque
2261 4043 2497 4141 ipsam
2538 4040 3001 4139 gubernatri-

741 4190 900 4243 cem
957 4168 1257 4243 arctiori
1313 4169 1600 4245 vinculo
1679 4193 1897 4267 quam
1958 4194 2095 4268 par
2155 4175 2379 4259 esset,
2439 4168 2512 4242 in
2551 4190 2759 4242 suam
2796 4174 3001 4265 pote-

727 4299 1006 4369 statem
1062 4293 1500 4389 redegisset,
1555 4302 1629 4369 et
1683 4317 1901 4371 unum
1964 4294 2208 4370 omnia
2262 4294 2358 4392 ad
2415 4317 2498 4369 se
2553 4293 2873 4383 trahere,
2933 4302 3006 4367 et

737 4419 1179 4515 gubernare,
1237 4419 1906 4517 administrareque
1963 4422 2372 4512 volentem,
2433 4441 2685 4494 omnes
2741 4419 3001 4492 mirum

736 4543 811 4620 in
867 4544 1154 4619 modum
1212 4545 1379 4620 odio
1455 4546 1863 4635 habebant,
1920 4568 2158 4643 neque
2213 4544 2509 4643 passuri
2565 4544 3005 4619 videbantur
