3293 5219
837 280 994 358 418

839 524 981 575 non
1023 502 1359 593 stetisse,
1399 512 1469 575 et
1517 502 1953 575 sententiam
1996 503 2270 597 vigere.
2298 504 2512 577 Dobo
2553 503 3047 600 respondebat,

841 651 986 701 non
1063 651 1217 718 suo,
1297 627 1429 701 sed
1505 628 1767 701 viduae
1836 626 2036 700 illius
2097 627 2273 701 vitio
2349 651 2517 701 esse
2591 628 3048 717 commissum,

845 754 1134 848 quando
1175 755 1270 826 ab
1312 752 1748 828 adversario
1790 753 2185 848 largitione
2226 760 2570 851 corrupta
2605 764 2865 852 pactae
2900 777 3047 828 con-

843 879 1163 954 ventioni
1185 889 1389 954 stare
1412 887 1878 972 recusasset3
1920 902 2002 953 se
2040 888 2281 954 autem
2319 888 2658 977 paratum
2695 881 2935 955 fuisse.
2972 880 3046 952 In

839 1028 918 1077 re
958 1005 1264 1103 ancipiti
1305 1003 1385 1076 fit
1421 1005 1853 1101 provocatio
1905 1006 2001 1078 ad
2039 1005 2463 1103 principem,
2506 1007 2629 1101 qui
2669 1014 2815 1080 tum
2851 1006 3044 1080 Vien-

837 1154 977 1204 nae
1019 1138 1200 1225 erat;
1230 1131 1587 1226 judicium
1644 1131 1948 1205 Posonii
2010 1131 2589 1228 disceptabatur.
2631 1130 3051 1221 Quaestores

838 1279 992 1329 rem
1038 1256 1132 1328 ad
1171 1277 1549 1329 caesarem
1627 1281 1721 1330 ex
1777 1277 1914 1329 usu
1970 1256 2132 1329 fisci
2192 1255 2573 1353 aliquanto
2614 1257 2854 1330 acrius
2891 1256 3049 1329 refe-

838 1388 1029 1471 runt,
1071 1383 1193 1477 qui
1253 1382 1700 1456 demandata
1739 1383 1848 1455 eis
1888 1381 2148 1455 solerti
2219 1389 2478 1455 tantae
2532 1384 2641 1456 rei
2681 1405 2869 1471 cura,
2904 1404 3050 1454 mox

850 1507 1036 1579 satis
1076 1507 1615 1602 praedicanteS,
1675 1508 1997 1582 validam
2038 1530 2205 1582 esse
2246 1510 2707 1600 sententiam,
2747 1527 2920 1604 quae
2956 1528 3050 1578 se·

841 1630 984 1704 mel
1015 1631 1394 1726 Judicibus
1471 1631 1897 1731 placuisset,
1937 1655 2071 1731 per
2145 1634 2483 1731 publicos
2532 1654 2794 1708 servos
2832 1630 3049 1705 Dobo·

841 1778 1010 1829 nem
1087 1760 1406 1856 capiunt,
1467 1766 1540 1833 et
1579 1760 1961 1835 custodiae
2019 1760 2360 1852 tradunt3
2400 1770 2478 1835 ut
2534 1785 2681 1835 non
2723 1758 3044 1851 Sarospa·

842 1890 1083 1957 tacum
1124 1886 1338 1959 modo
1382 1886 1759 1991 retineret,
1801 1888 1934 1960 sed
1972 1910 2184 1960 arces
2227 1888 2510 1960 Levam
2549 1896 2625 1960 et
2661 1883 2932 1981 Vigles,
2986 1885 3047 1952 et

840 2008 1113 2104 oppida
1152 2005 1457 2085 Geoncz
1498 2036 1587 2085 ae
1646 2012 2163 2108 Telquibania,
2205 2013 2577 2108 ingentem
2619 2010 2945 2083 ditionem
2979 2016 3040 2080 et

835 2133 1060 2206 XXX
1106 2136 1339 2211 millia
1409 2161 1801 2212 aureorum
1894 2161 2207 2228 numum,
2268 2160 2457 2235 quae
2531 2136 2774 2211 omnia
2826 2129 3044 2208 Ferdi-

827 2260 1134 2353 naudus,
1171 2275 1657 2361 posteaquam
1695 2264 2339 2339 Transsilvaniam
2359 2265 2732 2351 amiserat,
2787 2262 2853 2336 ei
2882 2264 3043 2334 forte

830 2385 1158 2475 dederat,
1196 2395 1762 2484 recuperarent3
1823 2388 2085 2485 quibus
2123 2389 2391 2463 nedum
2430 2389 2865 2477 libertatem,
2930 2382 3039 2456 sed

826 2535 1063 2608 neque
1120 2513 1367 2605 vitam,
1406 2513 1621 2588 homo
1687 2514 2023 2593 callidus.
2102 2524 2175 2590 et
2231 2516 2550 2589 avaritia
2604 2512 2888 2588 infamis
2935 2532 3035 2582 un-

830 2661 1049 2731 quam
1087 2649 1248 2714 erat
1301 2641 1787 2715 redemturus.
1849 2642 2056 2738 Ergo
2115 2650 2275 2716 arte
2334 2651 2407 2716 et
2463 2640 2760 2737 ingenio
2810 2632 3033 2712 machi·

829 2764 1145 2837 nandum
1185 2772 1409 2857 ratus,
1448 2765 1877 2856 familiares,
1908 2766 2082 2862 quid
2118 2766 2277 2841 fieri
2304 2766 2503 2858 velit,
2543 2766 3033 2858 docet3eosque

830 2886 925 2961 ad
961 2898 1246 2986 portam
1268 2891 1592 2965 civitatis
1612 2892 2041 2988 praemittit,
2067 2894 2204 2967 sub
2243 2892 2581 2967 vestibus
2622 2913 2823 2965 arma
2872 2887 3032 2960 defe-

831 3022 1102 3103 rentes,
1140 3016 1248 3089 uti
1305 3017 1549 3108 armis,
1591 3018 1657 3089 si
1707 3017 1919 3092 dolus
1977 3018 2386 3115 patefieret,
2426 3018 2623 3093 viam
2682 3015 3032 3115 aperirent·

830 3139 991 3236 ipse
1032 3161 1206 3212 vero
1230 3149 1439 3215 veste
1480 3143 1761 3216 rustica
1802 3142 2118 3235 indutus,
2141 3143 2533 3218 bubulcum
2574 3165 2657 3216 se
2699 3140 3028 3223 simulans,

829 3263 1020 3338 inter
1094 3277 1497 3342 armentum
1560 3269 1883 3342 civitatis
1942 3292 2223 3368 summo
2283 3294 2496 3344 mane
2554 3269 2715 3342 sine
2774 3260 3030 3362 impedi-

830 3399 1072 3466 mento
1129 3393 1327 3467 felici
1386 3405 1552 3469 astu
1610 3394 2006 3489 egreditur,
2066 3404 2139 3469 et
2192 3419 2324 3493 per
2384 3398 2614 3490 equos
2674 3389 3030 3489 dispositos

831 3514 1115 3590 domum
1173 3521 1499 3593 revertit.
1607 3520 1751 3593 His
1812 3542 1992 3616 ergo
2052 3521 2386 3595 omnibus
2444 3521 2535 3594 de
2593 3517 2861 3605 causis,
2912 3513 3029 3586 Do·

830 3641 1042 3715 bonis
1074 3649 1147 3715 et
1186 3642 1237 3718 J
1244 3643 1555 3718 ohannis
1577 3643 1944 3718 Balassae
1989 3644 2277 3719 nomine
2316 3645 2610 3718 litterae
2652 3640 3029 3734 confingun-

823 3770 943 3840 tur
981 3766 1076 3840 ad
1129 3768 1180 3842 J
1187 3767 1542 3842 ohannem
1585 3771 1686 3844 Π.
1742 3778 1815 3843 et
1854 3766 2275 3868 Gasparem
2314 3771 2632 3866 Beques,
2690 3788 2893 3840 manu
2942 3768 3026 3835 at-

827 3913 966 4000 que
1006 3892 1244 3986 signis
1309 3916 1560 3967 eorum
1600 3918 1693 3967 ex
1751 3901 1910 3968 arte
1972 3897 2323 3987 confictis,
2366 3919 2556 3992 quae
2596 3892 3027 3970 continebant

823 4018 899 4092 in
957 4018 1537 4093 Maximilianum
1596 4018 2073 4111 invectiones,
2134 4046 2223 4094 ac
2272 4021 2593 4095 studium
2632 4043 2831 4095 suum
2868 4037 3022 4108 erga

821 4145 1262 4235 Johannem,
1319 4145 1830 4239 promittentes
1916 4147 2196 4220 auxilia
2254 4148 2317 4220 si
2375 4148 2648 4222 bellum
2705 4146 3023 4227 moveret3

823 4273 1133 4345 consilia
1171 4272 1339 4344 item
1385 4270 1747 4366 quomodo
1787 4270 1948 4364 geri
1989 4271 2316 4361 deberet,
2375 4281 2449 4345 et
2487 4271 2659 4367 quid
2699 4259 3022 4368 praestari

820 4406 1098 4493 posset,
1157 4394 1682 4487 ostendebant;
1722 4395 1905 4485 fore,
1966 4403 2042 4470 ut
2105 4420 2295 4472 nune
2372 4398 2531 4472 sine
2587 4394 2901 4494 periculo
2966 4410 3021 4458 0·

824 4544 1028 4594 mnes
1110 4522 1232 4617 qui
1327 4523 1463 4594 sub
1525 4519 2012 4595 Maximiliani
2110 4524 2377 4598 ditione
2436 4531 2705 4614 essent,
2764 4522 2829 4594 in
2879 4533 3023 4590 suas
