3293 5219
855 318 1010 393 540

848 537 1130 612 felices.
1170 538 1727 629 fortunatosque
1769 534 2115 621 ducimuS,
2158 535 2331 632 quid
2369 536 2460 609 de
2497 542 2702 609 tanto
2757 537 3061 634 Impera-

850 679 1010 740 tore
1049 661 1542 751 statuendum‚
1582 662 1705 757 qui
1743 684 1875 759 per
1914 682 2263 736 summam
2302 661 2629 753 laudem,
2672 673 3070 738 anteactam

848 792 1098 879 vitam,
1135 788 1328 864 omni
1368 809 1638 881 genere
1680 786 2063 873 virtutum,
2138 787 2416 884 pietate
2439 842 2456 875 ,
2495 787 2875 884 religione,
2912 810 3069 862 san-

850 918 1103 994 ctitate
1142 915 1600 990 clarissimus
1650 920 1798 987 tam
1840 914 2235 1005 laudabili,
2308 922 2383 988 et
2419 915 2590 991 forti
2647 915 2847 991 exitu
2882 915 3070 991 finie-

848 1045 999 1121 rit?
1039 1046 1271 1120 Nemo
1311 1043 1620 1142 posthac
1665 1053 1814 1118 tam
1888 1046 2116 1132 ferus,
2188 1066 2397 1118 nemo
2470 1052 2620 1117 tam
2695 1044 3073 1135 barbarus,

846 1181 996 1247 tam
1035 1171 1406 1246 obstinato
1467 1177 1690 1264 atque
1732 1168 2116 1243 obfirmato
2190 1167 2285 1241 ad
2364 1168 2608 1245 omnia
2684 1169 2968 1244 scelera
3002 1177 3074 1244 et

845 1297 1132 1393 flagitia
1169 1294 1412 1371 animo
1450 1309 1565 1368 est
1594 1294 1901 1386 futurus,
1944 1316 2155 1390 quem
2192 1317 2339 1369 non
2377 1293 2609 1385 flecti,
2651 1293 2944 1390 corrigi,
2982 1294 3070 1368 ad

846 1419 1157 1496 meliora
1223 1419 1422 1494 vitae
1496 1416 1833 1493 instituta
1905 1417 2217 1492 animum
2289 1424 2762 1507 convertere,
2838 1418 3071 1493 colere

844 1548 1082 1637 fidem,
1120 1544 1576 1641 religionem,
1627 1542 1964 1635 officium,
2005 1542 2117 1617 cui
2159 1549 2310 1618 t'am
2347 1549 2647 1619 sanctus
2704 1553 2781 1619 et
2817 1544 3071 1619 beatus

697 1732 701 1736 Α
847 1676 1089 1752 exitus
1128 1673 1228 1747 sit
1263 1680 1723 1771 perspectus,
1764 1672 2205 1747 credendum
2244 1671 2362 1746 sit.
2396 1673 2720 1746 Tantam
2761 1672 2903 1747 viri
2941 1674 3073 1747 for·

843 1802 1107 1878 tissimi
1147 1827 1194 1876 a
1232 1800 1751 1875 nobisvfactam
1789 1799 2169 1890 iacturam,
2211 1799 2558 1875 amissum
2596 1799 2886 1895 Regem
2923 1807 3071 1874 tan·

844 1940 1016 2017 tum,
1057 1928 1359 2015 Ducem,
1403 1927 1947 2022 Imperatorem,
1987 1925 2193 1999 cuius
2227 1923 2579 2022 auspiciis
2636 1932 2795 2001 erat
2868 1924 3072 2015 Chri·

845 2056 1089 2130 stiana
1126 2051 1543 2151 Republica
1614 2059 1773 2127 tnta
1809 2053 2074 2144 futura,
2113 2074 2258 2126 non
2298 2050 2439 2127 hoc
2471 2053 2768 2151 lugubri
2809 2055 3074 2130 vestitu

842 2180 1056 2256 modo
1079 2236 1095 2269 ,
1154 2178 1275 2275 qui
1314 2178 1715 2253 animorum
1756 2186 1869 2252 est
1906 2176 2151 2268 indeX,
2188 2176 2322 2251 sed
2359 2175 2567 2267 fletu,
2607 2179 2972 2272 lacrimis,
3010 2181 3074 2254 si

841 2308 1014 2384 illae
1065 2307 1280 2382 modo
1335 2329 1557 2406 pares
1615 2316 1803 2399 sunt,
1866 2304 1961 2381 ad
2036 2305 2311 2380 doloris
2369 2306 2945 2404 magnitudinem
2981 2309 3072 2384 si·

841 2435 1354 2531 gnificandam,
1393 2455 1945 2532 prosequamur.

1054 2560 1168 2636 Sit
1204 2560 1344 2636 hoc
1381 2560 1672 2659 quidem
1745 2560 1961 2637 uobis
2002 2559 2341 2636 solatium
2383 2559 2501 2634 vel
2572 2560 2965 2638 maximum
3001 2562 3072 2637 in

840 2689 1055 2763 malis
1093 2711 1238 2763 non
1276 2710 1447 2763 esse
1485 2711 1645 2762 cum
1684 2688 1815 2764 illo
1863 2687 2258 2762 extinctam
2296 2687 2618 2762 nativam
2689 2688 2889 2763 illam
2936 2689 3071 2763 vir-

839 2821 1087 2906 tutem,
1127 2814 1337 2888 cuius
1374 2813 1788 2889 recordatio
1824 2821 2178 2912 perpetuo
2197 2813 2270 2887 in
2308 2813 2583 2890 nostris
2603 2815 2866 2891 animis
2903 2817 3072 2891 hae-

837 2946 1001 3015 reat
1033 2994 1048 3030 ,
1090 2940 1347 3036 vigere
1382 2939 1458 3013 in
1483 2941 1941 3038 Imperatore
1977 2940 2133 3016 filio
2175 2939 2480 3016 eandem
2534 2940 2753 3015 animi
2793 2944 3074 3038 magni-

835 3063 1175 3151 tudinem,
1196 3064 1705 3157 constantiam,
1728 3066 2190 3162 gravitatem,
2215 3064 2652 3163 sapientiam
2672 3087 3070 3164 superesse

834 3192 1215 3269 florentem
1236 3198 1499 3280 aetate,
1516 3192 1853 3290 corporis
1873 3201 2093 3290 atque
2115 3192 2338 3268 animi
2358 3192 2659 3282 viribus,
2676 3194 2938 3289 gloria,
2958 3219 3071 3270 re·

837 3322 975 3397 bus
997 3318 1258 3416 gestis,
1281 3318 1402 3416 qui
1422 3319 1637 3394 nobis
1660 3318 1979 3416 effigiem
1999 3319 2201 3393 illam
2237 3319 2732 3415 humanitatis,
2760 3321 3071 3398 clemen-

837 3446 1024 3536 tiae,
1064 3447 1390 3523 lenitatis
1429 3449 1724 3536 referat,
1763 3468 2158 3547 superesse
2194 3446 2360 3546 pari
2381 3446 2651 3524 virtute
2692 3449 3068 3548 praeditos

835 3572 1050 3662 filios,
1088 3596 1179 3647 ne
1201 3580 1402 3648 tanto
1447 3571 1664 3648 nobis
1701 3571 1976 3648 inflicto
2013 3571 2314 3648 vulnere
2353 3574 2738 3649 concidere
2758 3598 3067 3651 necesse

837 3696 953 3772 sit.
976 3696 1076 3772 At
1094 3720 1237 3773 non
1260 3696 1357 3772 sit
1376 3694 1561 3772 haec
1582 3696 1799 3773 nobis
1829 3696 2043 3772 modo
2065 3720 2209 3774 una
2228 3721 2453 3773 causa
2488 3698 2785 3793 doloris,
2825 3703 3068 3801 expri-

837 3832 987 3899 mat
1007 3850 1053 3900 a
1070 3824 1286 3902 nobis
1307 3824 1673 3918 lacrimae,
1687 3823 1986 3901 avulsus
2009 3850 2056 3901 a
2075 3826 2463 3925 complexu
2482 3825 2897 3918 liberorum,
2917 3851 3062 3904 non

836 3957 1119 4043 natura,
1160 3950 1295 4026 sed
1339 3952 1736 4046 voluntate,
1777 3952 1908 4027 sed
1947 3952 2225 4047 animo,
2260 3953 2391 4029 sed
2449 3951 2715 4030 iudicio
2770 3978 3065 4054 parens.

838 4077 1004 4152 Hoc
1023 4076 1215 4151 enim
1234 4075 1348 4151 illi
1390 4077 1690 4175 pietatis
1710 4101 1972 4154 nomen
2010 4079 2544 4156 sanctissimum
2584 4079 2907 4171 debetur,
2940 4084 3068 4179 qui

836 4226 972 4280 nos
1009 4202 1315 4278 liberum
1342 4203 1504 4281 loco
1541 4205 2060 4298 habuit,fovit,
2089 4204 2299 4300 texit,
2318 4213 2596 4282 tutatus
2618 4213 2750 4300 est,
2775 4208 2897 4306 qui
2931 4231 3067 4284 suo

835 4330 1161 4429 periculo
1184 4352 1231 4403 a
1268 4330 1545 4406 nostris
1583 4330 1948 4430 capitibus
1988 4339 2262 4408 certam
2301 4332 2717 4431 perniciem,
2758 4334 3064 4428 cladem,

837 4456 1151 4545 exitium,
1177 4457 1464 4550 avertit,
1478 4457 1600 4555 qui
1620 4457 2008 4535 maiestate
2028 4458 2353 4557 Imperii,
2368 4459 2628 4555 gloria,
2660 4461 3063 4555 nobilitate,

836 4582 1122 4680 Regum
1160 4582 1473 4658 omnium
1512 4583 1874 4658 Maximus
1913 4593 1988 4661 et
2040 4583 2539 4677 Clarissimus,
2578 4608 2738 4663 cum
2777 4588 2934 4665 suis
2987 4598 3068 4667 ut
