<?xml version="1.0" encoding="UTF-8"?>
<!DOCTYPE html PUBLIC "-//W3C//DTD XHTML 1.0 Transitional//EN"
    "http://www.w3.org/TR/xhtml1/DTD/xhtml1-transitional.dtd">
<html xmlns="http://www.w3.org/1999/xhtml" xml:lang="en" lang="en">
 <head>
  <title>
</title>
<meta http-equiv="Content-Type" content="text/html;charset=utf-8" />
  <meta name='ocr-system' content='tesseract 3.04.00' />
  <meta name='ocr-capabilities' content='ocr_page ocr_carea ocr_par ocr_line ocrx_word'/>
</head>
<body>
  <div class='ocr_page' id='page_1' title='image "./magyarhistorija00bpgoog/magyarhistorija00bpgoog_0177.png"; bbox 0 0 3293 5219; ppageno 0'>
   <div class='ocr_carea' id='block_1_1' title="bbox 2435 295 2538 399">
    <p class='ocr_par' dir='ltr' id='par_1_1' title="bbox 2435 295 2538 399">
     <span class='ocr_line' id='line_1_1' title="bbox 2435 295 2538 399; baseline 0 -26"><span class='ocrx_word' id='word_1_1' title='bbox 2435 295 2538 399; x_wconf 70' lang='grc'>69</span> 
     </span>
    </p>
   </div>
   <div class='ocr_carea' id='block_1_2' title="bbox 231 503 2536 1742">
    <p class='ocr_par' dir='ltr' id='par_1_2' title="bbox 231 503 2536 738">
     <span class='ocr_line' id='line_1_2' title="bbox 231 503 2536 603; baseline 0.003 -25"><span class='ocrx_word' id='word_1_2' title='bbox 231 503 767 581; x_wconf 82' lang='lat' dir='ltr'>formidabilis</span> <span class='ocrx_word' id='word_1_3' title='bbox 816 512 1022 580; x_wconf 86' lang='lat' dir='ltr'>esset</span> <span class='ocrx_word' id='word_1_4' title='bbox 1057 526 1349 603; x_wconf 84' lang='lat' dir='ltr'>pugna,</span> <span class='ocrx_word' id='word_1_5' title='bbox 1392 506 1613 600; x_wconf 85' lang='lat' dir='ltr'>longe</span> <span class='ocrx_word' id='word_1_6' title='bbox 1674 508 1987 582; x_wconf 90' lang='lat' dir='ltr'>omnium</span> <span class='ocrx_word' id='word_1_7' title='bbox 2041 511 2364 586; x_wconf 85' lang='lat' dir='ltr'>maxima</span> <span class='ocrx_word' id='word_1_8' title='bbox 2421 513 2536 586; x_wconf 85' lang='lat' dir='ltr'>vis</span> 
     </span>
     <span class='ocr_line' id='line_1_3' title="bbox 234 629 2016 738; baseline 0 -35"><span class='ocrx_word' id='word_1_9' title='bbox 234 629 334 703; x_wconf 82' lang='lat' dir='ltr'>ad</span> <span class='ocrx_word' id='word_1_10' title='bbox 382 639 727 728; x_wconf 83' lang='lat' dir='ltr'>quatuor</span> <span class='ocrx_word' id='word_1_11' title='bbox 762 638 1019 729; x_wconf 85' lang='lat' dir='ltr'>partes</span> <span class='ocrx_word' id='word_1_12' title='bbox 1055 630 1405 705; x_wconf 75' lang='lat' dir='ltr'><strong>incubuit.</strong></span> <span class='ocrx_word' id='word_1_13' title='bbox 2011 734 2016 738; x_wconf 69' lang='lat'>.</span> 
     </span>
    </p>

    <p class='ocr_par' dir='ltr' id='par_1_3' title="bbox 236 757 2533 1742">
     <span class='ocr_line' id='line_1_4' title="bbox 483 757 2531 857; baseline 0.002 -26"><span class='ocrx_word' id='word_1_14' title='bbox 483 757 614 831; x_wconf 86' lang='lat' dir='ltr'>Ad</span> <span class='ocrx_word' id='word_1_15' title='bbox 651 757 996 853; x_wconf 89' lang='lat' dir='ltr'>antiquae</span> <span class='ocrx_word' id='word_1_16' title='bbox 1033 763 1299 853; x_wconf 87' lang='lat' dir='ltr'>portae</span> <span class='ocrx_word' id='word_1_17' title='bbox 1345 760 2006 857; x_wconf 82' lang='lat' dir='ltr'>propugnaculum,</span> <span class='ocrx_word' id='word_1_18' title='bbox 2048 758 2245 855; x_wconf 91' lang='lat' dir='ltr'>quod</span> <span class='ocrx_word' id='word_1_19' title='bbox 2283 762 2531 835; x_wconf 90' lang='lat' dir='ltr'>Mech-</span> 
     </span>
     <span class='ocr_line' id='line_1_5' title="bbox 236 876 2533 982; baseline 0 -21"><span class='ocrx_word' id='word_1_20' title='bbox 236 908 495 962; x_wconf 86' lang='lat' dir='ltr'>caeus</span> <span class='ocrx_word' id='word_1_21' title='bbox 540 883 1004 975; x_wconf 86' lang='lat' dir='ltr'>defendebat,</span> <span class='ocrx_word' id='word_1_22' title='bbox 1046 892 1213 961; x_wconf 93' lang='lat' dir='ltr'>octo</span> <span class='ocrx_word' id='word_1_23' title='bbox 1253 891 1328 959; x_wconf 92' lang='lat' dir='ltr'>et</span> <span class='ocrx_word' id='word_1_24' title='bbox 1366 885 1632 982; x_wconf 87' lang='lat' dir='ltr'>viginti</span> <span class='ocrx_word' id='word_1_25' title='bbox 1672 886 1970 978; x_wconf 79' lang='lat' dir='ltr'>vexilla,</span> <span class='ocrx_word' id='word_1_26' title='bbox 2027 876 2289 981; x_wconf 85' lang='lat' dir='ltr'>ingens</span> <span class='ocrx_word' id='word_1_27' title='bbox 2327 910 2533 962; x_wconf 82' lang='lat' dir='ltr'>exer-</span> 
     </span>
     <span class='ocr_line' id='line_1_6' title="bbox 237 1010 2533 1109; baseline -0.001 -22"><span class='ocrx_word' id='word_1_28' title='bbox 237 1013 456 1087; x_wconf 88' lang='lat' dir='ltr'>citus</span> <span class='ocrx_word' id='word_1_29' title='bbox 497 1010 718 1086; x_wconf 89' lang='lat' dir='ltr'>simul</span> <span class='ocrx_word' id='word_1_30' title='bbox 759 1031 1053 1106; x_wconf 88' lang='lat' dir='ltr'>unoque</span> <span class='ocrx_word' id='word_1_31' title='bbox 1092 1016 1427 1107; x_wconf 91' lang='lat' dir='ltr'>tempore</span> <span class='ocrx_word' id='word_1_32' title='bbox 1470 1011 1821 1103; x_wconf 88' lang='lat' dir='ltr'>constitit,</span> <span class='ocrx_word' id='word_1_33' title='bbox 1861 1034 1999 1086; x_wconf 90' lang='lat' dir='ltr'>nec</span> <span class='ocrx_word' id='word_1_34' title='bbox 2045 1012 2399 1109; x_wconf 90' lang='lat' dir='ltr'>pauciora</span> <span class='ocrx_word' id='word_1_35' title='bbox 2437 1012 2533 1087; x_wconf 89' lang='lat' dir='ltr'>ad</span> 
     </span>
     <span class='ocr_line' id='line_1_7' title="bbox 237 1135 2531 1233; baseline -0.001 -18"><span class='ocrx_word' id='word_1_36' title='bbox 237 1138 437 1232; x_wconf 81' lang='lat' dir='ltr'>alia,</span> <span class='ocrx_word' id='word_1_37' title='bbox 464 1160 634 1211; x_wconf 88' lang='lat' dir='ltr'>cum</span> <span class='ocrx_word' id='word_1_38' title='bbox 655 1135 960 1233; x_wconf 91' lang='lat' dir='ltr'>insuper</span> <span class='ocrx_word' id='word_1_39' title='bbox 980 1136 1169 1211; x_wconf 90' lang='lat' dir='ltr'>lassi</span> <span class='ocrx_word' id='word_1_40' title='bbox 1192 1159 1281 1211; x_wconf 92' lang='lat' dir='ltr'>ac</span> <span class='ocrx_word' id='word_1_41' title='bbox 1319 1137 1833 1213; x_wconf 88' lang='lat' dir='ltr'>convulnerati</span> <span class='ocrx_word' id='word_1_42' title='bbox 1873 1137 2186 1212; x_wconf 76' lang='lat' dir='ltr'>subinde</span> <span class='ocrx_word' id='word_1_43' title='bbox 2223 1139 2531 1213; x_wconf 89' lang='lat' dir='ltr'>recenti-</span> 
     </span>
     <span class='ocr_line' id='line_1_8' title="bbox 237 1260 2528 1362; baseline -0.001 -22"><span class='ocrx_word' id='word_1_44' title='bbox 237 1268 397 1341; x_wconf 87' lang='lat' dir='ltr'>bus</span> <span class='ocrx_word' id='word_1_45' title='bbox 481 1260 844 1358; x_wconf 89' lang='lat' dir='ltr'>nouisque</span> <span class='ocrx_word' id='word_1_46' title='bbox 905 1261 1334 1338; x_wconf 80' lang='lat' dir='ltr'>cohortibus</span> <span class='ocrx_word' id='word_1_47' title='bbox 1413 1272 1540 1339; x_wconf 90' lang='lat' dir='ltr'>aut</span> <span class='ocrx_word' id='word_1_48' title='bbox 1595 1264 2018 1361; x_wconf 81' lang='lat' dir='ltr'>agminibus</span> <span class='ocrx_word' id='word_1_49' title='bbox 2066 1266 2528 1362; x_wconf 86' lang='lat' dir='ltr'>juvarentur.</span> 
     </span>
     <span class='ocr_line' id='line_1_9' title="bbox 237 1388 2520 1489; baseline -0.001 -21"><span class='ocrx_word' id='word_1_50' title='bbox 237 1388 717 1467; x_wconf 83' lang='lat' dir='ltr'>Mechcaens</span> <span class='ocrx_word' id='word_1_51' title='bbox 736 1395 988 1463; x_wconf 91' lang='lat' dir='ltr'>tamen</span> <span class='ocrx_word' id='word_1_52' title='bbox 1020 1388 1458 1465; x_wconf 87' lang='lat' dir='ltr'>admiranda</span> <span class='ocrx_word' id='word_1_53' title='bbox 1477 1390 1700 1466; x_wconf 87' lang='lat' dir='ltr'>animi</span> <span class='ocrx_word' id='word_1_54' title='bbox 1741 1397 1815 1465; x_wconf 89' lang='lat' dir='ltr'>et</span> <span class='ocrx_word' id='word_1_55' title='bbox 1854 1390 2188 1489; x_wconf 92' lang='lat' dir='ltr'>corporis</span> <span class='ocrx_word' id='word_1_56' title='bbox 2227 1391 2520 1482; x_wconf 83' lang='lat' dir='ltr'>virtute,</span> 
     </span>
     <span class='ocr_line' id='line_1_10' title="bbox 242 1512 2530 1616; baseline -0 -24"><span class='ocrx_word' id='word_1_57' title='bbox 242 1541 429 1594; x_wconf 88' lang='lat' dir='ltr'>cum</span> <span class='ocrx_word' id='word_1_58' title='bbox 469 1514 721 1592; x_wconf 89' lang='lat' dir='ltr'>omnia</span> <span class='ocrx_word' id='word_1_59' title='bbox 751 1512 957 1590; x_wconf 88' lang='lat' dir='ltr'>ducis</span> <span class='ocrx_word' id='word_1_60' title='bbox 996 1523 1071 1591; x_wconf 92' lang='lat' dir='ltr'>et</span> <span class='ocrx_word' id='word_1_61' title='bbox 1093 1515 1346 1592; x_wconf 89' lang='lat' dir='ltr'>militis</span> <span class='ocrx_word' id='word_1_62' title='bbox 1384 1517 1631 1592; x_wconf 89' lang='lat' dir='ltr'>munia</span> <span class='ocrx_word' id='word_1_63' title='bbox 1667 1515 2090 1616; x_wconf 88' lang='lat' dir='ltr'>pugnando,</span> <span class='ocrx_word' id='word_1_64' title='bbox 2145 1516 2530 1608; x_wconf 86' lang='lat' dir='ltr'>hortando,</span> 
     </span>
     <span class='ocr_line' id='line_1_11' title="bbox 238 1640 2523 1742; baseline 0 -23"><span class='ocrx_word' id='word_1_65' title='bbox 238 1640 662 1733; x_wconf 79' lang='lat' dir='ltr'>laudandO,</span> <span class='ocrx_word' id='word_1_66' title='bbox 684 1647 758 1717; x_wconf 88' lang='lat' dir='ltr'>et</span> <span class='ocrx_word' id='word_1_67' title='bbox 778 1641 1313 1719; x_wconf 80' lang='lat' dir='ltr'>commilitones</span> <span class='ocrx_word' id='word_1_68' title='bbox 1332 1644 1696 1735; x_wconf 80' lang='lat' dir='ltr'>vocando,</span> <span class='ocrx_word' id='word_1_69' title='bbox 1738 1665 2013 1740; x_wconf 84' lang='lat' dir='ltr'>segnes</span> <span class='ocrx_word' id='word_1_70' title='bbox 2051 1643 2523 1742; x_wconf 88' lang='lat' dir='ltr'>increpando,</span> 
     </span>
    </p>
   </div>
   <div class='ocr_carea' id='block_1_3' title="bbox 112 1766 2526 1868">
    <p class='ocr_par' dir='ltr' id='par_1_4' title="bbox 112 1766 2526 1868">
     <span class='ocr_line' id='line_1_12' title="bbox 112 1766 2526 1868; baseline -0.002 -21"><span class='ocrx_word' id='word_1_71' title='bbox 112 1796 119 1802; x_wconf 82' lang='lat'><strong>·</strong></span> <span class='ocrx_word' id='word_1_72' title='bbox 241 1770 566 1847; x_wconf 87' lang='lat' dir='ltr'>saucios</span> <span class='ocrx_word' id='word_1_73' title='bbox 620 1766 1114 1863; x_wconf 88' lang='lat' dir='ltr'>subducendo,</span> <span class='ocrx_word' id='word_1_74' title='bbox 1136 1776 1211 1845; x_wconf 92' lang='lat' dir='ltr'>et</span> <span class='ocrx_word' id='word_1_75' title='bbox 1245 1768 1535 1846; x_wconf 91' lang='lat' dir='ltr'>interim</span> <span class='ocrx_word' id='word_1_76' title='bbox 1558 1770 1896 1846; x_wconf 89' lang='lat' dir='ltr'>subsidia</span> <span class='ocrx_word' id='word_1_77' title='bbox 1932 1769 2028 1846; x_wconf 90' lang='lat' dir='ltr'>ad</span> <span class='ocrx_word' id='word_1_78' title='bbox 2067 1792 2320 1846; x_wconf 90' lang='lat' dir='ltr'>omnes</span> <span class='ocrx_word' id='word_1_79' title='bbox 2356 1792 2526 1868; x_wconf 89' lang='lat' dir='ltr'>par-</span> 
     </span>
    </p>
   </div>
   <div class='ocr_carea' id='block_1_4' title="bbox 244 1891 2533 3634">
    <p class='ocr_par' dir='ltr' id='par_1_5' title="bbox 244 1891 2533 3634">
     <span class='ocr_line' id='line_1_13' title="bbox 245 1891 2527 1994; baseline -0.001 -21"><span class='ocrx_word' id='word_1_80' title='bbox 245 1905 377 1973; x_wconf 87' lang='lat' dir='ltr'>tes</span> <span class='ocrx_word' id='word_1_81' title='bbox 422 1891 766 1991; x_wconf 87' lang='lat' dir='ltr'>legendo,</span> <span class='ocrx_word' id='word_1_82' title='bbox 787 1894 1331 1992; x_wconf 83' lang='lat' dir='ltr'>perfectissime</span> <span class='ocrx_word' id='word_1_83' title='bbox 1352 1896 1823 1994; x_wconf 86' lang='lat' dir='ltr'>complesset,</span> <span class='ocrx_word' id='word_1_84' title='bbox 1860 1918 2006 1970; x_wconf 90' lang='lat' dir='ltr'>non</span> <span class='ocrx_word' id='word_1_85' title='bbox 2026 1895 2374 1971; x_wconf 86' lang='lat' dir='ltr'>sustinuit</span> <span class='ocrx_word' id='word_1_86' title='bbox 2408 1918 2527 1970; x_wconf 90' lang='lat' dir='ltr'>so-</span> 
     </span>
     <span class='ocr_line' id='line_1_14' title="bbox 246 2018 2530 2119; baseline 0 -23"><span class='ocrx_word' id='word_1_87' title='bbox 246 2024 415 2099; x_wconf 87' lang='lat' dir='ltr'>lnm</span> <span class='ocrx_word' id='word_1_88' title='bbox 473 2018 805 2096; x_wconf 78' lang='lat' dir='ltr'>Turoam</span> <span class='ocrx_word' id='word_1_89' title='bbox 840 2018 1157 2112; x_wconf 90' lang='lat' dir='ltr'>hostem,</span> <span class='ocrx_word' id='word_1_90' title='bbox 1221 2020 1355 2096; x_wconf 87' lang='lat' dir='ltr'>sed</span> <span class='ocrx_word' id='word_1_91' title='bbox 1413 2020 1710 2119; x_wconf 92' lang='lat' dir='ltr'>repulit.</span> <span class='ocrx_word' id='word_1_92' title='bbox 1766 2019 1889 2094; x_wconf 93' lang='lat' dir='ltr'>Ad</span> <span class='ocrx_word' id='word_1_93' title='bbox 1943 2027 2313 2096; x_wconf 89' lang='lat' dir='ltr'>terrenum</span> <span class='ocrx_word' id='word_1_94' title='bbox 2363 2045 2530 2118; x_wconf 92' lang='lat' dir='ltr'>pro-</span> 
     </span>
     <span class='ocr_line' id='line_1_15' title="bbox 248 2143 2533 2249; baseline -0.002 -24"><span class='ocrx_word' id='word_1_95' title='bbox 248 2146 773 2249; x_wconf 84' lang='lat' dir='ltr'>pugnaculum</span> <span class='ocrx_word' id='word_1_96' title='bbox 830 2145 1219 2222; x_wconf 84' lang='lat' dir='ltr'>Johannes</span> <span class='ocrx_word' id='word_1_97' title='bbox 1243 2143 1488 2223; x_wconf 88' lang='lat' dir='ltr'>Sucan</span> <span class='ocrx_word' id='word_1_98' title='bbox 1527 2154 1603 2223; x_wconf 90' lang='lat' dir='ltr'>et</span> <span class='ocrx_word' id='word_1_99' title='bbox 1624 2148 1677 2225; x_wconf 84' lang='lat' dir='ltr'><strong>J</strong></span> <span class='ocrx_word' id='word_1_100' title='bbox 1681 2147 2012 2222; x_wconf 90' lang='lat' dir='ltr'>ohannes</span> <span class='ocrx_word' id='word_1_101' title='bbox 2049 2147 2350 2241; x_wconf 84' lang='lat' dir='ltr'>Pribeg,</span> <span class='ocrx_word' id='word_1_102' title='bbox 2387 2147 2533 2245; x_wconf 90' lang='lat' dir='ltr'>pri-</span> 
     </span>
     <span class='ocr_line' id='line_1_16' title="bbox 244 2269 2531 2373; baseline -0.001 -25"><span class='ocrx_word' id='word_1_103' title='bbox 244 2297 462 2350; x_wconf 87' lang='lat' dir='ltr'>mum</span> <span class='ocrx_word' id='word_1_104' title='bbox 502 2270 799 2370; x_wconf 90' lang='lat' dir='ltr'>quidem</span> <span class='ocrx_word' id='word_1_105' title='bbox 834 2270 1126 2351; x_wconf 87' lang='lat' dir='ltr'>hostem</span> <span class='ocrx_word' id='word_1_106' title='bbox 1186 2271 1435 2349; x_wconf 84' lang='lat' dir='ltr'>valide</span> <span class='ocrx_word' id='word_1_107' title='bbox 1493 2297 1896 2373; x_wconf 82' lang='lat' dir='ltr'>excepere,</span> <span class='ocrx_word' id='word_1_108' title='bbox 1954 2273 2088 2348; x_wconf 92' lang='lat' dir='ltr'>sed</span> <span class='ocrx_word' id='word_1_109' title='bbox 2123 2282 2368 2347; x_wconf 88' lang='lat' dir='ltr'>tamen</span> <span class='ocrx_word' id='word_1_110' title='bbox 2426 2269 2531 2345; x_wconf 87' lang='lat' dir='ltr'>la-</span> 
     </span>
     <span class='ocr_line' id='line_1_17' title="bbox 259 2394 2531 2498; baseline -0.002 -24"><span class='ocrx_word' id='word_1_111' title='bbox 259 2397 718 2476; x_wconf 87' lang='lat' dir='ltr'>borantibus</span> <span class='ocrx_word' id='word_1_112' title='bbox 778 2394 1130 2495; x_wconf 85' lang='lat' dir='ltr'>Gaspare</span> <span class='ocrx_word' id='word_1_113' title='bbox 1167 2395 1400 2473; x_wconf 67' lang='lat' dir='ltr'>Pete&amp;</span> <span class='ocrx_word' id='word_1_114' title='bbox 1454 2399 1531 2473; x_wconf 92' lang='lat' dir='ltr'>in</span> <span class='ocrx_word' id='word_1_115' title='bbox 1582 2399 1967 2498; x_wconf 81' lang='lat' dir='ltr'>suppetias</span> <span class='ocrx_word' id='word_1_116' title='bbox 2040 2397 2268 2472; x_wconf 90' lang='lat' dir='ltr'>misso</span> <span class='ocrx_word' id='word_1_117' title='bbox 2304 2417 2531 2493; x_wconf 90' lang='lat' dir='ltr'>pares</span> 
     </span>
     <span class='ocr_line' id='line_1_18' title="bbox 258 2522 2531 2626; baseline -0.002 -25"><span class='ocrx_word' id='word_1_118' title='bbox 258 2531 491 2601; x_wconf 84' lang='lat' dir='ltr'>erant</span> <span class='ocrx_word' id='word_1_119' title='bbox 530 2522 797 2599; x_wconf 88' lang='lat' dir='ltr'>animis</span> <span class='ocrx_word' id='word_1_120' title='bbox 833 2523 1282 2623; x_wconf 84' lang='lat' dir='ltr'>viribusque.</span> <span class='ocrx_word' id='word_1_121' title='bbox 1324 2522 1508 2600; x_wconf 83' lang='lat' dir='ltr'>Cum</span> <span class='ocrx_word' id='word_1_122' title='bbox 1546 2547 1724 2601; x_wconf 85' lang='lat' dir='ltr'>vero</span> <span class='ocrx_word' id='word_1_123' title='bbox 1746 2526 1842 2600; x_wconf 88' lang='lat' dir='ltr'>ad</span> <span class='ocrx_word' id='word_1_124' title='bbox 1878 2525 2531 2626; x_wconf 86' lang='lat' dir='ltr'>propugnaculum,</span> 
     </span>
     <span class='ocr_line' id='line_1_19' title="bbox 248 2647 2526 2748; baseline -0.002 -20"><span class='ocrx_word' id='word_1_125' title='bbox 248 2654 333 2728; x_wconf 89' lang='lat' dir='ltr'>in</span> <span class='ocrx_word' id='word_1_126' title='bbox 418 2673 565 2748; x_wconf 87' lang='lat' dir='ltr'>qno</span> <span class='ocrx_word' id='word_1_127' title='bbox 643 2673 901 2726; x_wconf 89' lang='lat' dir='ltr'>carcer</span> <span class='ocrx_word' id='word_1_128' title='bbox 977 2647 1176 2744; x_wconf 86' lang='lat' dir='ltr'>erat,</span> <span class='ocrx_word' id='word_1_129' title='bbox 1255 2651 1608 2727; x_wconf 82' lang='lat' dir='ltr'>vexillum</span> <span class='ocrx_word' id='word_1_130' title='bbox 1664 2651 2049 2728; x_wconf 88' lang='lat' dir='ltr'>tormentis</span> <span class='ocrx_word' id='word_1_131' title='bbox 2126 2649 2526 2725; x_wconf 90' lang='lat' dir='ltr'>hostilibus</span> 
     </span>
     <span class='ocr_line' id='line_1_20' title="bbox 252 2776 2524 2869; baseline -0.002 -16"><span class='ocrx_word' id='word_1_132' title='bbox 252 2776 631 2853; x_wconf 88' lang='lat' dir='ltr'>deiectum</span> <span class='ocrx_word' id='word_1_133' title='bbox 651 2785 875 2869; x_wconf 88' lang='lat' dir='ltr'>esset,</span> <span class='ocrx_word' id='word_1_134' title='bbox 897 2779 994 2855; x_wconf 89' lang='lat' dir='ltr'>ab</span> <span class='ocrx_word' id='word_1_135' title='bbox 1029 2777 1479 2854; x_wconf 85' lang='lat' dir='ltr'>stationibus</span> <span class='ocrx_word' id='word_1_136' title='bbox 1501 2777 1972 2854; x_wconf 85' lang='lat' dir='ltr'>subsidiariis</span> <span class='ocrx_word' id='word_1_137' title='bbox 2032 2776 2237 2853; x_wconf 89' lang='lat' dir='ltr'>aliud</span> <span class='ocrx_word' id='word_1_138' title='bbox 2274 2776 2524 2852; x_wconf 85' lang='lat' dir='ltr'>afferri</span> 
     </span>
     <span class='ocr_line' id='line_1_21' title="bbox 252 2900 2526 3004; baseline -0.001 -24"><span class='ocrx_word' id='word_1_139' title='bbox 252 2903 487 2980; x_wconf 87' lang='lat' dir='ltr'>iussit</span> <span class='ocrx_word' id='word_1_140' title='bbox 522 2902 772 2996; x_wconf 86' lang='lat' dir='ltr'>Dobo,</span> <span class='ocrx_word' id='word_1_141' title='bbox 801 2926 892 2980; x_wconf 88' lang='lat' dir='ltr'>ac</span> <span class='ocrx_word' id='word_1_142' title='bbox 910 2900 1295 3004; x_wconf 85' lang='lat' dir='ltr'>Stephano</span> <span class='ocrx_word' id='word_1_143' title='bbox 1335 2903 1567 3002; x_wconf 84' lang='lat' dir='ltr'>Nagy</span> <span class='ocrx_word' id='word_1_144' title='bbox 1586 2905 1914 2998; x_wconf 87' lang='lat' dir='ltr'>tradidit,</span> <span class='ocrx_word' id='word_1_145' title='bbox 1955 2904 2357 3001; x_wconf 88' lang='lat' dir='ltr'>eodemque</span> <span class='ocrx_word' id='word_1_146' title='bbox 2375 2903 2526 2978; x_wconf 91' lang='lat' dir='ltr'>ictu</span> 
     </span>
     <span class='ocr_line' id='line_1_22' title="bbox 253 3029 2530 3130; baseline -0.002 -24"><span class='ocrx_word' id='word_1_147' title='bbox 253 3030 566 3130; x_wconf 87' lang='lat' dir='ltr'>glandis</span> <span class='ocrx_word' id='word_1_148' title='bbox 625 3029 964 3130; x_wconf 90' lang='lat' dir='ltr'>protinus</span> <span class='ocrx_word' id='word_1_149' title='bbox 985 3031 1344 3130; x_wconf 87' lang='lat' dir='ltr'>collapso,</span> <span class='ocrx_word' id='word_1_150' title='bbox 1382 3040 1606 3129; x_wconf 88' lang='lat' dir='ltr'>atque</span> <span class='ocrx_word' id='word_1_151' title='bbox 1624 3039 1935 3124; x_wconf 89' lang='lat' dir='ltr'>mortuo,</span> <span class='ocrx_word' id='word_1_152' title='bbox 1954 3053 2097 3105; x_wconf 93' lang='lat' dir='ltr'>non</span> <span class='ocrx_word' id='word_1_153' title='bbox 2118 3052 2392 3128; x_wconf 90' lang='lat' dir='ltr'>passus</span> <span class='ocrx_word' id='word_1_154' title='bbox 2415 3037 2530 3103; x_wconf 87' lang='lat' dir='ltr'>est</span> 
     </span>
     <span class='ocr_line' id='line_1_23' title="bbox 252 3154 2525 3257; baseline -0.003 -21"><span class='ocrx_word' id='word_1_155' title='bbox 252 3159 490 3236; x_wconf 90' lang='lat' dir='ltr'>Dobo</span> <span class='ocrx_word' id='word_1_156' title='bbox 529 3154 883 3232; x_wconf 83' lang='lat' dir='ltr'>vexillum</span> <span class='ocrx_word' id='word_1_157' title='bbox 908 3155 1200 3249; x_wconf 90' lang='lat' dir='ltr'>collabi,</span> <span class='ocrx_word' id='word_1_158' title='bbox 1222 3158 1360 3234; x_wconf 89' lang='lat' dir='ltr'>sed</span> <span class='ocrx_word' id='word_1_159' title='bbox 1395 3166 1665 3234; x_wconf 92' lang='lat' dir='ltr'>nutans</span> <span class='ocrx_word' id='word_1_160' title='bbox 1692 3159 1930 3234; x_wconf 89' lang='lat' dir='ltr'>adhuc</span> <span class='ocrx_word' id='word_1_161' title='bbox 1968 3156 2344 3257; x_wconf 91' lang='lat' dir='ltr'>corripuit,</span> <span class='ocrx_word' id='word_1_162' title='bbox 2360 3180 2525 3252; x_wconf 87' lang='lat' dir='ltr'>gre·</span> 
     </span>
     <span class='ocr_line' id='line_1_24' title="bbox 257 3283 2520 3381; baseline -0.001 -21"><span class='ocrx_word' id='word_1_163' title='bbox 257 3285 629 3381; x_wconf 78' lang='lat' dir='ltr'>gal-ioque</span> <span class='ocrx_word' id='word_1_164' title='bbox 669 3283 954 3359; x_wconf 88' lang='lat' dir='ltr'>cuidam</span> <span class='ocrx_word' id='word_1_165' title='bbox 993 3307 1249 3361; x_wconf 90' lang='lat' dir='ltr'>verum</span> <span class='ocrx_word' id='word_1_166' title='bbox 1290 3293 1590 3361; x_wconf 91' lang='lat' dir='ltr'>strenuo</span> <span class='ocrx_word' id='word_1_167' title='bbox 1630 3286 1844 3361; x_wconf 91' lang='lat' dir='ltr'>militi</span> <span class='ocrx_word' id='word_1_168' title='bbox 1882 3283 2120 3381; x_wconf 90' lang='lat' dir='ltr'>dedit;</span> <span class='ocrx_word' id='word_1_169' title='bbox 2161 3292 2235 3359; x_wconf 92' lang='lat' dir='ltr'>et</span> <span class='ocrx_word' id='word_1_170' title='bbox 2272 3285 2520 3381; x_wconf 90' lang='lat' dir='ltr'>paullo</span> 
     </span>
     <span class='ocr_line' id='line_1_25' title="bbox 259 3408 2521 3511; baseline -0.003 -24"><span class='ocrx_word' id='word_1_171' title='bbox 259 3420 435 3511; x_wconf 84' lang='lat' dir='ltr'>post</span> <span class='ocrx_word' id='word_1_172' title='bbox 474 3408 681 3487; x_wconf 84' lang='lat' dir='ltr'>aliud</span> <span class='ocrx_word' id='word_1_173' title='bbox 721 3432 1012 3507; x_wconf 89' lang='lat' dir='ltr'>qnoque</span> <span class='ocrx_word' id='word_1_174' title='bbox 1054 3412 1151 3486; x_wconf 91' lang='lat' dir='ltr'>ab</span> <span class='ocrx_word' id='word_1_175' title='bbox 1172 3410 1514 3489; x_wconf 92' lang='lat' dir='ltr'>hostibus</span> <span class='ocrx_word' id='word_1_176' title='bbox 1554 3420 1846 3508; x_wconf 89' lang='lat' dir='ltr'>captum</span> <span class='ocrx_word' id='word_1_177' title='bbox 1906 3419 2042 3487; x_wconf 88' lang='lat' dir='ltr'>est.</span> <span class='ocrx_word' id='word_1_178' title='bbox 2101 3408 2521 3506; x_wconf 81' lang='lat' dir='ltr'>Gregorius</span> 
     </span>
     <span class='ocr_line' id='line_1_26' title="bbox 261 3533 2522 3634; baseline -0.003 -21"><span class='ocrx_word' id='word_1_179' title='bbox 261 3545 515 3613; x_wconf 82' lang='lat' dir='ltr'>autem</span> <span class='ocrx_word' id='word_1_180' title='bbox 572 3535 1076 3628; x_wconf 87' lang='lat' dir='ltr'>Bornemisza,</span> <span class='ocrx_word' id='word_1_181' title='bbox 1134 3535 1427 3634; x_wconf 82' lang='lat' dir='ltr'>Zoltay,</span> <span class='ocrx_word' id='word_1_182' title='bbox 1468 3560 1557 3612; x_wconf 92' lang='lat' dir='ltr'>ac</span> <span class='ocrx_word' id='word_1_183' title='bbox 1595 3535 1893 3634; x_wconf 87' lang='lat' dir='ltr'>Figedy</span> <span class='ocrx_word' id='word_1_184' title='bbox 1932 3535 2028 3610; x_wconf 90' lang='lat' dir='ltr'>ad</span> <span class='ocrx_word' id='word_1_185' title='bbox 2064 3533 2522 3609; x_wconf 89' lang='lat' dir='ltr'>Boliciannm</span> 
     </span>
    </p>
   </div>
   <div class='ocr_carea' id='block_1_5' title="bbox 260 3656 2523 4647">
    <p class='ocr_par' dir='ltr' id='par_1_6' title="bbox 260 3656 2523 4647">
     <span class='ocr_line' id='line_1_27' title="bbox 260 3656 2523 3760; baseline -0.003 -21"><span class='ocrx_word' id='word_1_186' title='bbox 260 3663 462 3739; x_wconf 82' lang='lat' dir='ltr'>haud</span> <span class='ocrx_word' id='word_1_187' title='bbox 540 3661 780 3736; x_wconf 91' lang='lat' dir='ltr'>minus</span> <span class='ocrx_word' id='word_1_188' title='bbox 817 3662 1132 3760; x_wconf 87' lang='lat' dir='ltr'>impigre</span> <span class='ocrx_word' id='word_1_189' title='bbox 1173 3671 1395 3759; x_wconf 89' lang='lat' dir='ltr'>atque</span> <span class='ocrx_word' id='word_1_190' title='bbox 1436 3672 1736 3739; x_wconf 88' lang='lat' dir='ltr'>strenue</span> <span class='ocrx_word' id='word_1_191' title='bbox 1757 3685 1912 3739; x_wconf 90' lang='lat' dir='ltr'>rem</span> <span class='ocrx_word' id='word_1_192' title='bbox 1951 3660 2332 3757; x_wconf 88' lang='lat' dir='ltr'>gerebant.</span> <span class='ocrx_word' id='word_1_193' title='bbox 2372 3656 2523 3733; x_wconf 85' lang='lat' dir='ltr'>Sed</span> 
     </span>
     <span class='ocr_line' id='line_1_28' title="bbox 264 3787 2520 3890; baseline -0.003 -24"><span class='ocrx_word' id='word_1_194' title='bbox 264 3789 539 3866; x_wconf 88' lang='lat' dir='ltr'>ancis</span> <span class='ocrx_word' id='word_1_195' title='bbox 576 3788 984 3864; x_wconf 88' lang='lat' dir='ltr'>inermibus</span> <span class='ocrx_word' id='word_1_196' title='bbox 1041 3797 1170 3867; x_wconf 88' lang='lat' dir='ltr'>aut</span> <span class='ocrx_word' id='word_1_197' title='bbox 1211 3789 1480 3890; x_wconf 86' lang='lat' dir='ltr'>clypeo</span> <span class='ocrx_word' id='word_1_198' title='bbox 1522 3800 1596 3868; x_wconf 90' lang='lat' dir='ltr'>et</span> <span class='ocrx_word' id='word_1_199' title='bbox 1633 3791 1850 3888; x_wconf 88' lang='lat' dir='ltr'>gravi</span> <span class='ocrx_word' id='word_1_200' title='bbox 1889 3811 2067 3866; x_wconf 89' lang='lat' dir='ltr'>ense</span> <span class='ocrx_word' id='word_1_201' title='bbox 2106 3787 2520 3876; x_wconf 89' lang='lat' dir='ltr'>succinctis,</span> 
     </span>
     <span class='ocr_line' id='line_1_29' title="bbox 263 3912 2520 4015; baseline -0.002 -23"><span class='ocrx_word' id='word_1_202' title='bbox 263 3916 501 3996; x_wconf 88' lang='lat' dir='ltr'>nostri</span> <span class='ocrx_word' id='word_1_203' title='bbox 540 3916 832 4008; x_wconf 87' lang='lat' dir='ltr'>armati,</span> <span class='ocrx_word' id='word_1_204' title='bbox 868 3916 1151 3993; x_wconf 83' lang='lat' dir='ltr'>lanceis</span> <span class='ocrx_word' id='word_1_205' title='bbox 1209 3917 1581 4015; x_wconf 87' lang='lat' dir='ltr'>oblongis,</span> <span class='ocrx_word' id='word_1_206' title='bbox 1624 3943 1713 3993; x_wconf 91' lang='lat' dir='ltr'>ac</span> <span class='ocrx_word' id='word_1_207' title='bbox 1750 3916 2160 3993; x_wconf 90' lang='lat' dir='ltr'>missilibus</span> <span class='ocrx_word' id='word_1_208' title='bbox 2197 3912 2520 4011; x_wconf 86' lang='lat' dir='ltr'>ignibus,</span> 
     </span>
     <span class='ocr_line' id='line_1_30' title="bbox 261 4040 2523 4141; baseline -0.001 -25"><span class='ocrx_word' id='word_1_209' title='bbox 261 4043 502 4136; x_wconf 86' lang='lat' dir='ltr'>tectis,</span> <span class='ocrx_word' id='word_1_210' title='bbox 546 4040 865 4132; x_wconf 88' lang='lat' dir='ltr'>circulis,</span> <span class='ocrx_word' id='word_1_211' title='bbox 906 4050 980 4118; x_wconf 89' lang='lat' dir='ltr'>et</span> <span class='ocrx_word' id='word_1_212' title='bbox 1005 4043 1256 4140; x_wconf 88' lang='lat' dir='ltr'>globis</span> <span class='ocrx_word' id='word_1_213' title='bbox 1277 4043 1527 4141; x_wconf 85' lang='lat' dir='ltr'>ignem</span> <span class='ocrx_word' id='word_1_214' title='bbox 1568 4045 2034 4123; x_wconf 88' lang='lat' dir='ltr'>vomentibus</span> <span class='ocrx_word' id='word_1_215' title='bbox 2091 4064 2254 4116; x_wconf 90' lang='lat' dir='ltr'>cum</span> <span class='ocrx_word' id='word_1_216' title='bbox 2290 4063 2523 4116; x_wconf 91' lang='lat' dir='ltr'>remo-</span> 
     </span>
     <span class='ocr_line' id='line_1_31' title="bbox 261 4166 2521 4262; baseline -0.001 -19"><span class='ocrx_word' id='word_1_217' title='bbox 261 4169 491 4245; x_wconf 87' lang='lat' dir='ltr'>tiores</span> <span class='ocrx_word' id='word_1_218' title='bbox 533 4167 756 4242; x_wconf 87' lang='lat' dir='ltr'>etiam</span> <span class='ocrx_word' id='word_1_219' title='bbox 791 4166 1128 4262; x_wconf 87' lang='lat' dir='ltr'>ferirent,</span> <span class='ocrx_word' id='word_1_220' title='bbox 1201 4169 1562 4246; x_wconf 90' lang='lat' dir='ltr'>innumeri</span> <span class='ocrx_word' id='word_1_221' title='bbox 1603 4194 1696 4246; x_wconf 83' lang='lat' dir='ltr'>ex</span> <span class='ocrx_word' id='word_1_222' title='bbox 1750 4170 2095 4247; x_wconf 91' lang='lat' dir='ltr'>hostibus</span> <span class='ocrx_word' id='word_1_223' title='bbox 2132 4166 2521 4243; x_wconf 87' lang='lat' dir='ltr'>cadebant.</span> 
     </span>
     <span class='ocr_line' id='line_1_32' title="bbox 267 4291 2521 4394; baseline 0 -26"><span class='ocrx_word' id='word_1_224' title='bbox 267 4291 659 4368; x_wconf 84' lang='lat' dir='ltr'>Adversus</span> <span class='ocrx_word' id='word_1_225' title='bbox 678 4313 869 4389; x_wconf 85' lang='lat' dir='ltr'>quae</span> <span class='ocrx_word' id='word_1_226' title='bbox 909 4294 1204 4371; x_wconf 88' lang='lat' dir='ltr'>etiamsi</span> <span class='ocrx_word' id='word_1_227' title='bbox 1220 4304 1298 4372; x_wconf 90' lang='lat' dir='ltr'>et</span> <span class='ocrx_word' id='word_1_228' title='bbox 1315 4295 1426 4371; x_wconf 92' lang='lat' dir='ltr'>illi</span> <span class='ocrx_word' id='word_1_229' title='bbox 1444 4297 1688 4372; x_wconf 90' lang='lat' dir='ltr'>hastis</span> <span class='ocrx_word' id='word_1_230' title='bbox 1727 4295 2198 4394; x_wconf 88' lang='lat' dir='ltr'>equestribus</span> <span class='ocrx_word' id='word_1_231' title='bbox 2237 4294 2521 4393; x_wconf 90' lang='lat' dir='ltr'>sclope-</span> 
     </span>
     <span class='ocr_line' id='line_1_33' title="bbox 268 4417 2518 4518; baseline 0 -25"><span class='ocrx_word' id='word_1_232' title='bbox 268 4417 461 4494; x_wconf 87' lang='lat' dir='ltr'>tulos</span> <span class='ocrx_word' id='word_1_233' title='bbox 518 4418 785 4493; x_wconf 88' lang='lat' dir='ltr'>ferreis</span> <span class='ocrx_word' id='word_1_234' title='bbox 840 4419 987 4494; x_wconf 88' lang='lat' dir='ltr'>filis</span> <span class='ocrx_word' id='word_1_235' title='bbox 1046 4444 1135 4495; x_wconf 87' lang='lat' dir='ltr'>ac</span> <span class='ocrx_word' id='word_1_236' title='bbox 1209 4422 1502 4498; x_wconf 88' lang='lat' dir='ltr'>circulis</span> <span class='ocrx_word' id='word_1_237' title='bbox 1560 4421 2195 4514; x_wconf 84' lang='lat' dir='ltr'>constrinxissent,</span> <span class='ocrx_word' id='word_1_238' title='bbox 2252 4419 2518 4518; x_wconf 83' lang='lat' dir='ltr'>quibus</span> 
     </span>
     <span class='ocr_line' id='line_1_34' title="bbox 272 4541 2518 4647; baseline 0 -29"><span class='ocrx_word' id='word_1_239' title='bbox 272 4541 656 4621; x_wconf 83' lang='lat' dir='ltr'>succensis</span> <span class='ocrx_word' id='word_1_240' title='bbox 694 4543 790 4619; x_wconf 87' lang='lat' dir='ltr'>ad</span> <span class='ocrx_word' id='word_1_241' title='bbox 824 4567 1150 4644; x_wconf 81' lang='lat' dir='ltr'>pugnam</span> <span class='ocrx_word' id='word_1_242' title='bbox 1187 4547 1486 4626; x_wconf 85' lang='lat' dir='ltr'>tandem</span> <span class='ocrx_word' id='word_1_243' title='bbox 1538 4549 1918 4644; x_wconf 89' lang='lat' dir='ltr'>redibant,</span> <span class='ocrx_word' id='word_1_244' title='bbox 1955 4568 2219 4647; x_wconf 87' lang='lat' dir='ltr'>parum</span> <span class='ocrx_word' id='word_1_245' title='bbox 2273 4553 2518 4622; x_wconf 88' lang='lat' dir='ltr'>tamen</span> 
     </span>
    </p>
   </div>
  </div>
 </body>
</html>
