3293 5219
792 247 951 324 104

787 487 880 540 ex
916 462 1375 540 habitatione
1411 462 1770 561 principis
1810 459 2186 535 craticulis
2214 459 2480 533 ferreis
2501 467 2721 557 septa
2755 460 2831 534 in
2866 483 3014 536 eum

785 589 1026 664 locum
1064 594 1375 686 spectat,
1416 609 1509 660 ex
1549 610 1695 683 qua
1716 594 1790 660 et
1809 585 2088 674 audire,
2130 590 2204 658 et
2259 584 2510 658 videre
2549 608 2839 683 quoque
2885 610 3018 662 om-

786 713 931 806 nia,
967 713 1208 812 ipsum
1244 733 1424 787 vero
1463 733 1674 786 nemo
1714 718 1981 808 potest„
2022 711 2101 782 Is
2142 707 2350 783 locus
2389 716 2629 784 tectus
2670 716 2787 784 est
2825 711 3020 785 modo

784 837 1156 930 theatrali,
1195 861 1332 938 pro
1390 836 1859 934 receptaculo
1933 832 2302 908 hominum
2322 828 2390 930 ³¹⁸)
2469 834 2890 912 commodus
2957 843 3022 911 et

792 964 1101 1061 amplus.
1236 959 1581 1036 Ceterum
1656 960 1898 1035 media
1975 960 2050 1033 in
2123 957 2316 1032 horti
2413 960 2731 1057 speciem
2826 963 3022 1036 arbo·

790 1091 996 1165 ribus
1055 1096 1225 1164 sunt
1282 1089 1589 1182 consita,
1649 1095 1722 1162 et
1797 1085 2141 1161 cicuratis
2200 1109 2292 1159 ex
2349 1085 2537 1161 Asia
2594 1087 3023 1162 animalibus

791 1215 1212 1313 conspicua.
1327 1218 1416 1289 In
1530 1214 1843 1311 singulis
1921 1212 2210 1287 divanis
2286 1213 2676 1311 prandium
2749 1237 3026 1312 quoque

788 1341 1189 1440 praebetur
1278 1339 1708 1438 purpuratis
1748 1395 1765 1430 ‚
1858 1362 1948 1414 ac
2043 1338 2238 1414 omni
2310 1337 2440 1413 alii
2552 1339 3021 1431 multitudini3

793 1470 998 1539 certa
1091 1463 1281 1538 enim
1371 1463 1558 1537 hora
1681 1461 1967 1537 fercula
2054 1462 2479 1561 purpuratis
2553 1472 3026 1562 apponuntur,

799 1588 1217 1665 oratoribus
1309 1589 1509 1680 item,
1584 1588 1854 1662 ceteris
1946 1587 2021 1662 in
2115 1587 2433 1662 diversis
2488 1586 2715 1680 locis,
2810 1597 2882 1663 et
2951 1588 3022 1663 in

790 1718 963 1814 ipsa
1069 1735 1359 1812 quoque
1470 1713 1691 1788 viridi
1797 1713 2034 1788 herba
2074 1738 2090 1806 3
2202 1736 2442 1810 neque
2563 1721 2726 1788 est·
2782 1714 3026 1812 pudor,

794 1863 1064 1937 magna
1102 1839 1567 1937 quantumvis
1625 1838 1990 1936 dignitate
2056 1837 2261 1913 viros
2301 1838 2525 1931 vesci,
2581 1846 2709 1913 aut
2761 1840 3023 1938 portio-

797 1988 968 2043 nem
1027 1988 1275 2041 secum
1333 1965 1649 2041 auferre.
1726 1965 1895 2040 Non
1950 1962 2328 2058 indignum
2368 1971 2486 2038 est
2538 1965 2800 2056 relatu,
2850 1964 3030 2042 Tur·

798 2116 929 2169 cas
967 2090 1316 2170 animalia
1356 2092 1448 2167 ob
1483 2091 1800 2167 salutem
1857 2091 2146 2166 animae
2204 2089 2406 2164 alere
2446 2112 2870 2185 consvesse,
2908 2094 3031 2168 sed

797 2218 1241 2319 praesertim
1301 2239 1588 2310 corvoS‚
1628 2239 1814 2313 qnos
1873 2215 2094 2290 etiam
2151 2213 2489 2291 occidere
2546 2215 2867 2313 capitale
2906 2225 3032 2312 est3

799 2345 965 2443 qui,
1006 2345 1100 2420 ob
1137 2343 1233 2436 id,
1293 2349 1501 2417 tanta
1539 2339 1720 2417 sunt
1764 2340 2220 2416 multitudine
2260 2363 2347 2415 ac
2384 2342 2929 2436 consvetudine‚
2961 2351 3034 2420 ut

797 2470 1154 2567 reliquias
1232 2468 1525 2568 prandii
1574 2492 1669 2543 ex
1741 2476 1945 2543 terra
2017 2468 2164 2566 ipsi
2240 2465 2634 2564 colligant,
2714 2467 3034 2546 nonnulli

798 2596 1109 2672 frustum
1170 2595 1468 2692 aliquod
1505 2595 1579 2669 in
1639 2603 1886 2670 a'crem
1942 2600 2070 2670 aut
2123 2600 2400 2668 terram
2460 2592 2883 2693 projiciant,
2919 2616 3029 2667 ne-

805 2744 949 2818 que
1008 2720 1225 2797 modo
1280 2721 1356 2795 in
1413 2721 1703 2812 divano,
1763 2721 1899 2796 sed
1971 2727 2047 2795 et
2080 2720 2397 2818 publicis
2442 2720 2519 2794 in
2575 2720 2782 2811 vicis,
2823 2728 3030 2817 atque

803 2845 1018 2938 domi,
1078 2844 1519 2943 eosdemque
1597 2846 1819 2921 etiam
1893 2845 1969 2920 in
2046 2845 2320 2920 bellum
2398 2852 2822 2943 sequantur.
2913 2842 3032 2918 Vi·

801 2972 975 3049 dere
1033 2978 1166 3063 est,
1207 2996 1353 3049 non
1391 2971 1468 3046 in
1522 2972 1842 3071 privatis
1900 2971 2114 3046 modo
2172 2972 2391 3047 tectis
2430 2971 2633 3047 alere
2693 2970 3030 3069 gallinas,

806 3120 1025 3189 aves,
1082 3121 1304 3173 canes
1361 3099 1650 3173 alentes
1704 3098 1967 3190 foetus,
2026 3105 2152 3172 aut
2210 3098 2692 3196 quodcunque
2744 3096 3030 3171 tandem

803 3223 1113 3317 animal,
1174 3233 1246 3299 et
1300 3225 1744 3323 praesertim
1800 3223 2224 3321 languidum
2282 3249 2371 3299 ao
2423 3222 2856 3317 morbidum,
2912 3220 3036 3297 sed

799 3349 1021 3425 etiam
1057 3350 1134 3424 in
1167 3351 1489 3447 publicis
1527 3351 1669 3425 viis
1728 3374 1989 3426 curare
2027 3358 2250 3446 atque
2289 3350 2604 3442 nutrire3
2646 3356 2721 3423 et
2756 3349 2850 3424 id*
2875 3349 3023 3423 Deo

804 3482 1116 3575 gratum,
1176 3482 1399 3572 atque
1440 3476 1533 3550 ad
1591 3475 1962 3574 expianda
2015 3483 2346 3573 peccata,
2396 3475 2860 3571 salutemque
2897 3473 3031 3550 ani-

800 3624 1080 3678 marum
1117 3600 1525 3700 proficuum
1561 3626 1837 3700 magna
1876 3601 2400 3699 superstitione
2440 3600 2770 3676 credunt.

1021 3724 1555 3802 Controversia
1611 3750 1790 3801 vero
1828 3727 2003 3801 talis
2039 3724 2214 3799 fuit:
2255 3724 2585 3823 Aegypti
2622 3726 3030 3824 praefectus

800 3853 1113 3929 reditum
1150 3873 1464 3926 annuum
1522 3852 1829 3930 duorum
1869 3861 1942 3926 et
1978 3850 2288 3947 triginta
2344 3873 2696 3948 equorum
2734 3858 3028 3949 argento

980 4134 1043 4205 1ὓ)
1082 4134 1344 4208 Forgach
1371 4134 1429 4191 S.
1461 4138 1770 4210 jegyzete:
1811 4137 1954 4195 Nem
1976 4137 2383 4210 egyebeknek‚
2407 4138 2617 4192 hanem
2639 4137 2785 4193 οιαὶ
2815 4154 2886 4192 az
2904 4138 3019 4207 jan·

801 4220 1150 4292 caaroknak,
1188 4226 1290 4280 kik
1319 4226 1593 4297 bizonyos
1631 4226 1909 4285 szamban
1948 4228 2177 4284 minden
2217 4225 2473 4283 divdnba
2512 4226 2587 4281 be
2607 4227 2850 4281 szoktak
2888 4242 3026 4281 men-

800 4315 874 4379 ni,
915 4312 977 4368 ds
1016 4314 1134 4385 mig
1172 4332 1241 4369 az
1276 4313 1454 4372 divan
1494 4323 1628 4384 tart,
1687 4333 1756 4368 az
1813 4316 2115 4373 udvarban
2173 4315 2410 4372 renddel
2447 4317 2652 4386 talpon
2693 4312 2905 4378 allnak,
2942 4308 3022 4365 ald

796 4418 866 4456 az
901 4399 1090 4457 foldre
1128 4401 1371 4469 nezvdn,
1447 4422 1517 4460 az
1557 4404 1952 4461 oratoroknak
1979 4445 1993 4470 ‚
2058 4405 2244 4461 mikor
2281 4404 2508 4462 elssnzor
2566 4400 2929 4474 bemutatjak
2964 4416 3022 4453 a:

807 4487 1149 4561 ajdnddkot,
1189 4492 1371 4563 iemeg
1413 4493 1598 4550 mikor
1637 4491 2007 4562 kibocsatjak
2050 4493 2198 4550 6ket.
