3293 5219
835 331 991 410 208

831 573 995 626 mae
1050 545 1520 624 necessitatis
1576 544 2060 622 durissimum
2090 545 2313 621 telum
2370 545 2442 619 in
2479 546 2813 623 fraudem
2849 548 3052 623 homi·

827 701 962 754 nes
1003 676 1389 773 adigebat:
1429 674 1657 770 aliqui
1696 674 1888 749 inter
1948 672 2344 766 custodias,
2407 697 2595 771 quae
2637 683 2851 752 erant
2881 700 3045 752 sum·

825 830 989 881 mae
1047 812 1267 902 atque
1310 810 1582 892 arctae,
1640 801 1832 875 inter
1891 800 2361 876 dividundum
2418 805 2928 898 penetrabant,
2975 830 3049 879 ae

827 933 1216 1032 spongiam
1254 930 1478 1025 longo
1515 927 1641 1004 filo
1701 927 2083 1024 alligatam
2125 927 2521 1027 derepente
2560 931 3045 1027 projiciebant,

825 1068 900 1135 et
937 1065 1346 1135 extractam
1385 1057 1789 1152 sugebant3
1830 1054 2056 1151 aliqui
2099 1063 2316 1152 caput
2354 1057 2908 1154 immergebant,
2943 1083 3045 1133 ne-

825 1208 967 1282 que
1004 1185 1272 1284 plagis,
1329 1206 1566 1281 neque
1589 1181 2037 1270 vulneribus,
2098 1180 2241 1253 nisi
2284 1203 2367 1255 se
2425 1182 2852 1273 satiassent,
2893 1186 3038 1258 abs-

826 1311 1019 1387 trahi
1056 1317 1420 1409 poterant,
1454 1308 1793 1406 quoniam
1832 1307 2017 1381 mori
2054 1306 2289 1381 minus
2329 1332 2511 1405 prae
2554 1309 2677 1383 siti
2722 1311 3040 1384 aestima-

829 1436 1028 1510 bant.
1054 1436 1357 1511 Interim
1383 1435 1671 1532 praelia
1710 1434 1805 1509 ad
1844 1433 2287 1508 munitiones
2328 1435 2646 1510 hostium
2685 1460 2954 1531 magna
2986 1444 3047 1509 et

828 1583 1056 1662 saepe
1147 1563 1538 1638 faciebant.
1584 1559 1734 1636 Sed
1783 1564 1939 1658 jam
1973 1568 2235 1658 puteos
2296 1569 2370 1636 et
2423 1561 2699 1636 vallum
2740 1563 3049 1636 exterius

826 1688 1267 1780 amiserant;
1305 1711 1473 1762 nam
1530 1687 1803 1762 milites
1825 1688 1921 1761 ab
1950 1686 2158 1761 initio
2220 1689 2615 1785 profugere
2675 1687 2772 1761 ad
2810 1688 3046 1763 hostes

829 1824 1246 1912 coeperant,
1308 1812 1569 1887 deinde
1631 1836 1807 1888 vero
1848 1811 2413 1909 frequentiores,
2471 1823 2550 1887 ut
2590 1837 2680 1888 ex
2739 1815 3044 1914 praeliis,

825 1959 916 2010 ex
958 1939 1179 2030 vallo,
1220 1962 1310 2013 ex
1334 1962 1504 2014 aree
1526 1939 1729 2013 nulla
1767 1937 2101 2012 custodia
2162 1937 2466 2012 retineri
2504 1949 2842 2036 possent.
2883 1941 3043 2016 Ideo

823 2089 914 2140 ex
953 2060 1151 2139 vallo
1174 2064 1503 2139 revocati
1522 2063 1599 2137 in
1638 2087 1887 2138 arcem
1910 2071 2141 2137 erant.
2185 2061 2478 2137 Turcae
2519 2072 2760 2141 autem
2802 2067 3042 2140 multas

824 2189 1262 2266 munitiones
1339 2198 1755 2280 erexerant,
1836 2211 2055 2264 unam
2131 2197 2379 2263 tamen
2448 2190 2936 2288 propinquam
2985 2196 3045 2264 et

822 2316 1368 2391 eminentiorem
1443 2318 1516 2391 in
1557 2316 1880 2415 speciem
1955 2314 2201 2407 turriS,
2262 2338 2479 2411 quam
2511 2326 2763 2392 essent
2799 2339 3041 2416 propu-

819 2443 1136 2539 gnacula
1192 2444 1421 2534 arcis,
1479 2465 1569 2516 ex
1649 2466 1793 2538 qua
1848 2439 2091 2514 omnia
2183 2436 2745 2517 christianorum
2798 2464 3041 2542 propu-

822 2569 1140 2664 gnacula
1198 2569 1290 2643 ab
1332 2575 1546 2643 extra
1602 2575 1676 2642 et
1712 2567 1928 2654 intra,
1970 2575 2043 2641 et
2101 2589 2349 2642 aream
2374 2590 2661 2665 quoque
2720 2569 3041 2644 infestam

823 2693 941 2768 die
995 2702 1360 2791 noctuque
1426 2694 1856 2769 reddebant.
1918 2695 2179 2790 Itaque
2253 2695 2324 2767 in
2383 2695 2621 2769 media
2658 2666 2860 2771 ⁶area
2913 2695 3042 2769 val-

823 2820 995 2911 lum,
1037 2819 1132 2893 ad
1172 2820 1465 2916 singula
1518 2822 1694 2895 item
1748 2820 2311 2917 propugnacula
2371 2820 2742 2918 singulum
2781 2830 3042 2897 noctur-

823 2944 941 3020 nis
978 2945 1362 3022 laboribus
1401 2953 1816 3022 erexerunt.
1863 2942 2013 3020 Sed
2042 2948 2200 3042 jam
2222 2947 2445 3022 etiam
2488 2949 2745 3024 hostes
2786 2972 2940 3023 cum
2973 2946 3043 3021 li-

825 3072 1142 3169 gonibus
1240 3082 1313 3149 et
1368 3074 1709 3150 fossoriis
1783 3072 2289 3149 instrumentis
2382 3076 2913 3167 succedebant,
2984 3078 3045 3146 et

824 3203 1387 3299 propugnacula
1477 3226 1569 3277 ex
1642 3201 1953 3276 materia
2028 3209 2467 3283 constructa,
2530 3202 3042 3289 distrahebant,

819 3349 954 3401 nee
1026 3334 1370 3425 poterant
1480 3326 1757 3418 vitare,
1876 3333 2299 3424 tantumque
2354 3336 2426 3402 et
2534 3328 2912 3403 tormentis
2980 3330 3040 3397 et

817 3453 1065 3551 operis
1158 3461 1500 3550 egerunt,
1593 3461 1672 3527 ut
1761 3453 1883 3526 vel
1958 3475 2173 3527 curru
2229 3478 2362 3551 per
2419 3452 2661 3527 omnia
2750 3459 3037 3550 quatuor

812 3580 1370 3676 propugnacula
1445 3578 1849 3654 ascendere
1905 3587 2230 3676 possent.
2291 3579 2693 3670 Triremes,
2752 3598 3035 3675 quarum

819 3711 1101 3800 septem
1179 3705 1255 3778 in
1310 3712 1526 3803 portu
1599 3712 2130 3796 remanserant,
2209 3729 2554 3801 magnum
2628 3703 3039 3780 beneficium

813 3830 1321 3926 praestabant,
1363 3852 1670 3928 quarum
1706 3833 1948 3906 latera
1988 3831 2589 3929 oppugnantibus
2613 3832 3041 3928 objecerant,

815 3963 888 4029 et
906 3953 1264 4032 tabulatis
1286 3956 1392 4032 ita
1414 3966 1999 4050 constraverant,
2044 3964 2124 4035 ut
2153 3965 2500 4056 tanquam
2524 3982 2615 4032 ex
2634 3980 2805 4033 arce
2844 3956 3043 4051 depu-

814 4088 1149 4176 gnarent.
1190 4079 1435 4181 Saepe
1458 4105 1635 4178 ergo
1677 4091 1749 4158 et
1767 4091 1971 4159 terra
2011 4092 2084 4159 et
2128 4083 2311 4159 mari
2334 4083 2655 4181 scaphis,
2694 4081 3041 4168 lintribus

813 4205 1203 4299 celocibus,
1279 4205 1567 4300 lembis,
1628 4218 1700 4283 et
1755 4209 2067 4305 idgenus
2147 4209 2549 4284 minoribus
2605 4207 2923 4304 navigiis
2960 4202 3041 4278 ad

818 4333 1385 4429 oppugnandum
1424 4334 1787 4429 redibant,
1810 4334 2091 4431 ingenti
2132 4338 2451 4411 clamore
2509 4342 2730 4432 atque
2768 4334 3041 4431 impetu,

819 4456 952 4530 sed
1012 4459 1318 4554 egregie
1409 4460 1798 4536 fortissimi
1852 4463 2121 4538 milites
2163 4463 2377 4540 tutati
2436 4470 2624 4537 sunt.
2665 4461 2832 4552 Qua
2868 4460 2938 4534 in
2970 4478 3041 4531 re

833 4579 1015 4657 illud
1073 4585 1370 4659 multum
1426 4588 1724 4683 profuit,
1783 4587 1978 4683 quod
2035 4598 2367 4665 catenam
2424 4613 2515 4665 ex
2572 4588 2784 4663 malis
2840 4594 3041 4682 atque
