3293 5219
2419 334 2579 412 47⁶1

302 555 578 633 statim
663 552 1038 649 Stephano
1116 551 1475 651 Bathory,
1554 551 1964 629 Francisco
2033 552 2403 650 Forgach,
2475 554 2577 626 'et

301 682 587 780 paucis
628 703 719 754 ex
757 680 1217 777 principibus
1257 677 1529 752 Albam
1571 680 2069 773 congregatis,
2102 680 2440 753 nuncium
2480 679 2579 752 ad

304 831 489 883 eum
530 814 605 883 et
644 806 935 881 litteras
973 806 1350 897 miserant,
1412 804 1679 901 quibus
1722 803 2271 896 denunciarant,
2311 804 2577 901 princi·

306 956 496 1030 pem
539 954 710 1007 esse
748 931 1207 1027 defunctum;
1271 953 1352 1005 se
1410 952 1589 1004 vero
1650 937 1870 1026 atque
1927 952 2233 1024 regnum
2292 932 2367 1002 in
2415 932 2577 1025 eJus

304 1056 469 1132 fide
510 1065 735 1155 atque
771 1057 1006 1132 tutela
1062 1063 1488 1131 constanter
1533 1078 2095 1153 permansuros;
2156 1060 2411 1152 petere
2470 1077 2575 1147 se,

301 1192 393 1258 nt
433 1182 587 1256 sibi
626 1180 950 1277 eligendi
986 1181 1161 1255 novi
1214 1180 1573 1278 principis
1610 1187 2078 1278 potestatem,
2118 1181 2314 1278 quod
2354 1187 2576 1256 antea

302 1317 538 1407 pater
586 1315 1080 1399 concesserat,
1136 1307 1299 1403 ipse
1339 1328 1629 1403 quoque
1672 1306 2129 1397 concederet,
2189 1329 2278 1381 ac
2335 1305 2574 1403 patris

307 1434 733 1531 diplomata
825 1420 1315 1506 confirmaret.
1385 1426 1569 1504 Cum
1621 1429 1740 1515 his
1807 1427 2078 1504 litteris
2153 1427 2577 1526 Stephanus

306 1557 573 1635 Vaida
647 1557 991 1631 dimissus
1047 1563 1230 1651 erat,
1310 1556 1608 1631 mutatis
1667 1555 1899 1651 equis.
1939 1554 2257 1631 Selimus
2294 1556 2370 1629 id
2408 1580 2577 1652 gra-

301 1691 472 1758 tum
516 1679 791 1769 habuit,
828 1690 903 1756 et
937 1682 1276 1757 lubenter
1305 1681 1740 1779 petitionem
1778 1679 2096 1754 admisit.
2136 1681 2383 1755 Etiam
2426 1681 2575 1754 Me-

302 1808 654 1883 hemetus
692 1830 1015 1882 summus
1050 1815 1639 1905 purpuratorum,
1704 1805 1795 1880 de
1830 1803 2149 1903 singulis
2187 1807 2576 1904 primatum

301 1936 408 2009 ab
452 1933 717 2008 nuncio
757 1940 1249 2030 percontatus,
1307 1939 1381 2006 et
1437 1932 1952 2006 nonnullorum
2007 1932 2233 2006 etiam
2291 1932 2572 2006 Turca·
2611 1980 2616 1987 ·

305 2083 499 2153 rum,
557 2059 682 2157 qui
744 2058 818 2132 in
866 2060 1088 2134 bellis
1122 2083 1292 2159 ‘una
1367 2058 1888 2151 militaverant,
1945 2058 2573 2133 commendatione

306 2185 722 2276 intellecta,
783 2183 1237 2283 Stephanum
1278 2183 1663 2259 dimiserat
1743 2182 2104 2277 celeriter,
2157 2193 2231 2259 et
2301 2184 2576 2259 Batho-

307 2334 525 2388 reum
599 2312 674 2384 in
727 2310 1140 2409 principem
1167 2313 1327 2407 Jam
1363 2318 1516 2386 tum
1556 2310 1982 2385 denunciari
2010 2313 2366 2406 jusserat,
2405 2319 2574 2384 sta-

304 2437 592 2533 timque
650 2445 1019 2512 oratorem
1058 2460 1221 2511 cum
1267 2436 1531 2512 iisdem
1590 2436 1954 2511 mandatis
2010 2436 2081 2509 in
2122 2435 2572 2531 legationem

304 2562 685 2662 publicam
723 2562 1128 2639 dimiserat.

528 2689 647 2763 Ita
667 2685 986 2764 Selimus
1007 2689 1207 2764 bello
1247 2687 1623 2764 abstinuit.
1668 2687 1772 2762 At
1811 2689 2116 2764 Tartari
2155 2714 2246 2765 ne
2286 2690 2569 2764 frustra

304 2813 601 2888 domum
656 2814 1019 2907 redirent,
1077 2815 1326 2889 missis
1385 2816 1483 2889 ad
1535 2838 1791 2910 regem
1853 2813 2213 2890 Poloniae
2272 2817 2568 2912 legatis,

307 2946 611 3035 pactum
650 2939 744 3013 ab
786 2940 1086 3036 antiquo
1127 2938 1607 3036 stipendium,
1648 2938 1791 3013 hoc
1832 2948 1967 3032 est,
2009 2941 2282 3017 viritim
2319 2941 2568 3039 singu-

309 3063 462 3138 lum
520 3085 817 3140 numum
871 3085 1198 3156 aureum,
1276 3071 1352 3138 et
1404 3071 1689 3138 vestem
1744 3065 2133 3160 pelliceam
2224 3089 2562 3165 poscere.

306 3188 479 3263 Rex
519 3196 670 3263 tum
709 3189 964 3265 deberi
1000 3213 1095 3264 ex
1133 3197 1351 3286 pacto
1391 3188 1866 3283 stipendium,
1890 3213 2053 3265 cum
2075 3192 2220 3267 sibi
2260 3194 2564 3268 militas·

307 3325 481 3390 sent
510 3372 527 3407 ,
570 3315 693 3389 vel
732 3315 1113 3391 servitium
1152 3313 1456 3412 aliquod
1513 3315 2103 3411 praestitissent,
2160 3315 2562 3413 respondit.

306 3441 477 3515 Hoc
517 3462 952 3538 responsum
987 3441 1138 3516 illis
1178 3440 1365 3514 satis
1402 3439 1579 3536 fuit3
1639 3440 2040 3534 statimque
2077 3448 2292 3536 rapto
2332 3442 2594 3533 agmi-

304 3590 402 3641 ne
439 3567 517 3640 in
555 3566 1008 3643 Moscoviam
1032 3562 1101 3663 ¹¹⁸)
1179 3575 1476 3662 praeter
1514 3565 1928 3661 opinionem
1985 3565 2302 3639 omnium
2339 3567 2562 3662 impe-

303 3701 461 3767 tum
518 3691 817 3783 faciunt,
878 3700 1087 3768 tanta
1142 3692 1522 3767 celeritate
1558 3687 1655 3791 [et
1709 3698 1915 3765 tanto
1954 3713 2255 3786 pavore,
2293 3699 2375 3766 ut
2410 3691 2564 3770 Mo-.

306 3840 603 3893 scorum
662 3817 827 3911 duX,
885 3819 1143 3893 urbem
1184 3841 1272 3891 ac
1346 3817 1631 3913 regiam
1670 3838 1917 3906 suam,
2015 3839 2237 3912 quam
2279 3816 2563 3890 Mosco-

304 3944 505 4017 viam
544 3950 827 4034 vocant,
863 3943 1303 4039 relinquere,
1344 3949 1418 4015 et
1456 3942 1713 4039 procul
1754 3941 2023 4016 cursim
2064 3942 2423 4036 aufugere
2465 3941 2564 4016 sit

304 4076 634 4152 coactus.
678 4068 983 4143 Tartari
1020 4075 1266 4143 autem
1303 4067 1560 4141 urbem
1600 4068 2066 4164 populantur,
2107 4068 2560 4165 depraedan-

296 4205 563 4292 turque
601 4202 677 4271 et
746 4193 1159 4283 incendunt,
1235 4216 1325 4266 ac
1361 4193 1586 4286 longe
1658 4192 1960 4287 lateque
2044 4193 2392 4289 vagando
2432 4194 2559 4268 im·

518 4532 577 4599 *)
608 4530 853 4586 Istvanti
874 4537 1184 4603 jegyzete:
1244 4532 1371 4588 Non
1440 4535 1499 4588 in
1529 4533 1882 4590 Moscoviam
1939 4535 2137 4589 sedin
2218 4535 2434 4591 Pocuce
2489 4554 2538 4589 n·

302 4628 601 4693 ruperant.
