3293 5219
2398 313 2547 391 111

293 536 621 637 patriam
639 542 971 613 nostram
1007 532 1208 608 ferro
1250 540 1477 630 atque
1514 533 1691 628 igne
1711 533 2285 630 absumpturam,
2325 529 2547 628 inque

294 664 596 740 cineres
657 661 1145 753 redacturum,
1202 680 1340 734 nos
1380 681 1581 750 vero,
1639 659 1943 749 liberos,
1997 680 2291 750 uxores,
2348 656 2551 732 lares

297 797 605 866 nostros
645 787 842 864 omni
863 809 1140 883 genere
1179 784 1542 883 supplicii,
1559 784 1832 876 caedis,
1856 783 2236 859 servitutis
2274 782 2352 856 in
2387 804 2552 878 per-

294 923 606 1013 petuum
647 915 1217 1005 exstincturum3
1260 933 1450 1008 quae
1488 910 1908 986 certissima
1945 932 2115 985 esse
2155 909 2324 1006 quis
2365 908 2567 984 dubi-

290 1051 462 1115 tare
483 1047 757 1137 potest,
777 1038 902 1135 qui
921 1038 1271 1137 Lippam,
1294 1038 1937 1129 Temesvarum,et
1950 1035 2267 1112 ditiones
2283 1033 2559 1111 latissi-

295 1189 465 1242 mas
525 1166 917 1264 Ungariae
992 1165 1216 1264 paulo
1293 1171 1467 1241 ante
1542 1186 1950 1260 occupasse
2047 1186 2210 1239 eum
2302 1159 2565 1239 novit?

294 1293 642 1368 Duarum
672 1314 854 1386 ergo
893 1314 1138 1367 rerum
1161 1290 1478 1366 alterum
1499 1289 1871 1365 concedas
1910 1295 2245 1387 oportet:
2286 1296 2413 1363 aut
2448 1289 2554 1362 vi-

289 1415 527 1507 ribus,
570 1422 795 1510 atque
863 1413 1191 1489 exercitu
1245 1420 1475 1503 tanto,
1534 1420 1852 1511 quantus
1914 1421 2035 1488 sat
2074 1434 2248 1487 esse
2300 1412 2559 1488 adver-

290 1565 425 1618 sus
524 1540 1007 1639 Solymanum
1064 1548 1384 1639 putatur,
1439 1540 1897 1638 provinciam
1934 1547 2009 1615 et
2046 1561 2184 1614 nos
2223 1538 2556 1632 defende,

294 1669 551 1764 etjam
592 1666 935 1743 talemet
971 1675 1251 1743 tantum
1288 1675 1572 1742 mature
1591 1690 1802 1765 para,
1827 1673 2050 1763 atque
2089 1666 2392 1764 expedi,
2432 1673 2562 1742 aut

297 1791 825 1889 Jusjurandum
907 1794 1239 1879 remitte,
1298 1816 1441 1890 quo
1500 1793 1892 1891 ingruente
1948 1791 2563 1890 praesentissima

283 1923 506 2015 peste
567 1916 785 1992 nobis
843 1942 933 1993 ac
994 1919 1283 2014 patriae
1341 1917 1566 1991 saluti
1623 1917 2071 2015 prospicere
2138 1916 2553 2014 possimus;

287 2040 564 2140 quodsi
620 2042 935 2117 alterum
1011 2043 1175 2117 fieri
1229 2050 1569 2138 nequeat,
1648 2044 1960 2116 alterum
2018 2050 2217 2116 certe
2274 2062 2552 2137 negare

288 2189 440 2243 non
499 2175 719 2265 potes
759 2168 852 2240 ob
892 2168 1249 2265 pietatem
1311 2174 1535 2257 tuam,
1593 2167 1687 2242 ob
1746 2165 2148 2263 perniciem
2204 2172 2555 2256 nostram,

288 2302 522 2392 atque
559 2292 1107 2370 carissimorum
1169 2295 1561 2390 pignorum
1617 2298 2061 2381 nostrorum,
2121 2291 2217 2365 ob
2255 2291 2551 2389 provin·

295 2418 490 2494 ciam
536 2419 907 2516 optimam,
986 2425 1208 2514 atque
1263 2417 1435 2508 tibi,
1494 2418 1560 2491 si
1617 2417 1897 2508 liceret,
1954 2415 2551 2491 addictissimam.

293 2542 689 2622 Utrnmvis
731 2568 776 2619 a
812 2551 889 2618 te
928 2542 1202 2618 factum
1239 2542 1480 2635 fuerit,
1520 2543 2036 2630 assentiemur,
2082 2542 2547 2640 accipiemus,

297 2668 985 2766 obtemperabimus
1010 2693 1026 2761 3
1053 2667 1367 2743 alterum
1407 2691 1590 2743 sane
1613 2676 1740 2744 aut
1780 2694 1826 2743 a
1865 2677 1938 2743 te
1976 2668 2556 2767 impetrabimus,

301 2800 437 2868 aut
506 2792 921 2867 necessitas
995 2790 1212 2866 nobis
1266 2792 1610 2890 imponet.
1726 2791 2092 2870 Oratores
2166 2795 2361 2870 bona
2416 2816 2549 2891 spe

294 2938 472 2991 esse
502 2915 723 3012 jussi,
764 2917 1107 3013 ambiguo
1147 2938 1512 3014 responso
1551 2918 1840 2994 dimissi
1878 2927 2073 2995 sunt.

518 3039 672 3116 Ubi
711 3063 891 3138 ergo
929 3064 1065 3140 per
1102 3040 1366 3117 hiemis
1398 3051 1688 3141 tempus
1727 3045 1952 3138 licuit,
1995 3047 2243 3120 statim
2281 3044 2554 3119 Albam

289 3164 583 3246 Juliam
643 3167 1005 3261 obsident,
1066 3169 1279 3243 duce
1323 3169 1733 3246 Melchiore
1790 3172 2151 3267 Balassa;
2212 3195 2302 3250 ac
2357 3172 2553 3247 intra

296 3312 587 3390 paucos
625 3290 788 3366 dies
827 3295 922 3367 ab
983 3293 1332 3392 episcopo
1389 3320 1525 3394 per
1582 3297 2039 3374 conditiones
2098 3299 2401 3373 dimisso
2462 3317 2549 3370 eo

299 3438 470 3492 cum
513 3416 670 3490 suis
709 3417 953 3510 rebus,
976 3419 1370 3517 recipiunt.
1412 3421 1632 3496 Dobo
1672 3420 1874 3496 mille
1913 3423 2236 3519 equitum
2272 3420 2557 3520 praesi-

293 3540 498 3615 dium
553 3540 631 3614 in
669 3540 1082 3616 rationibus
1121 3542 1472 3637 habebat,
1532 3555 1607 3620 et
1659 3546 1963 3622 totidem
2000 3546 2363 3644 peditum;
2413 3547 2548 3622 sed

299 3667 571 3763 quibus
609 3669 838 3743 multa
877 3669 1249 3767 stipendia
1280 3670 1744 3766 deberentur,
1785 3682 1860 3749 et
1897 3696 2202 3772 quorum
2239 3673 2365 3747 vix
2402 3696 2547 3748 me-

300 3790 426 3866 dia
460 3814 642 3889 pars
682 3814 1002 3890 unquam
1056 3795 1130 3869 in
1169 3805 1510 3895 promptu
1563 3798 1722 3873 fuit.
1792 3797 2252 3897 Quamquam
2306 3806 2549 3875 autem

293 3939 488 4015 quae
526 3919 967 4016 agebantur,
1008 3945 1151 3997 non
1203 3921 1392 3999 clam
1432 3932 1667 4017 erant,
1712 3933 1953 4001 tamen
2009 3948 2247 4023 neque
2303 3925 2545 4018 Dob0,

293 4065 535 4140 neque
612 4044 1147 4139 Ferdinandus,
1224 4058 1350 4126 aut
1423 4050 1758 4148 pecunia,
1834 4058 1960 4127 aut
2016 4050 2245 4127 milite
2285 4051 2549 4127 subve-
2590 4035 2599 4048 ’

291 4166 419 4244 nit.
479 4166 1000 4246 Ferdinandus
1041 4172 1231 4246 enim
1283 4174 1553 4271 partim
1593 4173 2126 4267 dissimulabat,
2165 4174 2436 4273 partim
2470 4174 2546 4250 in

295 4291 616 4369 Dobone
661 4296 1095 4372 confidebat.
1139 4298 1357 4374 Dobo
1398 4301 1726 4376 vicissim
1757 4301 2219 4379 Dominicum
2237 4301 2547 4377 fratrem

292 4417 389 4491 ad
466 4419 1025 4499 Ferdinandum
1079 4424 1177 4500 ad
1236 4426 1709 4502 sollicitanda
1767 4427 2045 4503 auxilia
2083 4428 2408 4519 miserat,
2448 4426 2545 4501 ab

293 4544 655 4645 episcopo
699 4550 1085 4646 pecuniam
1125 4559 1372 4630 mutuo
1410 4555 1809 4651 poscebat;
1847 4553 1977 4631 ille
2015 4576 2194 4630 vero
2230 4553 2537 4653 negavit
