3293 5219
2389 288 2542 364 549

295 508 1018 584 commendationem.
1061 502 1610 604 Saepenumero
1646 503 1878 580 habui
1935 505 2013 579 in
2052 505 2334 597 animo,
2382 514 2464 581 ut
2500 529 2546 578 a

297 636 567 711 Rever.
622 633 836 708 Dom.
876 632 1158 709 Vestra
1212 640 1542 731 peterem
1596 628 2261 723 Commentariola,
2311 638 2387 708 et
2422 631 2547 705 ob-

301 759 769 837 servationes
809 757 1085 834 Rerum
1123 758 1744 854 Hungaricarum.
1786 758 1977 833 Nam
2016 780 2229 833 nemo
2269 781 2546 849 earum,

302 910 522 985 quam
563 884 829 959 Rever.
872 883 1083 958 Dom.
1125 883 1405 960 Vestra
1441 882 1753 985 peritior
1790 876 1937 974 est',
1979 890 2053 959 et
2090 882 2549 981 diligentiam

302 1037 512 1089 suam
552 1012 627 1086 in
665 1010 804 1101 his,
842 1017 924 1085 ut
961 1010 1036 1083 in
1057 1010 1228 1085 aliis
1258 1033 1719 1109 summopere
1740 1010 2147 1086 admiratus
2186 1033 2365 1085 sum.
2409 1013 2551 1085 Ita·

306 1163 448 1239 que
484 1138 754 1212 Rever.
798 1137 1011 1210 Dom.
1058 1137 1431 1227 Vestram,
1471 1144 1553 1212 ut
1589 1136 1942 1234 quidquid
1998 1138 2250 1213 talium
2308 1160 2550 1214 rerum

305 1265 557 1351 habet,
597 1283 807 1359 quas,
848 1260 1044 1352 scio,
1083 1261 1312 1335 habet
1349 1260 1423 1335 in
1463 1261 1718 1359 copia,
1760 1260 2322 1337 adcommodare
2379 1261 2554 1336 mihi

307 1391 675 1487 dignetur,
715 1387 938 1462 etiam
978 1394 1201 1484 atque
1239 1387 1459 1462 etiam
1485 1411 1694 1483 rogo·
1738 1386 2108 1485 Proposui
2147 1388 2340 1463 enim
2380 1385 2554 1464 mihi

305 1538 428 1593 res
484 1513 962 1608 Hungaricas
1017 1535 1154 1611 pro
1213 1512 1408 1587 virili
1459 1536 1622 1588 meo
1701 1512 2072 1597 scribere,
2144 1534 2556 1611 precorque

309 1644 576 1732 Deum,
617 1647 698 1715 ut
735 1638 1132 1736 aliquando
1169 1640 1609 1737 perveniant
1658 1639 1754 1713 ad
1792 1661 2130 1714 messem.
2196 1638 2557 1715 Promitto

311 1766 669 1857 omnium,
749 1787 938 1861 quae
992 1764 1269 1839 Vestra
1306 1762 1574 1840 Rever.
1636 1765 1852 1838 Dom.
1910 1764 2087 1838 mihi
2143 1764 2563 1853 crediderit,

313 1898 648 1970 sanctum
685 1888 1077 1966 silentium.
1117 1889 1266 1966 Sed
1307 1891 1397 1966 de
1437 1891 1555 1965 his
1593 1897 1911 1981 tantum,
1986 1913 2077 1965 ac
2131 1891 2400 1966 bonum
2439 1913 2559 1965 ex-

311 2026 570 2116 specto
609 2039 1091 2115 responsum,
1147 2017 1344 2114 quod
1398 2018 1541 2092 huc
1598 2016 1693 2091 ad
1751 2016 2222 2092 Provisorem
2280 2017 2563 2092 Domus

313 2168 523 2223 meae
562 2145 843 2220 Vestra
879 2143 1148 2218 Rever.
1206 2144 1421 2219 Dom.
1476 2145 1758 2237 mittat3
1832 2168 2005 2219 nam
2060 2145 2390 2220 crastina
2447 2142 2565 2216 die

319 2273 482 2348 Deo
561 2270 745 2376 duce
826 2270 923 2344 ad
993 2267 1240 2344 Porno
1323 2269 1465 2345 iter
1542 2270 1981 2368 suscipiam;
2062 2271 2255 2367 quod
2311 2270 2387 2344 id
2443 2289 2567 2344 res

315 2422 525 2473 meae
563 2396 972 2473 familiares
1021 2398 1331 2494 exigunt
1367 2398 1724 2488 maxime,
1789 2396 1986 2494 quod
2022 2395 2379 2473 Provisor
2433 2417 2566 2470 na-

320 2532 535 2599 turae
576 2521 1051 2597 concesserit.
1097 2523 1215 2597 De
1252 2546 1369 2599 me
1409 2524 1593 2599 nihil
1632 2523 1905 2617 scribe,
1945 2522 2071 2621 qui
2091 2520 2383 2597 etiamsi
2420 2527 2568 2595 sta-

319 2658 473 2726 tum
509 2654 980 2746 praesentem
1022 2647 1422 2747 deplorem,
1463 2651 1596 2725 sed
1643 2647 2143 2724 miserabilius
2181 2653 2335 2737 est,
2375 2644 2570 2743 quod

317 2798 456 2850 nec
492 2772 738 2866 dandi,
777 2796 915 2847 nec
943 2774 1355 2873 aecipiendi
1391 2775 1651 2852 modus
1691 2776 1888 2851 ullus
1926 2780 2045 2849 est
2082 2770 2410 2848 relictus.
2452 2771 2570 2846 Ea

323 2908 441 2976 est
477 2900 801 2975 Vestrae
840 2898 1108 2975 Rever.
1133 2901 1685 2978 Dominationis
1723 2901 2044 2993 bonitas,
2075 2907 2155 2975 ut
2191 2922 2356 2974 eam
2392 2921 2574 2973 nun·

325 3050 543 3125 quam
599 3024 778 3100 mihi
828 3025 1238 3103 defuturam
1297 3051 1633 3128 sperem,
1690 3029 1767 3103 in
1825 3029 2032 3103 ouius
2087 3049 2204 3102 me
2259 3024 2577 3121 gratiam

322 3152 801 3227 vehementer
840 3152 1293 3260 commendo.
1335 3153 1547 3228 Deus
1606 3154 1958 3229 Vestram
1998 3150 2266 3227 Rever.
2330 3150 2579 3224 Domi·

328 3277 700 3353 nationem
736 3274 1169 3353 felicissime
1224 3300 1680 3354 conservare
1721 3278 2086 3374 dignetur.
2128 3276 2402 3351 Datum
2442 3272 2581 3350 Po·

327 3402 524 3480 sonii
562 3400 681 3477 die
719 3403 825 3477 11.
867 3403 1310 3479 Decembris
1350 3403 1566 3479 Anno
1608 3400 1912 3479 Domini
1948 3398 2392 3476 MDLXVI.

544 3525 1030 3603 Reverendae
1067 3527 1623 3606 Dominationis
1664 3527 1986 3605 Vestrae

1598 3666 1993 3724 deditissimus
2018 3665 2287 3736 servitor?

1509 3756 2016 3813 Franciscus
2060 3753 2440 3826 Forgach

1475 3847 1797 3918 Episcopus
1848 3843 2246 3901 waradiensis
2298 3862 2369 3898 ιιι.
2421 3860 2475 3913 p.

331 3955 619 4028 (Forgdch
647 3954 1166 4011 Commentatiusai
1191 3954 1427 4023 legtobb
1453 3953 1899 4011 masolataiban.
1919 3950 2153 4009 Kiadva
2178 3949 2233 4005 G
2254 3949 2289 4006 ό,
2310 3970 2347 4005 ιι
2368 3953 2402 4006 ό
2423 3970 2454 4007 c
2472 3969 2505 4005 z
2525 3967 2589 4021 y·

383 4045 485 4101 nal
509 4046 655 4116 Epp
683 4044 894 4101 Van-ad.
935 4044 1010 4101 11.
1044 4042 1253 4100 maes
1292 4044 1348 4099 Η
1369 4062 1404 4100 o
1427 4063 1454 4098 r
1473 4042 1510 4100 a
1531 4060 1568 4096 n
1589 4060 1627 4114 y
1649 4044 1666 4097 i
1688 4041 1787 4098 nal
1826 4059 1863 4098 a
1901 4037 2167 4111 Forgach
2195 4017 2401 4095 Eleteb
2412 4040 2527 4105 en).
