3293 5219
812 299 970 375 440

811 518 1176 617 publicam
1247 517 1602 592 laetitiam
1680 516 1928 608 edidit,
2022 514 2421 612 divulgatis
2498 514 3043 612 diplomatibus,

813 669 1001 744 quas
1038 646 1279 721 bullas
1310 652 1594 719 vocant.
1655 643 1805 719 Sed
1858 669 1950 719 ne
2008 645 2293 718 omnino
2330 643 2541 739 regio
2578 641 3045 720 tituloffaca·

804 781 944 862 ret,
999 771 1332 866 reginam
1390 769 1718 866 Angliae
1777 770 1957 845 diris
2032 769 2364 845 omnibus
2418 769 2737 860 devovit,
2814 768 3045 866 ipsum

813 899 1314 975 Florentinum
1349 898 1558 973 titulo
1596 898 1802 994 regis
1824 897 2143 995 Angliae
2183 897 2426 972 donat.
2457 897 2630 971 Dux
2652 895 3047 971 Ferrariae

811 1034 1082 1114 contra,
1121 1023 1615 1121 legationibus
1656 1026 1854 1101 circa
1888 1025 2261 1123 principes
2300 1023 2647 1114 dimissis,
2688 1021 3048 1097 contradi-

819 1154 918 1227 cit
951 1149 1276 1250 pontifici
1315 1159 1389 1226 et
1428 1149 1740 1243 Cosm03
1800 1174 1882 1226 se
1918 1175 2096 1228 vero
2134 1174 2475 1248 magnum
2511 1150 2773 1225 ducem
2811 1150 3056 1248 appel-

819 1279 946 1366 lat,
986 1276 1178 1374 quod
1207 1300 1299 1351 ex
1338 1299 1475 1352 sua
1515 1278 1798 1353 familia
1834 1278 2148 1354 fuissent
2181 1278 2310 1353 illo
2330 1277 2569 1358 titulm
2603 1276 3044 1351 numismata

811 1427 1038 1480 aurea
1059 1425 1350 1501 quoque
1389 1404 1517 1480 illo
1539 1405 1751 1482 titulo
1772 1403 2186 1503 cudiJussit.
2209 1403 2647 1500 Agebantur
2667 1425 2760 1477 eo
2779 1410 3054 1499 tempo·

809 1553 892 1605 re
913 1529 1206 1605 comitia
1241 1529 1656 1626 imperialia
1674 1531 2083 1627 Augustae,
2106 1552 2366 1605 caesar
2406 1536 2626 1627 atque
2676 1509 3041 1605 electores

812 1680 900 1730 ac
936 1656 1165 1730 ceteri
1201 1656 1572 1754 principes
1611 1657 1900 1755 imperii
1937 1679 2278 1755 magnam
2324 1655 2840 1752 indignitatem
2879 1678 3049 1751 pon-

808 1780 1027 1856 tificis
1084 1780 1280 1854 facto
1336 1790 1846 1877 conceperunt,
1902 1782 2491 1879 legationemque
2548 1781 2644 1856 ad
2699 1804 2867 1857 eum
2926 1805 3048 1856 ex-

809 1905 1229 2005 postulandi
1283 1929 1512 1981 causa
1565 1907 1942 1999 miserunt,
2023 1931 2180 1983 cum
2220 1908 2751 2003 protestatione
2829 1914 3047 2005 atque

813 2032 1310 2108 annullatione
1377 2056 1679 2110 suorum
1715 2037 2071 2111 factorum
2109 2064 2125 2109 :
2184 2036 2376 2133 quod
2409 2034 2591 2111 illud
2625 2035 2872 2133 ipsum
2907 2058 3051 2110 non

799 2161 991 2256 ‚juris
1027 2159 1402 2260 pontificii,
1460 2161 1595 2238 sed
1652 2162 1981 2239 caesaris
2020 2163 2299 2238 romani
2335 2168 2557 2254 esset,
2615 2169 2842 2258 atque
2914 2162 3043 2236 im·

804 2287 1014 2386 perii.
1053 2287 1397 2364 Pontifex
1458 2288 1984 2364 communicato
2039 2288 2345 2364 consilio
2384 2312 2546 2365 cum
2583 2287 3038 2376 Florentino,

806 2416 988 2491 nihil
1025 2416 1425 2512 respondit,
1463 2416 1611 2491 nisi
1649 2418 2040 2493 missurum
2098 2439 2179 2491 se
2217 2417 2426 2492 brevi
2462 2417 2915 2513 legationem
2952 2415 3046 2490 ad

808 2565 1184 2619 caesarem
1224 2550 1298 2619 et
1334 2542 1707 2642 principes
1745 2543 2070 2644 imperii3
2130 2552 2340 2619 caute
2376 2543 2671 2619 nimium
2707 2549 2784 2619 et
2821 2542 3043 2618 artifi-

808 2668 922 2744 cio
961 2668 1313 2765 quodam:
1367 2693 1537 2745 nam
1566 2670 1899 2768 pontifex
1938 2693 2070 2767 per
2108 2670 2474 2746 silentium
2511 2693 2664 2744 rem
2704 2676 3032 2768 praeter-

810 2794 912 2867 iit.
972 2791 1072 2868 At
1128 2816 1392 2870 caesar
1430 2816 1586 2871 cum
1627 2795 1948 2872 statibus
2004 2796 2282 2872 romani
2337 2796 2646 2895 imperii,
2682 2819 2821 2894 per
2859 2794 3047 2870 edic·

788 2927 955 2994 tum
992 2918 1357 3016 publicum
1415 2921 1836 2997 observatis
1895 2922 2324 2998 ceremoniis
2361 2921 2522 2997 fieri
2557 2922 2825 3013 solitis,
2864 2943 3041 2998 voce

804 3041 1080 3141 publici
1138 3045 1376 3119 araldi
1451 3054 1525 3120 et
1569 3047 2032 3140 tubicinibus,
2074 3048 2435 3146 editisque
2492 3047 3037 3144 diplomatibus,

807 3167 1173 3268 pontificis
1249 3171 1650 3270 diplomata
1725 3183 1799 3249 et
1872 3182 2039 3251 acta
2095 3176 2495 3273 annullant,
2572 3183 2649 3250 et
2719 3173 3043 3249 invalida

819 3297 1335 3394 pronunciant,
1393 3298 1688 3396 adjecta
1723 3324 1966 3399 poena
2017 3304 2242 3379 bandi
2295 3302 2722 3401 imperialis,
2756 3301 3046 3399 quicun-

806 3445 946 3519 que
1025 3422 1524 3499 Florentinum
1599 3425 1728 3501 illo
1793 3428 2005 3502 titulo
2049 3429 2203 3504 ullo
2277 3428 2489 3504 modo
2570 3434 2696 3502 aut
2771 3428 3044 3502 diceret

809 3556 937 3624 aut
975 3545 1304 3624 haberet.
1361 3550 1726 3647 Legatum
1786 3575 1964 3627 vero
2027 3552 2433 3628 Florentini
2486 3574 2751 3627 caesar
2805 3573 3039 3650 neque

807 3672 903 3746 ad
940 3674 1379 3772 colloquium
1417 3676 1814 3751 admissum
1853 3677 2061 3763 abire
2089 3680 2337 3774 Jussit,
2357 3701 2595 3776 neque
2632 3686 3039 3754 ceterorum

804 3797 1210 3896 principum
1284 3799 1478 3876 ullus
1555 3801 1998 3898 legationem
2073 3802 2185 3878 eis
2227 3827 2314 3879 eo
2383 3803 2672 3878 nomine
2712 3804 3039 3879 admitte·

803 3948 884 3999 re
942 3924 1190 3998 voluit.
1249 3924 1459 4002 Unus
1516 3924 1874 4003 Octavius
1924 3927 2237 4005 Parmae
2292 3937 2366 4004 et
2401 3926 2834 4004 Placentiae
2874 3930 3037 4021 duX,

806 4046 1173 4147 pontificis
1211 4049 1686 4142 feudatarius,
1727 4053 1821 4127 ob
1860 4051 2287 4128 beneficium
2326 4055 2399 4127 in
2440 4076 2523 4129 se
2559 4052 2936 4151 pontificis
2971 4061 3038 4128 et

806 4172 1125 4249 debitum
1163 4198 1346 4272 erga
1369 4175 1754 4275 pontifices
1794 4178 2156 4252 vinculum
2195 4178 2581 4254 admittere
2619 4178 2896 4254 debuit.
2939 4178 3038 4255 Ut

806 4322 982 4374 vero
1001 4299 1325 4398 pontifici
1347 4302 1820 4380 Florentinus
1858 4304 2170 4399 gratiam
2210 4305 2574 4396 redderet,
2612 4327 2791 4380 suas
2831 4305 3036 4381 trire-

807 4448 982 4519 mes,
1022 4449 1208 4523 quas
1247 4426 1443 4504 Pisis
1481 4430 1824 4524 habebat,
1862 4430 2005 4526 ipsi
2044 4452 2176 4526 pro
2214 4430 2593 4529 praesenti
2632 4430 3033 4529 expeditio-
