3293 5219
2360 298 2514 374 223

250 543 397 619 que
462 528 680 595 vocat
757 520 848 594 de
922 540 1206 594 summa
1264 519 1372 593 rei
1431 519 1945 610 consulturus;
2024 517 2297 613 quippe
2352 534 2512 588 cum

251 645 674 723 Alexandri
754 644 1083 719 exercitu
1158 645 1381 740 louge
1457 642 1771 717 maximo
1850 639 2289 736 confligere,
2369 662 2515 714 non

248 770 493 848 solum
530 771 1022 863 temerarium,
1079 770 1215 844 sed
1251 771 1588 844 insanum
1648 769 2063 859 videbatur,
2104 767 2349 842 redire
2390 790 2511 841 ae-

255 924 402 998 que
458 899 979 998 periculosum.
1041 896 1234 972 Nam
1292 897 1719 994 praefectus
1795 895 2214 972 Rutheuiae
2268 894 2343 968 in
2401 917 2518 967 ca-

257 1026 441 1101 stris
472 1028 632 1122 jam
671 1048 1012 1121 magnum
1072 1023 1473 1098 exercitum
1532 1023 1882 1097 habebat.
1922 1022 2161 1119 Igitur
2197 1018 2519 1096 unanimi

259 1159 434 1226 voto
477 1150 916 1239 deliberant,
957 1147 1136 1223 belli
1185 1122 1555 1222 fortunam
1615 1155 1926 1240 tentare,
1969 1156 2044 1222 et
2078 1147 2372 1223 fortiter
2412 1144 2517 1219 di-

260 1277 580 1365 micare,
640 1273 929 1372 quaudo
991 1296 1167 1371 spes
1280 1273 1516 1349 omnis
1592 1274 1890 1363 salutisv
1951 1280 2155 1348 esset
2224 1273 2301 1346 in
2373 1272 2520 1345 vic-

258 1400 478 1475 toria.
520 1398 945 1475 Alexander
1000 1405 1287 1494 partem
1344 1397 1716 1492 copiarum
1790 1397 1972 1473 duce
2010 1397 2325 1496 quodam
2362 1397 2519 1471 Mo-

261 1526 479 1615 czok,
535 1533 615 1600 ut
685 1546 917 1598 novos
974 1523 1246 1597 milites
1288 1547 1379 1596 ex
1436 1522 1763 1596 finitimis
1827 1522 2147 1620 undique
2185 1544 2521 1598 accerse-

262 1658 379 1727 ret
437 1650 1007 1744 colligeretque,
1070 1655 1291 1744 atque
1349 1645 1751 1722 exercitum
1805 1626 2079 1724 Jacobi
2117 1670 2515 1745 cognosce-

262 1786 399 1871 ret,
437 1775 863 1876 praemisit3
902 1773 1443 1871 impediendum
1478 1773 1554 1846 id
1578 1773 1985 1862 videbatur,
2042 1798 2279 1872 neque
2317 1786 2520 1874 pote-

266 1911 386 1979 rat
423 1902 673 1977 caveri
711 1901 1127 1975 volentibus
1164 1899 1478 1975 ulterius
1517 1900 1942 1997 procedere.

487 2026 726 2123 Igitur
784 2024 1146 2100 Antonius
1239 2023 1474 2099 Zekel
1548 2025 1929 2120 profectus
1988 2049 2149 2100 cum
2206 2026 2521 2103 Alberto

269 2133 547 2230 Lascio
590 2161 662 2227 et
701 2153 969 2228 ceteris
1063 2151 1395 2242 ducibus,
1445 2150 1703 2226 relicto
1794 2152 1846 2228 J
1852 2152 2087 2228 acobo
2141 2176 2300 2228 cum
2377 2156 2522 2230 las-

275 2281 383 2355 sis
423 2280 521 2354 ad
611 2285 976 2354 tormenta
1011 2285 1084 2351 et
1139 2276 1680 2375 impedimenta,
1737 2279 1895 2352 sine
1935 2302 2204 2373 magno
2239 2282 2522 2378 praelio

267 2409 505 2502 fugat,
549 2413 620 2479 et
676 2405 1021 2502 palantes
1078 2406 1153 2479 in
1194 2403 1406 2479 silvis
1462 2403 1862 2501 plerosque
1921 2406 2240 2482 trucidat
2278 2431 2366 2491 ac
2404 2431 2519 2482 ca-

265 2535 396 2633 pit.
437 2532 508 2606 A
568 2531 890 2607 Moczok
935 2525 1381 2606 'Alexander
1440 2532 1931 2628 quantitatem
1989 2533 2306 2609 hostium
2364 2557 2528 2632 per-

268 2667 653 2744 contatur3
696 2658 828 2733 sed
886 2658 1184 2756 quidam
1240 2657 1645 2752 Valachus,
1707 2683 1923 2756 quem
1962 2661 2014 2737 J
2019 2662 2296 2735 acobus
2333 2661 2528 2736 inter

262 2787 682 2862 familiares
743 2786 1127 2879 habuerat,
1169 2809 1327 2860 cum
1385 2787 1866 2883 profugisset,
1928 2787 2172 2863 omnia
2209 2788 2530 2864 certiora

267 2914 544 2989 retulit.
577 2909 814 3001 Quem
854 2934 1015 2986 cum
1055 2911 1556 3007 transfugisse
1595 2914 1933 2989 Jacobus
1974 2914 2217 2998 sciret,
2257 2913 2527 2989 intelli·

269 3046 638 3136 geretque
679 3060 993 3133 magnas
1031 3038 1312 3112 habere
1372 3037 1628 3135 copias
1688 3038 2217 3133 Alexandrum,
2274 3040 2352 3113 in
2392 3037 2534 3120 Po,-

265 3164 559 3243 loniam
598 3162 844 3238 redire
884 3169 1268 3255 statuerat,
1325 3163 1468 3237 nisi
1524 3162 1894 3240 Antonius
1939 3168 2182 3241 omnia
2221 3166 2535 3241 consilia

277 3315 476 3366 vana
535 3312 706 3364 esse
780 3297 1082 3387 praeter
1139 3291 1356 3363 unam
1407 3289 1588 3363 belli
1664 3292 2034 3393 fortunam
2092 3291 2533 3382 ostenderet,

278 3442 442 3492 cum
482 3424 684 3491 retro
743 3418 1168 3513 praefectus
1226 3415 1642 3491 Rutheniae
1679 3417 1934 3492 hostili
2009 3418 2342 3493 exercitu
2379 3440 2526 3491 om-

276 3568 412 3620 nes
453 3542 697 3618 saltus
755 3550 978 3637 atque
1020 3543 1260 3617 exitus
1282 3544 1943 3639 circumsepsisset,
2003 3552 2076 3617 et
2114 3545 2181 3618 si
2218 3543 2535 3618 maxime

277 3672 352 3745 in
410 3667 800 3744 Poloniam
860 3669 1138 3742 reverti
1194 3679 1522 3766 possent,
1579 3670 1827 3745 nullae
1902 3672 2220 3766 majores
2276 3669 2536 3768 copiae

282 3794 703 3895 sperandae
769 3802 1043 3886 essent,
1085 3818 1245 3868 cum
1302 3818 1395 3869 ne
1450 3795 1798 3869 viaticum
1851 3817 2139 3892 quoque
2178 3794 2537 3892 quotidia-

285 3944 456 3995 num
518 3920 630 3994 eis
677 3923 837 4016 jam
891 3927 1363 4017 suppeteret.
1403 3921 1455 3996 J
1460 3921 1737 3995 acobus
1797 3943 1979 4017 ergo
2042 3945 2200 3996 cum
2274 3919 2542 3995 flumen

287 4048 574 4123 Nester
647 4046 1212 4137 transmisisset,
1289 4047 1363 4119 in
1426 4070 1570 4120 uno
1626 4047 1913 4144 praelio
1980 4050 2136 4143 jam
2196 4070 2359 4122 cum
2394 4047 2540 4119 for·

286 4181 542 4248 tunam
581 4172 773 4246 verti
811 4171 1288 4267 intelligeret,
1346 4172 1634 4269 magnis
1685 4172 2078 4248 itineribus
2139 4171 2545 4247 festinabat

284 4299 609 4374 hostium
667 4298 976 4372 consilia
1069 4305 1291 4394 atque
1329 4300 1613 4395 majora
1671 4299 1949 4374 auxilia
2037 4305 2537 4396 praevertere,

293 4448 484 4523 quae
526 4424 602 4496 in
642 4422 804 4497 dies
843 4422 1340 4514 confluebant,
1382 4424 1597 4500 simul
1653 4446 2209 4522 praeoccupare
2248 4427 2540 4520 pontem

298 4550 370 4625 in
406 4548 709 4644 flumine
768 4547 982 4643 Susa,
1027 4548 1220 4647 quod
1277 4549 1466 4624 vado
1521 4549 1829 4623 transiri
1886 4571 2032 4623 non
2066 4553 2385 4645 poterat.
2445 4542 2547 4619 At
