3293 5219
756 300 916 377 494

758 522 946 605 sent,
989 514 1411 589 miserabile
1446 515 1770 590 futurum
1810 512 2479 608 viderent3quando
2517 514 2806 588 hostem
2848 537 3010 588 ser-

753 639 993 737 pendo
1049 643 1273 737 longe
1329 639 1622 735 lateque
1680 647 1752 712 et
1809 638 2188 713 atterendo
2245 662 2450 736 opeS,
2490 640 2585 712 ad
2640 639 3008 713 interiora

752 774 1144 863 penetrare
1201 788 1426 861 posse
1484 764 1887 837 crederent.
1932 761 2081 836 Sed
2116 771 2364 837 tamen
2436 773 2997 859 praeterquam-

761 891 956 987 quod
987 889 1302 963 maximo
1345 898 1537 963 metu
1576 888 1878 962 liberati
1918 895 2084 961 sunt
2138 895 2289 961 tam
2329 889 2495 986 ipsi,
2538 912 2753 985 quam
2797 889 3004 978 socii,

759 1039 852 1090 ex
889 1023 1098 1090 tanta
1137 1014 1448 1089 victoria
1504 1013 1597 1088 ad
1653 1013 2036 1111 imperium
2075 1014 2440 1089 sociorum
2480 1014 2847 1110 adjectum
2888 1022 3008 1087 est

763 1139 942 1215 nihil
984 1168 1000 1213 ε
1057 1148 1455 1238 propterea
1473 1138 1667 1236 quod
1723 1138 1971 1214 multis
2045 1146 2171 1213 aut
2246 1138 2543 1213 amissis
2620 1147 2745 1212 aut
2836 1161 3006 1212 sau-

759 1265 919 1353 ciis.
959 1265 1159 1339 nullo
1196 1263 1534 1338 terrestri
1573 1263 1902 1337 exercitu
1937 1260 2143 1337 fultis
2201 1263 2400 1337 vires
2460 1286 2601 1337 non
2660 1271 3006 1361 suppete-

759 1391 955 1463 bant.
1013 1389 1305 1467 Etenim
1343 1388 1580 1463 hostis
1619 1387 2177 1484 potentissimus
2199 1389 2534 1485 plurimis
2558 1389 2775 1462 simul
2797 1412 3007 1463 exer-

759 1514 1026 1589 citibus
1065 1515 1348 1588 alendis
1385 1538 1553 1613 par,
1594 1513 2028 1608 magistrum
2066 1514 2387 1609 equitum
2431 1510 2803 1588 Graeciae
2842 1537 3005 1587 cum

762 1642 1090 1716 exercitu
1129 1642 1441 1715 maximo
1501 1648 1575 1714 et
1611 1641 1891 1714 victore
1930 1638 2310 1746 infinibus
2350 1662 2647 1737 semper
2702 1640 3008 1724 habuit;

761 1766 1293 1864 quicquidvero
1307 1774 1669 1840 terrarum
1690 1765 1897 1840 velin
1917 1765 2099 1838 mari
2142 1766 2260 1840 vel
2279 1766 2354 1838 in
2385 1765 2807 1840 continente
2844 1766 3006 1855 fuit,

760 1891 1158 1988 praesidiis
1233 1891 1572 1965 maximis
1665 1892 2028 1965 firmatum
2102 1915 2194 1965 ex
2270 1891 2547 1966 usitata
2609 1891 3006 1986 disciplina

752 2016 908 2090 fuit.
952 2016 1238 2092 Deinde
1276 2016 1660 2090 hibernum
1734 2015 1953 2089 etiam
1993 2022 2283 2112 tempus
2322 2017 2748 2113 appetebat.
2817 2014 3005 2089 Cum

755 2140 983 2236 igitur
1006 2142 1182 2217 nihil
1224 2142 1540 2240 amplius
1564 2140 1636 2214 in
1675 2141 1861 2215 mari
1902 2140 2029 2237 agi
2065 2149 2344 2238 posset,
2369 2142 2701 2216 deductis
2742 2143 3003 2217 classi—

755 2269 893 2343 bus
931 2265 1203 2342 Veneti
1237 2274 1534 2364 praeter
1571 2264 2150 2362 supplicationes
2189 2264 2366 2355 nihil
2440 2265 2515 2340 in
2551 2266 2850 2365 publico
2909 2266 3007 2339 ad

756 2392 1113 2467 laetitiam
1150 2394 1387 2488 majus
1430 2390 1840 2465 ostendere.
1885 2390 2471 2465 Prudentissima
2502 2391 2695 2465 enim
2737 2392 3007 2465 civitas

753 2541 1116 2617 prospera
1153 2525 1373 2614 atque
1413 2516 1732 2591 adversa
1769 2515 2147 2592 moderate
2186 2514 2384 2590 ferre
2424 2515 2646 2591 solita
2685 2526 2822 2591 est.
2900 2514 3006 2591 At

752 2644 1071 2739 collegia
1128 2644 1391 2718 artium
1448 2651 1521 2718 et
1575 2643 2117 2736 negotiatorum
2155 2643 2369 2717 ludos
2445 2651 2519 2717 et
2558 2647 3004 2742 spectacula

753 2768 1068 2843 diversis
1124 2770 1198 2842 in
1236 2769 1662 2865 regionibus
1700 2769 1907 2843 urbis
1948 2791 2216 2863 magno
2258 2777 2551 2866 sumptu
2589 2768 2997 2844 ediderunt.

751 2893 1134 2989 Hispanus
1173 2918 1391 2989 quam
1430 2893 2105 2990 splendidissimum
2135 2893 2394 2992 potuit,
2451 2896 2832 2970 Messinae
2876 2896 3001 2969 tri·

741 3015 1093 3115 umphum
1133 3018 1305 3112 egit.
1329 3016 1476 3093 Sed
1499 3018 1675 3093 Pius
1697 3020 1789 3094 V.
1829 3042 1917 3092 ac
1936 3028 2238 3094 senatus
2278 3020 2739 3117 populusque
2762 3042 2999 3093 roma-

752 3164 889 3217 nus
911 3145 1164 3222 Marco
1190 3143 1505 3219 Antonio
1521 3141 1923 3220 Columnae
1944 3145 2372 3243 imperatori
2398 3167 2530 3221 suo
2552 3146 2999 3243 triumphum

748 3269 970 3364 longo
1007 3269 1400 3344 intervallo
1422 3269 1811 3366 repetitum
1852 3268 2353 3364 decreverunt;
2376 3268 3001 3368 triumphavitque

750 3392 1029 3469 Romae
1078 3396 1313 3470 veteri
1351 3418 1572 3470 more.
1613 3395 1899 3470 Pertaff
1930 3396 2161 3469 bassa
2198 3396 2639 3492 Byzantium
2656 3396 2842 3491 fuga
2880 3422 2998 3471 re-

751 3542 1032 3615 versus,
1071 3522 1547 3616 nullomajori
1583 3521 1966 3620 supplicio,
2007 3523 2396 3618 quamloco
2446 3529 2997 3619 motus,·perpe-

750 3656 1064 3744 tuaeque
1084 3646 1532 3742 ignominiae
1551 3654 1730 3721 nota
1766 3647 2103 3737 affectus,
2127 3646 2627 3738 solitudine‚et
2664 3668 2999 3722 moerore

747 3774 960 3848 brevi
995 3772 1400 3848 exstinctus
1441 3780 1577 3848 est.

963 3900 1081 3973 Ea
1137 3898 1392 3975 clades
1448 3906 1619 3996 post
1689 3906 1934 3986 natum
1972 3920 2239 3974 nomen
2276 3897 2632 3973 turcicum
2671 3897 2998 3971 maxima

751 4025 824 4099 in
842 4024 1029 4101 mari
1048 4027 1510 4100 censebatur.
1555 4022 1706 4099 Sed
1728 4025 2022 4099 Turcae
2042 4023 2237 4099 nacti
2286 4031 2359 4098 et
2392 4024 2780 4101 hibernum
2821 4030 3000 4097 tem-

748 4160 987 4249 pus,et
1007 4152 1414 4249 proximum
1426 4174 1558 4262 yer
1570 4174 1876 4227 vacuum
1890 4153 2431 4243 be110,classem
2450 4150 2998 4247 impensissimo

752 4277 991 4352 studio
1029 4285 1488 4376 repararunt,
1529 4300 1690 4351 cum
1740 4301 1833 4352 ex
1871 4275 2523 4351 innumerabilibus
2561 4285 2713 4351 tum
2751 4284 2998 4350 trans-

750 4402 1075 4494 marinis,
1111 4410 1260 4475 tum
1283 4401 1672 4498 europaeis
1711 4401 2131 4497 provinciis,
2170 4400 2585 4474 navarchos
2608 4399 2997 4494 sociosque

750 4530 1060 4603 navales
1096 4529 1813 4626 conscripsissent,et
1833 4527 2211 4604 materiam
2251 4526 2715 4622 omnigenam
2773 4527 2996 4600 celer-
