3293 5219
2375 305 2528 383 199

260 524 456 601 teria
475 522 698 599 etiam
717 520 793 594 in
806 528 1095 618 promtu
1108 529 1296 613 erat,
1321 520 1670 598 videlicet
1688 521 2003 622 palmae.
2018 523 2282 614 olivae,
2303 530 2526 619 terra3

264 660 337 727 et
358 652 428 725 si
448 650 721 724 diutius
736 670 1230 745 perseverare
1242 650 1677 745 potuissent,
1692 649 2195 724 statuerantin
2214 649 2526 725 hiemem

257 776 674 878 proximam
696 773 793 848 ad
816 770 1244 868 Cantaram,
1260 798 1406 871 qua
1416 775 2089 872 propinquissimus
2104 783 2220 848 est
2239 775 2336 848 ad
2356 798 2524 851 con-

255 905 616 979 tinentem
635 901 1015 996 trajectus,
1046 901 1491 975 munitiones
1511 900 1938 999 perducere,
1978 908 2059 975 ut
2078 908 2371 998 portum
2409 922 2522 975 se·

263 1050 519 1105 curum
539 1025 954 1117 redderent,
995 1032 1071 1099 et
1108 1026 1352 1102 insula
1391 1027 1484 1101 ab
1526 1026 1941 1101 continente
1980 1025 2522 1102 defenderetur.

403 1191 411 1197 ·
484 1152 698 1248 Ergo
739 1149 1224 1225 munitionum
1284 1151 1912 1247 designandamm
1951 1152 2329 1247 negotium
2370 1151 2519 1255 An·

259 1279 467 1355 tonio
565 1276 815 1352 comiti
911 1278 1353 1372 architectO,
1396 1286 1469 1353 et
1523 1279 1749 1353 certis
1807 1277 2245 1374 quibusdam
2320 1278 2517 1377 duci·

257 1407 402 1480 bus
425 1404 949 1499 demandatur3
992 1404 1300 1480 ducibus
1342 1428 1433 1479 ac
1462 1403 1819 1480 militibus
1877 1405 2192 1502 singulis
2270 1408 2522 1503 singu-

257 1530 382 1607 lae
447 1528 927 1605 munitionum
985 1539 1240 1628 partes
1290 1529 1865 1624 distribuuntur3
1906 1530 2274 1626 quitanta
2327 1532 2517 1608 cele·

258 1657 486 1732 ritate
536 1664 611 1731 et
674 1656 1016 1732 certatim
1057 1656 1523 1747 laborabant,
1578 1664 1661 1732 ut
1716 1677 1901 1754 opus
1948 1656 2270 1732 validum
2308 1666 2383 1733 et
2422 1660 2518 1733 ad

259 1781 802 1858 defendendum
867 1780 1246 1857 sufficiens
1354 1784 1565 1858 brevi
1606 1790 2065 1878 exsurgeret.
2125 1782 2516 1882 Plerisque

255 1918 509 1984 autem
553 1910 647 1982 ob
687 1914 976 1983 aestum
1013 1915 1088 1982 et
1143 1907 1474 1982 laborem
1530 1908 2104 2000 infirmantibus,
2144 1907 2517 2007 hospitale

256 2060 349 2111 ex
387 2032 852 2111 domunculis
924 2035 1363 2131 quibusdam
1419 2036 1777 2134 proximis
1828 2038 2297 2112 constitutum
2381 2043 2516 2127 est,

254 2165 328 2236 in
366 2182 517 2259 quo
552 2160 819 2235 infirmi
857 2182 992 2257 pro
1035 2161 1252 2257 copia
1286 2182 1530 2236 rerum
1590 2160 1989 2265 diligenter
2047 2163 2514 2237 curabantur.

252 2289 430 2385 Ipse
489 2308 668 2362 vero
779 2286 1158 2382 generalis
1238 2308 1401 2361 cum
1476 2286 1762 2363 Mauris
1817 2294 2187 2378 tractare,
2246 2308 2376 2362 eos
2433 2285 2511 2359 in

253 2417 802 2489 sacramentum
841 2412 1199 2507 recipere,
1239 2411 1315 2485 in
1356 2411 1672 2487 castello
1728 2411 1995 2508 pinnas
2045 2418 2343 2485 veteres
2384 2409 2510 2483 de·

251 2537 521 2630 moliri,
562 2543 637 2612 et
675 2558 1001 2633 aggeres
1041 2536 1138 2611 ad
1175 2557 1422 2612 muros
1458 2538 1731 2626 facere,
1774 2559 1863 2611 ac
1910 2535 2316 2631 majoribus
2354 2541 2510 2612 tor-

254 2663 525 2739 mentis
568 2664 1097 2759 aggerationes
1137 2685 1231 2737 ex
1257 2669 1421 2737 arte
1458 2668 1914 2752 construere,
1955 2684 2045 2736 ac
2081 2662 2513 2736 necessaria

255 2789 682 2885 importare,
752 2808 1232 2884 quaecunque
1306 2787 1467 2860 sive
1525 2785 1621 2860 ad
1661 2787 1953 2877 victum,
2011 2786 2171 2860 sive
2210 2786 2307 2860 ad
2342 2809 2511 2884 pro-

254 2911 737 3012 pugnandum
790 2912 958 2986 usui
999 2917 1251 2986 essent
1287 2911 1554 3002 futura,
1615 2909 1937 2987 sollicite
1978 2933 2259 2987 curare.
2311 2910 2509 2985 Dum

254 3038 445 3112 hacc
501 3036 702 3127 fiunt,
796 3036 1161 3132 magister
1237 3034 1559 3132 equitum
1615 3036 2107 3111 melitensium
2162 3037 2510 3133 explora-

255 3172 408 3238 tum
464 3162 754 3236 habens
792 3160 1157 3257 Byzantio
1236 3160 1555 3237 classem
1612 3163 1968 3237 turcicam
1997 3165 2156 3257 jam
2191 3162 2506 3236 instruc-

257 3296 411 3361 tam
470 3287 570 3361 ad
606 3285 1038 3361 solvendum
1112 3287 1326 3362 modo
1368 3287 1723 3383 cogitare,
1781 3286 2208 3385 generalem
2244 3295 2512 3376 monet,

251 3413 355 3488 uti
444 3435 595 3490 nou
686 3407 924 3485 solum
999 3408 1491 3507 expeditionis
1607 3412 1744 3486 sed
1873 3412 2095 3486 etiam
2196 3410 2506 3486 Melitae

254 3544 325 3612 et
359 3535 663 3611 italicae
711 3534 946 3609 omnis
1005 3556 1201 3626 orae,
1262 3525 1355 3611 ne
1397 3536 1561 3633 quis
1620 3536 1913 3612 subitus
1953 3542 2029 3610 et
2059 3535 2506 3632 improvisus

258 3683 483 3738 casus
524 3667 959 3757 emergeret,
984 3660 1507 3755 cogitationem
1546 3659 1982 3757 susciperet.
2026 3659 2278 3751 Quare
2318 3682 2508 3735 sum-

256 3812 371 3863 mo
435 3785 684 3862 studio
739 3810 832 3860 ac
888 3786 1272 3862 celeritate
1333 3787 1579 3861 omnia
1653 3809 1933 3878 curare,
1971 3786 2328 3862 Xechem'
2362 3808 2512 3862 una

256 3936 415 3989 cum
472 3911 838 3987 insulanis
875 3911 972 3987 ad
991 3920 1531 3989 sacramentum
1570 3912 1972 4001 fidelitatis,
2030 3912 2204 3987 dato
2240 3912 2355 3986 illi
2388 3935 2511 3987 ve-

260 4039 440 4115 xillo
482 4046 557 4113 et
608 4038 938 4114 vicissim
976 4047 1275 4136 recepto
1333 4041 1676 4135 Draguti,
1721 4063 1810 4114 ac
1848 4039 2298 4115 confirmatis
2337 4061 2507 4113 con·

258 4164 656 4240 ditionibus
713 4165 996 4260 coegit3
1063 4163 1289 4259 jussit
1347 4187 1439 4239 ex
1496 4162 1758 4240 Sicilia
1813 4187 2081 4263 panem
2116 4162 2508 4256 nauticum,

258 4288 664 4385 pecuniam,
705 4297 780 4365 et
799 4291 1390 4387 supplementum
1422 4290 1727 4382 adduci3
1769 4297 1844 4364 et
1881 4289 2138 4366 eodem
2175 4298 2509 4387 tempore

256 4414 552 4510 publice
589 4414 835 4506 edicit,
873 4423 953 4489 ut
992 4415 1262 4492 milites
1319 4438 1553 4491 naves
1613 4417 2129 4504 conscendant,
2171 4424 2246 4493 et
2286 4436 2506 4513 quam

262 4537 614 4613 citissime
671 4561 757 4613 se
798 4539 1217 4637 expediant,
1256 4549 1337 4619 ut
1394 4542 1555 4617 sine
1596 4564 1803 4618 mora
1839 4550 2055 4641 portu
2096 4542 2303 4617 exire
2340 4563 2510 4639 pos-
