3293 5219
785 310 839 388 4

787 536 1009 605 esset.
1064 527 1272 623 Ergo
1331 526 1552 601 etiam
1625 524 1887 621 regina
1958 525 2207 619 Bona,
2284 533 2615 602 materna
2671 524 3039 601 charitate

781 655 1055 748 functa,
1103 653 1352 728 missis
1395 653 1814 727 oratoribus
1850 654 1926 726 in
1980 652 2298 748 gratiam
2356 675 2484 727 eos
2538 661 2689 727 tum
2727 649 3042 737 reduxit,

784 781 919 857 sed
972 779 1366 856 concordia
1416 778 1639 871 haec,
1699 778 2159 854 manentibus
2216 778 2476 854 iisdem
2542 778 2787 855 causis
2836 774 3040 852 haud

787 908 910 983 diu
948 906 1259 984 duravit.
1319 904 1537 981 Unde
1574 904 1842 981 Petrus
1918 916 1993 982 et
2046 914 2434 1002 magnates
2489 907 2878 1005 Ungariae
2917 907 3037 980 In-

783 1033 1116 1126 ferioriS,
1193 1029 1641 1107 Franciscus
1699 1031 2039 1130 Patocby
2094 1040 2168 1107 et
2221 1031 2586 1109 Antonius
2623 1031 3038 1107 Losoncius

784 1158 1119 1257 reginam
1191 1158 1561 1256 petivere,
1637 1166 1718 1233 ut
1772 1158 2086 1257 Lippam
2164 1159 2637 1253 concederet,
2734 1155 3036 1258 (civitas

791 1294 908 1362 est
963 1285 1351 1363 Inferioris
1390 1284 1777 1381 Ungariae
1833 1308 2037 1361 muro
2094 1287 2292 1361 tenui
2352 1287 2628 1380 cincta,
2705 1295 2778 1364 et
2831 1287 2909 1360 in
2948 1308 3040 1360 ea

785 1439 923 1490 arx
996 1407 1275 1511 valida)
1331 1435 1470 1487 nec
1505 1434 1902 1510 passuros,
1976 1420 2057 1488 ut
2130 1412 2518 1510 quicquam
2593 1411 2688 1486 ad
2752 1410 3038 1508 regalis

786 1539 1219 1638 dignitatem
1295 1540 1510 1614 aulae
1569 1538 1979 1614 decederet.
2047 1539 2135 1612 Id
2209 1540 2626 1615 molientem
2699 1537 3039 1634 reginam

789 1663 1165 1763 Georgius
1206 1687 1361 1763 spe,
1399 1689 1642 1763 prece,
1685 1672 1759 1740 et
1795 1665 1941 1739 vim
1971 1664 2455 1761 adhibiturus,
2496 1667 2561 1741 si
2601 1689 2784 1765 opus
2821 1667 3040 1757 foret,

783 1802 980 1871 metu
1012 1792 1333 1868 invidiae
1368 1793 1702 1886 retinuit,
1761 1816 1899 1868 nec
1936 1794 2162 1868 multo
2217 1803 2389 1891 post
2462 1794 2793 1890 reginam
2833 1789 3040 1866 Oibi-

784 1920 982 1997 nium
1038 1943 1199 1994 cum
1238 1918 1461 1993 Petro
1536 1920 2122 2017 proficiscentem
2177 1920 2561 1995 intromitti
2599 1918 2864 2011 vetuit,
2941 1940 3039 1991 ne

786 2046 1311 2140 munitissima,
1386 2047 2088 2146 opulentissimaque
2144 2048 2327 2122 urbe
2375 2054 2747 2144 tamquam
2821 2044 3041 2142 apice

782 2172 1000 2270 regni
1071 2173 1449 2272 potiretur.
1490 2172 1580 2248 Id
1617 2196 1795 2248 vero
1869 2174 2131 2269 regina
2167 2172 2668 2248 vehementius
2707 2168 3042 2261 indoluit,

785 2306 860 2374 et
895 2299 1116 2375 altius
1189 2306 1623 2398 penetrante
1664 2299 1916 2374 dolore
1990 2298 2316 2373 lacrimis
2355 2321 2499 2372 non
2574 2296 3039 2394 temperavit,

786 2425 1054 2501 ceteris
1091 2449 1269 2500 vero
1311 2425 1646 2502 omnibus
1705 2425 2217 2524 reputantibus
2255 2432 2536 2500 tantam
2572 2422 3041 2521 ingratitudi-

782 2575 951 2628 nem
988 2558 1211 2650 atque
1248 2551 1652 2628 audaciam.
1708 2552 1828 2627 Ita
1863 2551 2022 2627 irae
2079 2558 2153 2626 et
2189 2549 2360 2626 odia
2395 2572 2820 2649 prorupere.
2890 2548 3040 2624 His

786 2678 877 2754 de
912 2680 1140 2755 rebus
1181 2677 1577 2776 GeorgiuS,
1620 2679 1814 2779 quod
1849 2704 2157 2776 regnum
2191 2679 2286 2754 ad
2322 2679 2654 2775 reginam
2693 2677 3036 2752 inclinari

781 2804 1104 2899 videret,
1180 2812 1254 2880 et
1287 2806 1340 2882 J
1344 2805 1705 2880 ohannem
1746 2827 2034 2904 quoque
2074 2830 2166 2880 ex
2206 2805 2517 2904 ephebis
2556 2804 3033 2880 excedentem

785 2938 1160 3024 metueret,
1216 2932 1292 3007 in
1327 2933 1662 3007 fraudem
1719 2957 1808 3008 ac
1843 2932 2204 3028 flagitium
2245 2955 2648 3008 conversus
2685 2954 2880 3006 nova
2917 2952 3036 3005 se-

786 3081 946 3134 cum
984 3057 1292 3154 agitare,
1333 3066 1408 3133 et
1444 3066 1781 3133 secretae
1821 3057 2182 3155 epistolae
2243 3082 2334 3131 ac
2370 3057 2616 3134 nuncii
2653 3057 2823 3130 hinc
2858 3056 3036 3132 inde

783 3205 1214 3259 commeare.
1271 3185 1584 3260 Demum
1640 3184 2158 3259 Ferdinandus
2215 3184 2604 3260 Nicolaum
2697 3184 3036 3259 comitem

788 3336 836 3387 a
873 3309 1168 3406 Salmis,
1205 3335 1450 3389 rerum
1474 3313 1908 3387 bellicarum
1946 3334 2364 3410 supremum
2395 3317 2827 3403 curatorem,
2871 3335 3038 3386 cum

788 3438 1157 3514 mandatis
1178 3438 1276 3513 ad
1313 3462 1475 3515 eum
1498 3439 1827 3534 ablegat.
1870 3437 2247 3535 Georgius
2271 3437 2346 3511 in
2383 3436 2730 3536 oppidum
2748 3437 3037 3514 Bathor

786 3564 1137 3640 Andreae
1175 3565 1513 3640 Bathorii
1552 3565 1918 3663 colloquio
1963 3565 2424 3657 destinatum,
2484 3587 2642 3639 cum
2702 3564 3033 3663 equitum

785 3716 876 3771 ac
908 3691 1236 3789 peditum
1267 3692 1499 3790 copiis
1534 3692 1979 3784 lectissimis,
2021 3716 2204 3789 quas
2244 3691 2604 3767 continuis
2645 3691 3038 3790 stipendiis

785 3815 883 3892 ad
920 3818 1253 3916 corporis
1275 3817 1684 3892 custodiam
1724 3818 1993 3913 alebat,
2034 3820 2372 3918 stipatus,
2412 3825 2625 3893 sexto
2647 3816 2824 3893 Idus
2846 3815 3032 3917 Sep-

787 3943 1094 4020 tembris
1132 3943 1353 4018 venit.
1412 3940 1686 4018 Cetera
1724 3967 2014 4042 quoque
2071 3946 2285 4020 aulae
2323 3968 2580 4040 regum
2625 3943 2701 4017 in
2737 3944 3033 4020 modum

784 4078 1030 4146 erant:
1106 4094 1278 4145 nam
1314 4078 1614 4169 praeter
1651 4071 1937 4167 regium
1974 4093 2255 4166 nomen,
2301 4071 2704 4170 potentiam
2740 4071 3030 4168 regiam

779 4197 1240 4272 ostendebat.
1279 4197 1635 4274 Mandata
1655 4198 2013 4274 Nicolaus
2052 4197 2464 4295 magnificis
2489 4196 2703 4271 dictis
2739 4198 3027 4273 recitat.

778 4320 939 4397 Nos
979 4346 1331 4399 summam
1372 4324 1768 4417 trademus,
1819 4325 2130 4400 secretis
2174 4326 2364 4400 enim
2404 4323 2862 4398 sermonibus
2901 4348 3030 4399 ne-

774 4473 892 4526 mo
929 4450 1276 4526 interfuit.
1336 4450 1618 4542 Quodsi
1658 4450 2120 4547 Hungariam
2161 4451 2632 4526 Ferdinando
2671 4448 3026 4544 traderet,

772 4577 1013 4673 ipsum
1052 4588 1309 4653 contra
1325 4579 1746 4654 universum
1764 4581 1816 4654 J
1821 4579 2130 4654 ohannis
2171 4577 2686 4677 patrimonium
2703 4578 3026 4654 redditu-
