3293 5219
876 250 979 328 70

873 469 1244 567 profuere,
1288 468 1562 566 quippe
1600 465 1840 542 nostri
1868 465 2264 545 obstinatis
2295 468 2558 544 animis
2598 477 2820 568 atque
2855 472 3094 547 invicta

872 594 1165 685 virtute,
1202 593 1278 668 in
1317 614 1464 689 qua
1501 614 1650 666 una
1688 614 1864 690 spes
1924 600 2104 684 erat,
2161 593 2267 668 ita
2302 594 2756 689 restiterunt,
2842 604 2922 671 ut
2952 619 3089 695 pro·

884 718 1184 818 pinquis
1213 721 1371 814 jam
1411 718 1766 810 tenebris,
1789 720 2110 794 maxima
2148 742 2445 795 suorum
2483 729 2760 819 strage,
2801 731 2874 797 et
2907 720 3092 821 pluri-

873 847 1013 920 bus
1029 841 1580 920 convulneratis
1599 843 1770 919 vani
1782 852 1856 919 et
1868 844 2061 920 irriti
2071 845 2424 923 recedere
2444 843 3092 947 cogerenturlsran·

872 980 1172 1069 tumque
1206 993 1564 1068 pavorem
1601 972 1678 1047 in
1726 974 2048 1047 futurum
2087 974 2310 1049 etiam
2348 974 2755 1049 fortissima
2794 974 3090 1050 defensio

875 1097 1071 1191 fecit,
1111 1104 1192 1172 ut
1227 1104 1533 1194 postera
1572 1096 1691 1173 die
1732 1120 1893 1173 cum
1933 1096 2300 1175 Amhatus
2338 1098 2755 1174 instandum
2793 1105 3090 1198 repeten-

886 1223 1199 1320 damque
1258 1223 1904 1321 oppugnationem,
1945 1249 2034 1300 ac
2071 1225 2330 1302 labore
2384 1224 2663 1321 vigilia,
2701 1224 3092 1300 vulneribus

873 1374 1108 1449 prope
1165 1351 1539 1427 confectos
1595 1350 1973 1448 urgendos
2024 1360 2384 1447 censeret,
2444 1376 2585 1428 non
2628 1351 2851 1426 aliter
2906 1374 3086 1449 quam

874 1474 1163 1552 strictis
1203 1475 1619 1552 machaeris
1660 1475 1758 1551 ad
1797 1479 2422 1575 oppugnationem
2462 1499 2637 1555 suos
2675 1476 3086 1576 compellere

874 1603 1265 1702 potuerint.
1304 1603 1503 1679 Hinc
1522 1626 1683 1678 cum
1705 1607 2003 1703 aprimo
2026 1605 2344 1683 diluculo
2384 1607 2656 1699 statim,
2698 1604 2796 1680 ad
2831 1602 3086 1680 tertiam

874 1728 1109 1803 ferme
1150 1727 1294 1802 diei
1365 1734 1674 1827 partem,
1717 1730 2017 1826 agmina
2090 1737 2165 1806 et
2229 1726 2728 1809 cohortes'vix
2763 1729 3096 1826 coegisset

878 1860 1099 1951 atque
1140 1851 1660 1946 ordinavisset,
1700 1879 1968 1953 magno
1992 1857 2190 1932 edito
2213 1857 2535 1936 clamore
2574 1856 2756 1932 Aua
2793 1853 2966 1931 Alla
2996 1878 3090 1930 vo-

879 1979 1283 2056 ciferantes
1322 1981 1661 2076 subeunt,
1699 1982 1939 2058 nostri
1976 1991 2235 2061 contra
2269 1986 2511 2062 Deum
2549 1984 2601 2061 J
2603 2006 2810 2060 esum
2848 1980 3092 2059 concla-

875 2107 1141 2185 mando
1162 2106 1365 2205 pleni
1401 2105 1715 2182 fiduciae
1737 2131 1825 2183 ac
1847 2109 2309 2185 constantiae
2354 2110 2874 2185 adoraverunt.
2911 2104 3089 2183 Oum-

877 2256 1017 2333 que
1032 2230 1129 2306 ad
1153 2232 1478 2308 carceris
1495 2236 2138 2331 propugnaculum
2159 2236 2465 2332 egregie
2483 2243 2856 2335 pugnaret
2888 2233 3091 2320 Dobo‚

875 2358 1202 2454 armiger
1240 2358 1399 2433 eius
1438 2358 1902 2454 fulgentibus
1925 2360 2152 2434 armis
2209 2358 2580 2450 notabilis,
2619 2360 2776 2458 pila
2810 2358 3089 2434 tranfos-

874 2506 1024 2576 sus,
1062 2484 1420 2573 occubuit,
1496 2485 1661 2582 ipse
1700 2484 1921 2562 Dobo
1962 2485 2102 2560 duo
2143 2487 2429 2585 accepit
2468 2486 2797 2561 vulnera.
2839 2482 2979 2559 Sed
3003 2482 3085 2557 ni-

875 2607 1273 2685 hilominus
1351 2609 1785 2687 obsistendo
1861 2635 1947 2686 ac
2018 2612 2555 2712 propugnando
2624 2611 2918 2686 Turcae
2983 2605 3091 2683 ali-

882 2744 1231 2834 quantum
1271 2737 1653 2830 remisere,
1693 2760 1854 2813 cum
1903 2745 2275 2814 terrenum
2324 2741 2606 2836 majore
2643 2738 2720 2812 vi
2754 2758 3092 2836 oppugna·

875 2869 1103 2938 retur.
1178 2862 1293 2938 Eo
1352 2885 1533 2961 ergo
1588 2864 1809 2941 Dobo
1871 2887 2165 2940 cursum
2221 2865 2581 2958 intendit,
2638 2863 2967 2940 hortator
3024 2884 3092 2935 ac

873 2995 1251 3086 pugnator
1287 2987 1505 3064 simul
1545 2989 1828 3066 aderat.
1869 2990 2227 3065 Mulieres
2285 3011 2575 3089 quoque
2612 2990 2914 3066 militum
2967 2985 3091 3064 offi-

876 3116 991 3189 cia
1031 3114 1176 3189 sibi
1253 3123 1673 3191 sumserant
1698 3172 1714 3205 ,
1756 3140 1917 3193 cum
1969 3140 2157 3193 saxa
2197 3125 2271 3192 et
2305 3118 2626 3193 molares
2666 3116 2990 3193 certatim
3033 3114 3090 3186 in

874 3239 1276 3316 subeuntes
1330 3241 1812 3317 devolverent
1832 3250 2052 3341 atque
2091 3243 2536 3341 ingererent.
2575 3243 2921 3320 Adventu
2950 3249 3079 3317 tan-

875 3366 1041 3442 dem
1082 3361 1415 3464 Gaspari
1509 3365 1742 3442 Pete&
1801 3378 2292 3467 exaequatum
2326 3369 2711 3469 praelium,
2749 3366 3089 3446 atrocissi-

873 3514 1141 3589 maque
1181 3499 1344 3567 erat
1380 3513 1655 3590 pugna,
1720 3518 1879 3569 cum
1919 3492 2074 3594 Aly
2111 3497 2344 3572 bassa
2418 3496 2772 3573 budensis
2811 3520 2899 3572 ac
2934 3493 3087 3569 Orz-

879 3618 1009 3693 lan
1028 3619 1268 3715 begus
1310 3620 1683 3716 ceterique
1706 3621 2047 3712 sauciati,
2105 3646 2265 3699 cum
2319 3623 2805 3698 ferocissimis
2839 3621 3088 3697 Panno·

885 3743 1057 3820 niae
1080 3743 1459 3837 militibus,
1514 3749 1917 3846 praecipua
1955 3748 2110 3848 Aly
2151 3751 2427 3826 bassae
2481 3750 2596 3824 ira
2632 3749 2706 3824 in
2745 3749 3090 3846 agrienses

878 3895 969 3947 ea
991 3871 1067 3946 in
1085 3879 1302 3970 parte
1323 3872 1970 3951 vehementissime
1995 3876 2487 3966 dasaevirent.
2583 3875 2733 3953 Sed
2751 3883 3087 3976 postremo

870 3997 1309 4094 benigniore
1350 4000 1565 4074 nobis
1604 4001 1905 4076 fortuna
1942 4003 2619 4101 etiamprimarium
2680 4010 2755 4079 et
2793 4005 3087 4077 auratum

873 4119 1028 4219 Aly
1065 4123 1344 4199 bassae
1382 4126 1733 4202 vexillum
1787 4129 2025 4204 nostri
2066 4129 2471 4219 obtinuere,
2511 4127 2688 4202 Veli
2723 4129 2951 4226 begus
2982 4144 3088 4195 no·

881 4246 1058 4321 bilis
1119 4250 1505 4326 sanciacus
1561 4253 1838 4347 glande
1893 4253 2250 4330 traiectus
2270 4253 2369 4348 ²¹⁸),
2417 4253 2767 4351 janiciari
2800 4247 3088 4332 Besliae,

1051 4508 1108 4582 ⁹⁶)
1137 4510 1375 4579 Ifltvfinfi
1390 4515 1666 4592 jegyzete
1691 4538 1703 4576 ε
1728 4517 1861 4575 Non
1882 4517 2081 4578 lethali
2105 4518 2364 4586 vulnere,
2403 4523 2606 4591 post-ea
2634 4519 2786 4574 enim
2812 4508 3084 4573 convaluit.
