3293 5219
881 256 1038 334 366

876 450 1159 566 dicitur,
1218 470 1347 547 alii
1405 472 1552 547 XV
1591 472 1822 546 millia
1880 472 2143 546 dicunt.
2206 474 2499 546 [nterea
2537 473 2927 549 Johannes
2965 478 3101 553 Κό·

876 624 1130 676 varum
1207 624 1455 674 arcem
1528 599 1597 672 in
1678 606 1919 672 monte
2011 598 2315 694 rupibus
2389 599 2709 696 undique
2805 625 3091 696 praeru-

875 728 1026 826 ptis
1085 727 1453 816 munitam,
1493 725 1757 799 deinde
1815 724 2142 815 Bauiam,
2203 749 2419 820 quam
2476 725 2820 800 Rivulum
2873 728 3096 802 Domi·

877 878 1132 929 narum
1192 861 1480 945 vocant,
1544 857 1970 949 oppugnat,
2050 851 2416 947 capitque.
2476 853 2771 926 Kiivari
2832 852 3094 928 inerant

873 1001 1035 1056 cum
1088 980 1462 1080 praesidio
1503 979 1772 1054 Petrus
1812 975 2091 1051 Soliom
2128 985 2202 1050 et
2243 978 2572 1052 Thomas
2622 976 3081 1077 Viczmandy,

883 1109 1006 1204 qui
1066 1108 1160 1181 ab
1227 1107 1541 1179 Erasmo
1585 1104 1896 1199 Mogero
1937 1103 2316 1196 praefecto
2360 1101 2693 1179 Sacmari
2730 1105 2948 1202 paulo
2982 1129 3085 1180 an·

876 1241 949 1307 te
1009 1231 1316 1320 evocati,
1377 1238 1454 1305 ut
1494 1229 1885 1303 nonnullos
1946 1229 2215 1302 milites
2255 1230 2307 1304 J
2314 1230 2645 1322 ohannis,
2708 1230 2832 1327 qui
2888 1232 2954 1304 in
2991 1255 3088 1304 ca·

878 1359 1096 1432 stello
1139 1355 1211 1431 S.
1250 1358 1302 1432 J
1309 1357 1429 1431 obi
1488 1354 1998 1444 consederant,
2055 1355 2538 1445 adorirentur,
2580 1356 2888 1444 exclusi,
2926 1356 3087 1429 clam

877 1493 1121 1558 tamen
1157 1490 1377 1556 noctu
1416 1481 1944 1578 ingrediuntur.
2006 1479 2409 1576 Postquam
2466 1480 3087 1578 propugnaculum.

878 1609 1072 1707 quod
1109 1633 1198 1682 ex
1239 1631 1423 1682 saxo
1465 1606 1786 1682 validum
1810 1606 2533 1701 erat,quassatumvi
2573 1614 3089 1692 tormentorum,

877 1760 1038 1810 cum
1073 1735 1179 1808 ita
1218 1740 1550 1831 apertum
1591 1741 1813 1824 esset,
1854 1739 1931 1807 ut
1974 1731 2184 1806 miles
2225 1732 2623 1807 succedere
2660 1744 2933 1827 posset,
2981 1757 3084 1832 op·

876 1862 1367 1961 pugnationes
1426 1859 1726 1956 aliquot,
1784 1858 2073 1932 etiamsi
2113 1857 2320 1931 multi
2376 1858 2713 1955 utrinque
2754 1861 3087 1940 caderent,

877 1988 1362 2084 necquiquam
1385 1994 1734 2060 tentatae.
1751 1983 2098 2059 Pluribus
2122 1971 2303 2079 ergo
2324 1984 2506 2058 locis
2527 1985 2746 2058 simul
2768 2008 3090 2082 conquas·

878 2115 1030 2187 sari
1071 2122 1353 2212 coepta,
1410 2114 1517 2187 ita
1575 2120 1655 2185 ut
1711 2112 1933 2185 etiam
1970 2111 2345 2184 interioris
2394 2112 2615 2202 arcis,
2656 2136 2827 2185 nam
2864 2136 2949 2185 ea
2983 2113 3085 2185 du·

878 2241 1050 2335 plex
1126 2246 1328 2329 erat,
1388 2238 1842 2334 aliquantum
1917 2235 2102 2310 muri
2178 2236 2651 2333 aperiretur:
2728 2237 2892 2311 inde
2961 2238 3079 2310 duo

880 2365 1209 2461 gregarii
1285 2364 1574 2455 milites,
1651 2364 1703 2438 J
1709 2362 2035 2437 ohannes
2086 2362 2361 2460 Deghy
2419 2372 2493 2438 et
2567 2364 2888 2439 Michavl
2977 2362 3081 2438 So·

886 2514 1112 2589 mogy
1208 2492 1672 2586 praeclarum
1766 2476 2054 2562 facinus
2132 2495 2613 2563 attentavere.
2714 2489 3084 2564 Succeden-

876 2625 990 2692 tes
1079 2618 1269 2692 0111111
1345 2617 1584 2713 magis
1662 2640 1750 2688 ac
1844 2616 2084 2711 magis
2152 2638 2396 2706 1111110,
2475 2617 2844 2691 desertam
2916 2626 3080 2691 exte·

872 2744 1139 2818 riorem
1195 2767 1438 2817 arcem
1498 2742 2176 2841 propugnatoribus
2238 2743 2585 2817 referunt.
2686 2743 2878 2817 Nam
2914 2740 3077 2815 Tho·

870 2891 1027 2941 mas
1087 2868 1544 2965 Viczmandy
1585 2877 1660 2942 et
1716 2868 1981 2942 Petrus
2041 2866 2358 2955 Soliom,
2398 2890 2558 2941 cum
2599 2867 2697 2941 ad
2735 2890 3075 2967 oppugna-

872 2995 1145 3069 tionem
1187 2993 1587 3068 succedere
1627 2992 1918 3068 hostem
1958 2996 2387 3090 sperabant,
2428 2993 2551 3085 ita,
2593 3001 2674 3067 ut
2713 2994 2984 3082 accidit,
3003 3015 3074 3065 ex

879 3119 1211 3195 interiori
1251 3144 1422 3194 arce
1461 3121 1536 3193 in
1595 3120 1974 3215 subjectos
2015 3120 2321 3215 pulvere
2381 3117 2784 3217 sulphureo
2824 3128 2893 3194 et
2926 3120 3066 3213 igne

886 3244 1149 3319 missili
1206 3246 1563 3341 grassari,
1659 3268 1888 3341 seque
1926 3244 2115 3318 tueri
2156 3268 2378 3341 posse
2419 3244 2902 3320 crediderant.
2956 3244 3074 3337 Igi-

876 3380 995 3446 tur
1034 3370 1186 3445 illis
1229 3371 1512 3446 duobus
1573 3371 1701 3445 alii
1739 3380 1910 3467 post
1948 3370 2138 3444 alios
2178 3394 2337 3444 cum
2376 3372 2569 3445 ultro
2613 3380 3072 3468 aggregaren-

871 3506 1010 3589 tur,
1091 3496 1423 3571 Thomas
1482 3496 1944 3595 Viczmandy
2022 3506 2095 3571 et
2172 3496 2438 3571 Petrus
2521 3496 2799 3573 Soliom
2873 3495 3063 3572 tunel-

871 3625 1018 3698 lam
1073 3623 1404 3722 pulveris
1498 3622 1652 3696 nixi
1748 3624 2027 3715 levare,
2127 3646 2286 3697 cum
2382 3612 2702 3720 quodam
2779 3624 3060 3699 bombar-

870 3749 1079 3823 dario
1157 3770 1536 3845 german0,
1616 3750 1738 3844 qui
1834 3750 1907 3823 in
2002 3751 2267 3824 baculo
2362 3750 2761 3826 funiculum
2854 3770 3064 3824 accen·

876 3897 1034 3949 sum
1111 3874 1459 3965 habebat,
1538 3881 1617 3948 ut
1693 3874 1768 3948 in
1826 3876 2234 3951 confertum
2292 3876 2579 3951 hostem
2620 3878 3063 3960 demitterent,

867 4000 1062 4074 forte
1101 4000 1348 4097 pulvis
1387 4001 1634 4097 ignem
1693 4000 2067 4099 corripuit,
2141 4010 2364 4099 atque
2402 4024 2530 4076 008
2571 4003 2855 4078 laceros
2907 4007 3062 4075 artu·

870 4128 1008 4202 bus
1046 4149 1184 4224 per
1222 4134 1450 4202 totum
1490 4150 1759 4225 corpus
1799 4128 2219 4204 miserando
2262 4132 2687 4226 spectaculo
2728 4124 3057 4211 ambussit,

864 4253 1225 4349 simulque
1265 4250 1594 4326 nonnulli
1631 4276 1766 4350 per
1804 4226 2053 4329 ruinas
2113 4254 2186 4326 in
2244 4255 2667 4329 interiorem
2707 4275 2928 4329 arcem
2960 4270 3057 4344 pe·

863 4383 1175 4467 netrant‚
1253 4385 1326 4450 et
1381 4378 2056 4474 propugnatoribus
2113 4379 2391 4453 frustra
2466 4401 2635 4453 sese
2714 4373 3055 4453 defenden-

866 4503 1086 4589 tibus,
1144 4510 1361 4598 atque
1401 4503 1594 4577 inter
1633 4528 1762 4577 008
1803 4503 2095 4579 Τ1101113
2138 4505 2639 4585 ViczmandiO.
2680 4517 3060 4601 quamquam

2062 4954 2201 5111 ἱ
