3293 5219
851 307 1009 396 194

1064 535 1581 612 Consultatum
1639 557 1818 629 ergo
1896 541 2033 622 est,
2092 557 2185 608 an
2263 533 2501 610 adhuc
2570 543 3047 634 exspectarent

850 670 1143 739 ventum
1180 684 1639 759 prosperum,
1683 682 1824 756 quo
1858 660 2267 735 insistendo
2305 661 2535 758 priori
2574 661 3046 738 deliberationi

851 787 1621 895 Teuthraniam,nunc
1661 785 2025 883 Tripolim
2066 785 2354 874 dictam,
2394 795 2753 883 peterent,
2794 812 2890 861 an
2921 785 3052 883 quia

845 913 1093 989 multis
1178 910 1738 986 difficultatibus
1795 912 2273 1002 laborarent,
2333 911 2407 984 in
2481 911 3048 987 christianitatem

844 1045 1434 1114 reverterentur:
1495 1061 1591 1110 an
1648 1059 1825 1110 vero
1881 1034 2249 1130 Aeginum
2309 1037 2467 1110 sive
2524 1035 2847 1111 Zerbum
2898 1038 3051 1109 insu·

844 1164 994 1239 lam
1079 1172 1435 1239 tenerent.
1493 1163 2131 1238 Dissentientibus
2173 1162 2499 1238 consiliis
2555 1171 2705 1237 tum
2769 1161 3055 1238 determi-

847 1291 1009 1365 nari
1050 1289 1233 1365 nihil
1271 1288 1545 1386 potuit:
1588 1295 1667 1361 at
1685 1288 2104 1383 insequenti
2146 1287 2264 1361 die
2306 1289 2783 1384 congregatis
2823 1290 2895 1362 in
2929 1309 3055 1360 con·

849 1415 1092 1491 silium
1120 1415 1420 1513 placuit,
1445 1415 1509 1489 si
1548 1421 1842 1488 ventum
1863 1414 2062 1488 nacti
2101 1414 2248 1488 sint
2268 1414 2681 1506 secundum,
2742 1413 3057 1512 Tripolim

849 1543 1024 1641 peti,
1069 1543 1184 1616 sin
1204 1543 1465 1632 minus,
1489 1540 2057 1636 Aeginumzsed
2078 1541 2321 1615 ventis
2361 1542 2456 1614 ab
2499 1539 2950 1615 Teuthrania
2976 1562 3061 1612 re·

856 1668 1308 1744 luctantibus
1377 1665 1748 1762 Aeginum
1824 1673 2232 1741 tenuerunt.
2310 1666 2360 1740 J
2367 1687 2646 1739 oannes
2705 1665 2797 1740 de
2855 1661 3057 1738 Cerda

855 1793 1002 1867 dux
1041 1793 1435 1867 universae
1513 1791 1784 1865 classis
1825 1813 1987 1864 cum
2026 1791 2289 1865 Xecho
2326 1790 2529 1864 illius
2569 1790 2857 1866 insulae
2889 1789 3059 1862 here·

856 1918 967 2008 de,
1006 1916 1140 1992 sed
1180 1924 1423 1991 tamen
1446 1916 1725 2008 exsule,
1748 1915 2082 2011 perfecit,
2105 1922 2185 1991 ut
2207 1916 2302 1989 ad
2323 1915 2645 1990 Zerbum
2682 1915 3058 2013 proficisce-

845 2050 1048 2118 retur
1106 2065 1267 2116 cum
1323 2041 1741 2132 Arabibus,
1838 2063 1927 2114 ac
1983 2049 2283 2138 pontem
2356 2043 2429 2114 in
2498 2041 2931 2130 continente,
2988 2061 3059 2111 ne

858 2170 1156 2243 Turcae
1211 2166 1527 2241 insulam
1568 2166 1955 2256 intrarent,
2018 2166 2441 2258 custodiret,
2480 2166 2584 2242 ibi
2635 2166 3060 2263 stipendium,

849 2293 915 2367 si
974 2292 1180 2390 prius
1220 2291 1520 2366 obsides
1545 2290 1642 2364 ad
1682 2313 1764 2365 se
1790 2292 2185 2371 attulisset.
2227 2292 2373 2366 sibi
2393 2292 2752 2367 daturum.
2810 2288 3060 2366 Classis

850 2439 1030 2513 ergo
1071 2416 1394 2493 secundo
1434 2415 1690 2491 Martii
1747 2416 2063 2491 insulam
2104 2417 2371 2512 attigit,
2431 2424 2505 2492 et
2554 2417 2798 2492 subito
2838 2437 3058 2516 specu·

847 2546 1151 2636 latores,
1194 2541 1317 2639 qui
1365 2541 1462 2616 ad
1486 2541 2013 2617 descensiones
2050 2540 2546 2617 commodiora
2582 2543 2752 2619 loca
2785 2541 3061 2641 inspice·

843 2676 1030 2760 rent,
1068 2668 1304 2764 misit;
1344 2692 1513 2743 nam
1553 2691 1646 2743 ex
1676 2669 2005 2765 ‚captivis
2067 2669 2335 2744 Turcis
2375 2668 2946 2763 intelligebatur,
2980 2665 3056 2740 ad

850 2793 1171 2891 spatium
1211 2793 1425 2867 duum
1520 2793 1828 2868 millium
1867 2795 1962 2867 ab
2006 2792 2316 2869 castello
2358 2795 2714 2870 sacellum
2750 2794 3060 2870 turcicum

846 2928 920 2994 et
977 2918 1250 2992 ibidem
1342 2920 1675 2993 undecim
1734 2927 1996 3016 puteos
2057 2943 2298 3017 aquae
2361 2921 2596 2996 dulcis
2657 2944 2858 2997 esse:
2892 2919 3056 2994 idem

848 3065 1140 3142 quoque
1180 3042 1566 3119 christiani
1624 3045 1799 3119 olim
1840 3046 2115 3143 captivi
2154 3055 2228 3121 et
2265 3047 2488 3143 periti
2542 3048 2901 3138 locorum,
2936 3041 3054 3118 sed

846 3167 1066 3243 etiam
1109 3169 1654 3265 speculatores,
1716 3191 1899 3265 quos
1976 3171 2353 3265 generalis
2415 3172 2511 3246 ad
2548 3191 3051 3270 recognoscen-

701 3299 707 3305 '
843 3293 1011 3369 dum
1052 3293 1271 3368 situm
1328 3294 1655 3385 miserat,
1742 3317 2161 3392 quanquam
2218 3318 2412 3393 aqua
2450 3320 2594 3372 non
2634 3306 2835 3385 esset
2866 3292 3047 3369 valde

841 3423 1060 3512 bona,
1102 3420 1668 3529 confirmarunt.
1743 3420 1951 3515 Ergo
2022 3421 2183 3495 loco
2244 3421 2339 3495 ad
2414 3422 2922 3498 descensiones
2981 3422 3045 3488 et

841 3547 1044 3622 acies
1124 3547 1670 3646 componendas
1734 3555 2126 3647 occupatO,
2154 3550 2387 3643 jussit
2442 3549 2716 3624 milites
2794 3542 3042 3644 exponi,

844 3680 919 3746 et
958 3695 1118 3747 cum
1158 3672 1710 3766 egrederentur,
1774 3674 2026 3749 statim
2083 3673 2157 3747 in
2197 3673 2431 3749 aciem
2489 3673 2708 3765 coire,
2747 3681 2824 3747 ut
2858 3676 3042 3745 antea

838 3797 1161 3890 fecerat3
1243 3820 1498 3871 verum
1537 3799 1803 3894 majori
1876 3798 2229 3896 temporis
2268 3805 2481 3898 parte
2518 3798 2594 3870 in
2633 3792 3037 3896 deponendis

838 3922 1195 3998 militibus
1236 3931 1309 3998 et
1348 3926 1737 3999 tormentis
1778 3927 2033 4001 aeneis
2055 3950 2145 4001 ac
2180 3927 2404 3999 rebus
2431 3921 2877 4000 necessariis
2910 3942 3037 3996 con·

844 4058 1158 4149 sumpta,
1202 4050 1297 4125 ad
1352 4053 1590 4127 locum
1633 4060 2046 4127 castrorum
2120 4076 2253 4127 sex
2322 4049 2628 4125 millium
2703 4051 2932 4149 spatio
2962 4045 3035 4119 di-

837 4181 1153 4250 stantem
1250 4199 1337 4252 eo
1436 4177 1552 4251 die
1664 4178 2038 4275 perveniri
2140 4201 2282 4251 non
2392 4184 2731 4273 poterat;
2804 4169 3034 4271 placuit

837 4299 1095 4375 eodem
1169 4303 1244 4376 in
1317 4305 1479 4379 loco
1539 4328 1631 4378 ea
1685 4313 1902 4378 nocte
1962 4310 2212 4378 castra
2270 4302 2570 4395 habere,
2613 4309 2687 4378 et
2747 4303 2930 4378 acies
2958 4299 3033 4372 in-

838 4432 1146 4499 struere.
1205 4429 1485 4504 Earum
1523 4431 1598 4503 in
1654 4453 1802 4504 una
1856 4430 2286 4505 melitenses
2344 4428 2641 4523 militeS,
2681 4453 2839 4506 cum
2879 4424 3029 4501 Ger·

838 4571 1214 4623 manorum
1256 4562 1567 4647 quatuor
1606 4555 1926 4646 vexillis,
1969 4553 2361 4632 Gallorum
2387 4555 2691 4649 duobus,
2730 4556 2803 4628 in
2838 4556 3035 4629 altera
