3293 5219
776 322 931 397 514

771 559 1082 612 evocare
1124 536 1584 634 Byzantium,
1610 536 2071 635 promittenS,
2094 534 2573 614 remissurum
2592 561 2776 627 eum,
2812 537 3038 613 modo

772 664 917 739 sibi
958 663 1049 738 de
1091 665 1250 759 ejus
1288 664 1435 738 fide
1474 672 1785 738 constet.
1864 664 1984 737 Ad
2044 688 2205 739 eam
2244 665 2693 759 legationem
2733 691 2827 739 ex
2867 689 3042 738 con-

767 791 933 866 silio
994 790 1439 866 Polonorum
1501 792 1605 865 ita
1659 792 2087 889 respondit:
2163 788 2262 865 Se
2302 792 2594 888 quidem
2633 791 2909 867 tributa
2949 792 3038 865 li-

766 920 1026 992 benter
1065 917 1411 1015 pendere,
1453 917 1586 992 sed
1624 918 2068 1015 Byzantium
2107 941 2576 1016 nequaquam
2617 926 3032 993 venturum.

772 1041 967 1118 Hinc
1036 1041 1354 1119 Selimus
1403 1045 1749 1142 Byzantii
1808 1067 2073 1120 novum
2129 1045 2533 1143 principem
2609 1044 3034 1121 «Iohannem

772 1170 1134 1268 quendam
1192 1180 1427 1262 creat,
1476 1181 1551 1246 et
1607 1197 1768 1246 cum
1827 1173 2156 1247 exercitu
2213 1172 2518 1247 militum
2576 1196 2846 1259 eorum,
2907 1172 3035 1268 qui

770 1299 865 1371 ad
904 1298 1215 1375 Pontum
1268 1300 1615 1391 existunt,
1661 1301 2296 1395 Tartarorumque
2337 1300 2636 1375 auxiliis
2676 1300 2770 1373 ad
2809 1320 3028 1372 occu-

769 1425 1089 1524 pandam
1144 1426 1601 1524 provinciam
1659 1429 1984 1523 ablegat.
2045 1431 2146 1502 At
2200 1428 2606 1522 Bogdanus
2662 1449 2900 1523 usque
2941 1448 3032 1499 eo

773 1551 1158 1637 delirabat,
1198 1559 1279 1626 ut
1316 1560 1465 1626 tum
1507 1576 1796 1650 quoque
1834 1554 2051 1628 unica
2099 1550 2330 1627 rheda
2367 1553 2440 1627 in
2480 1552 2838 1626 Poloniae
2874 1551 3036 1626 fini-

771 1680 910 1754 bus
952 1686 1373 1774 vagaretur,
1452 1702 1610 1752 cum
1663 1702 1899 1753 novus
1954 1680 2300 1777 princeps
2358 1660 2732 1755 Zuchvam
2774 1678 3031 1753 sedem

769 1814 990 1902 atque
1030 1829 1337 1901 regnum
1379 1810 1668 1882 nemine
1718 1816 2179 1904 repugnante
2222 1808 2627 1906 occupavit.
2671 1806 3013 1881 Tandem

775 1939 1020 2007 autem
1071 1933 1407 2008 collectis
1450 1933 1542 2007 iis
1584 1934 1800 2009 modo
1822 1936 2068 2018 rebus,
2096 1957 2281 2031 quas
2323 1958 2530 2010 mora
2569 1931 2807 2006 hostis
2846 1955 3021 2005 con-

770 2060 1021 2148 cessit,
1057 2060 1131 2133 in
1189 2060 1578 2135 Poloniam
1639 2085 1800 2136 cum
1858 2061 2082 2136 Petro
2140 2064 2375 2136 fratrc
2416 2061 2715 2149 minore,
2756 2059 3025 2134 relicto

769 2186 844 2258 in
883 2184 1183 2274 Hutino,
1246 2209 1435 2282 quae
1476 2210 1611 2260 arx
1655 2188 1728 2261 in
1769 2185 1966 2261 edito
2027 2194 2271 2262 monte
2313 2195 2430 2260 est
2465 2186 2538 2260 in
2577 2186 2847 2261 finibus
2887 2184 3031 2258 Po-

766 2314 1034 2403 loniae,
1073 2314 1456 2411 praesidio
1516 2314 1984 2403 Polonorum,
2026 2314 2332 2410 aufugit.
2390 2310 2778 2389 ,Iohannes
2840 2312 3029 2386 nihil

771 2448 1100 2515 moratus
1158 2439 1515 2516 Hutinum
1569 2464 1717 2515 una
1773 2464 1933 2516 cum
1992 2441 2322 2515 exercitu
2363 2439 2685 2514 Turcico
2744 2449 2820 2514 et
2875 2439 3030 2512 Va·

764 2570 1153 2644 lachorum
1192 2569 1505 2659 obsidet,
1563 2571 1687 2668 qui
1743 2579 2271 2646 tormentorum
2328 2592 2730 2645 aeneorum
2770 2579 2844 2642 et
2880 2566 3032 2642 sul-

769 2697 1027 2793 phurei
1085 2695 1414 2794 pulveris
1488 2696 1561 2770 in
1639 2699 1943 2772 Zuchva
2000 2696 2289 2794 copiam
2362 2720 2504 2771 non
2582 2694 3024 2769 mediocrem

773 2829 1034 2897 nactus
1118 2832 1297 2897 erat.
1394 2824 1694 2898 Interea
1741 2824 2147 2920 Bogdanus
2205 2823 2299 2898 ad
2356 2845 2614 2920 regem
2665 2821 3024 2896 Poloniae

770 2949 1401 3047 proficiscebatur,
1459 2951 1594 3024 sed
1653 2950 1844 3025 alius
1886 2975 2106 3026 casus
2145 2952 2214 3025 ei
2255 2950 2550 3027 oblatus
2608 2958 2744 3024 est.
2827 2948 3023 3023 Nam

767 3077 1135 3152 Martinus
1204 3074 1698 3152 Sborovscius
1737 3078 1812 3150 in
1869 3078 2153 3168 itinere,
2210 3078 2445 3151 illatis
2504 3075 2791 3152 duobus
2853 3076 3018 3149 vul-

773 3205 1096 3293 neribuS,
1138 3226 1301 3280 eum
1359 3206 1572 3304 cepit,
1627 3214 1701 3281 et
1755 3226 1903 3278 non
1967 3213 2186 3279 antea
2242 3203 2538 3290 dimisit,
2581 3226 2798 3300 quam
2857 3203 3015 3276 XX

770 3334 1077 3408 millium
1153 3357 1514 3408 nummum
1592 3355 1978 3410 aureorum
2059 3334 2288 3409 vades
2364 3333 2595 3407 daret.
2727 3330 3025 3405 Etenim

767 3458 1258 3536 Sborovscius
1309 3482 1639 3535 sororem
1678 3461 2022 3556 Bogdani
2061 3460 2416 3548 ambiens,
2472 3455 2898 3532 tantundem
2939 3454 3015 3529 in

768 3591 1137 3684 sumptum
1193 3585 1487 3677 fecisse,
1562 3592 1636 3659 et
1684 3586 2022 3681 injuriam
2104 3586 2326 3659 etiam
2383 3606 2544 3657 cum
2620 3581 3023 3678 ignominia

767 3713 1235 3806 conjunctam
1290 3735 1565 3808 magna
1622 3712 2009 3785 verborum
2073 3710 2510 3785 contumelia
2564 3708 2639 3781 in
2678 3707 3019 3784 convivio

767 3846 1066 3936 spretus
1107 3846 1182 3912 et
1218 3844 1623 3911 contemtus
1663 3860 1746 3911 se
1787 3837 2170 3934 accepisse
2207 3835 2646 3910 affirmabat.
2688 3834 2852 3907 Rex
2891 3835 3019 3908 ubi

768 3964 866 4038 ad
898 3986 1059 4037 eum
1117 3962 1520 4058 Bogdanus
1579 3963 1798 4052 venit,
1858 3962 2139 4037 auxilia
2196 3962 2544 4050 decernit,
2584 3969 2658 4036 et
2695 3960 3020 4035 Russiae

768 4090 1271 4186 Podoliaeque
1296 4088 1684 4178 Palatinis,
1724 4098 1804 4164 ut
1841 4112 2002 4162 eum
2026 4113 2186 4164 cum
2229 4087 2558 4163 exercitu
2595 4088 2670 4160 in
2708 4110 3017 4182 regnum

764 4226 1150 4315 paternum
1213 4214 1591 4306 reducant,
1650 4216 1981 4311 imperat,
2021 4223 2534 4310 oratoremque
2572 4212 2668 4288 ad
2705 4210 3019 4311 Stepha-

762 4365 935 4416 num
978 4341 1427 4415 Bathoreum
1467 4341 1541 4414 in
1584 4340 2224 4415 Transsilvaniam
2267 4363 2426 4413 cum
2469 4339 2781 4413 secretis
2822 4363 3017 4414 man·

770 4468 970 4544 datis
1030 4469 1350 4558 dimittit,
1425 4476 1706 4565 petenS,
1762 4477 1841 4542 ut
1897 4466 2114 4541 vicini
2171 4466 2525 4564 principis
2590 4465 3012 4540 calamitate

767 4602 1033 4686 motus,
1078 4617 1239 4669 enm
1279 4616 1416 4691 ope
1460 4603 1531 4667 et
1570 4593 1844 4667 auxilio
1876 4595 2103 4688 juvet.
2127 4591 2411 4682 Quodsi
2450 4591 2737 4665 omnino
2777 4591 3012 4689 copiis
