3293 5219
844 342 995 425 504)

839 566 1025 641 sidio
1080 566 1409 641 firmatus
1474 575 1675 667 erat)
1737 560 2077 665 oppidum
2134 566 2261 642 alii
2337 560 2703 659 volebant,
2779 578 2855 644 et
2893 560 3081 645 duas

836 694 1173 769 triremes
1229 693 1688 791 colligarant,
1747 716 2260 790 cannonesque
2317 703 2480 770 octo
2554 696 3080 791 imposuerant,

841 820 1395 920 apparebatque
1453 821 1548 895 ab
1605 819 1826 907 mari,
1867 820 2088 895 debili
2152 843 2354 894 muro
2413 829 2484 894 et
2541 822 2742 895 nullo
2793 843 3079 917 aggere

839 948 1109 1023 munito
1146 947 1518 1045 perrumpi
1577 969 1821 1044 posse,
1880 950 1945 1020 si
2002 954 2471 1022 attentarent.
2530 946 2679 1023 Sed
2719 947 3080 1045 praesidii

840 1073 1287 1170 magnitudo,
1328 1074 1596 1149 classis
1634 1074 2068 1171 propinqua,
2093 1075 2305 1149 simul
2344 1082 2749 1172 tempestas
2790 1082 3076 1166 exorta,

846 1208 1179 1274 conatum
1217 1199 1615 1297 impedivit.
1696 1199 2035 1275 Omnium
2073 1200 2334 1276 effectu
2371 1202 2797 1276 facillimum
2840 1201 3074 1275 visum

826 1336 952 1400 'est
1009 1326 1367 1402 Navarini
1433 1329 1940 1425 expugnati03
2015 1353 2453 1426 quamquam
2546 1338 2621 1404 et
2693 1326 3073 1427 praesidio

840 1451 1184 1527 munitum
1241 1462 1314 1526 et
1370 1475 1681 1529 ascensu
1722 1453 2017 1528 difficile
2068 1455 2143 1528 in
2200 1455 2394 1530 edito
2433 1462 2677 1530 monte
2717 1454 2940 1529 situm
2976 1453 3080 1525 vi-

839 1579 1206 1654 debatur:
1276 1587 1525 1655 tamen
1599 1606 1689 1657 ne
1765 1604 2065 1680 operam
2136 1581 2654 1678 perdidissent,
2718 1588 2791 1655 et
2829 1586 3075 1677 portu-

837 1706 975 1781 bus
1012 1706 1595 1802 recipiendarum
1637 1708 1983 1782 classium
2024 1708 2591 1783 christianarum
2614 1705 3076 1805 opportunis·

705 1892 712 1899 .
837 1832 1044 1924 simis
1082 1833 1510 1931 potirentur,
1533 1842 1821 1909 tentare
1844 1842 2275 1923 statuerunt,
2314 1834 2753 1932 praesertim
2799 1831 3075 1907 Fusca-

839 1960 998 2035 rino
1065 1960 1511 2059 imperatore
1550 1969 1809 2036 veneto
1846 1961 2357 2059 persuadente.
2416 1963 2675 2059 ltaque
2716 1958 3075 2056 expositis

836 2110 970 2184 per
1007 2095 1287 2161 noctem
1341 2086 1613 2161 italicis
1653 2088 2002 2162 militibus
2058 2088 2291 2162 tribus
2346 2086 2690 2177 millibus,
2747 2084 3072 2183 hispani-

836 2214 942 2288 cis
963 2213 1179 2306 mille,
1216 2215 1598 2290 tormentis
1618 2214 2018 2310 majoribus
2042 2216 2223 2305 XII,
2263 2213 2463 2288 illius
2503 2211 3072 2311 expugnationis

840 2341 1214 2438 negotium
1269 2340 1583 2438 principi
1638 2343 2010 2440 parmensi
2049 2340 2471 2417 attribuunt.
2531 2340 2646 2414 Ea
2723 2339 2843 2413 die
2882 2359 3069 2435 quae

842 2473 958 2541 est
1012 2472 1346 2561 sequuta,
1405 2473 1611 2540 tanta
1667 2466 1982 2563 pilarum
2035 2466 2442 2540 ferrearum
2500 2472 2616 2538 est
2662 2470 3067 2559 tempestas

840 2593 1112 2669 emissa
1170 2615 1263 2665 ex
1320 2614 1515 2679 arce,
1584 2601 1663 2667 ut
1718 2601 2077 2668 tormenta
2136 2588 2693 2666 christianorum
2751 2614 2846 2665 ex
2938 2612 3071 2666 usu

839 2718 1184 2794 collocari
1222 2740 1368 2792 non
1405 2718 1776 2817 potuerint
1817 2741 1834 2808 ;
1897 2727 1969 2792 et
2023 2741 2185 2793 eam
2225 2717 2318 2791 ob
2394 2739 2693 2792 causam
2730 2739 2868 2815 per
2904 2741 3065 2792 noc-

838 2853 982 2919 tem
1036 2843 1113 2918 id
1167 2844 1324 2918 fieri
1366 2843 1793 2920 Parmensis
1834 2852 2040 2919 ratus
2079 2854 2235 2920 est:
2278 2868 2439 2947 cum
2475 2845 2625 2919 alia
2661 2851 3065 2942 tempestas

840 2977 1159 3069 sequuta
1198 2978 1573 3046 ventorum
1632 2978 1705 3044 et
1741 2971 2149 3069 pluviarum
2187 2970 2857 3065 frigidissimarum,
2927 2991 3066 3044 non

833 3104 1259 3172 terrestrem
1299 3096 1510 3172 modo
1549 3097 2110 3195 expeditionem,
2137 3100 2266 3172 sed
2308 3098 2623 3172 classem
2642 3097 3062 3172 universam

840 3232 1177 3298 ea0nocte
1215 3223 1683 3300 vehementer
1711 3227 2053 3320 turbavit;
2095 3249 2238 3322 qua
2258 3225 2434 3300 reid
2472 3225 2692 3299 etiam
2731 3226 3067 3317 accessit,

838 3350 1034 3454 quod
1071 3350 1350 3425 cibaria
1386 3348 1737 3424 militibus
1777 3351 2041 3448 deponi
2055 3375 2199 3427 non
2237 3352 2624 3449 potuerint;
2663 3360 2816 3425 tum
2852 3362 2932 3426 ut
2966 3353 3064 3424 in-

839 3477 1312 3567 calescerent,
1372 3475 1989 3572 siccarenturque,
2040 3477 2210 3574 quia
2246 3477 2752 3566 tabernacula,
2796 3477 3058 3573 quibus

834 3602 1010 3675 tecti
1066 3602 1160 3676 ab
1218 3601 1484 3696 injuria
1521 3603 1989 3700 tempestatis
2026 3604 2360 3696 fuissent,
2427 3627 2575 3679 non
2628 3602 3063 3694 habuerant,

838 3725 1147 3802 materia
1183 3749 1314 3802 eos
1355 3725 1765 3801 deficiebat.
1811 3726 2020 3819 Quae
2059 3730 2300 3805 omnia
2340 3728 2561 3804 duces
2600 3727 3065 3804 vehementer

836 3852 1362 3951 permovebant
1399 3879 1414 3946 3
1455 3853 1587 3927 sed
1626 3853 1847 3927 etiam
1888 3856 2126 3950 magis
2165 3856 2259 3948 id,
2312 3856 2508 3953 quod
2544 3855 2939 3950 transfuga
2975 3878 3061 3929 ex

836 3980 1079 4055 classe
1150 3981 1426 4055 turcica
1480 3979 1748 4073 retulit,
1804 4004 2329 4078 praecursores
2364 3981 2659 4058 hostilis
2701 3983 3060 4058 exercitus

835 4105 930 4180 ad
969 4102 1079 4181 IV
1118 4106 1344 4181 millia
1381 4107 1769 4182 Modonem
1805 4109 2254 4205 pervenisse,
2304 4109 2848 4206 exercitumque
2905 4131 3057 4183 cum

839 4233 1122 4308 duobus
1179 4233 1481 4308 ducibus
1542 4230 1832 4309 Siausio
1896 4243 1971 4310 et
2006 4235 2367 4312 Huzaimo
2402 4235 2602 4311 haud
2639 4238 2899 4333 procul
2937 4237 3058 4310 ab·

837 4382 1023 4435 esse.
1117 4363 1377 4458 Itaque
1438 4385 1566 4437 eos
1641 4363 1691 4437 J
1699 4361 2027 4437 ohannes
2101 4362 2537 4470 Austriacus
2606 4362 3061 4438 descendens

832 4481 1272 4580 consolatus,
1315 4513 1406 4563 ex
1443 4490 1817 4586 praesenti
1856 4490 2087 4588 copia,
2129 4500 2474 4588 quantum
2511 4489 2772 4588 potuit,
2824 4513 3061 4565 recre-

836 4613 1009 4705 avit;
1032 4613 1428 4710 eodemque
1449 4621 1777 4712 tempore
1799 4616 2182 4713 conspexit
2195 4616 2473 4691 auxilia
2494 4616 2811 4713 equitum
2833 4623 2908 4690 et
2938 4638 3061 4712 pe·
