3293 5219
2258 439 2275 458 ἱ
2356 333 2509 411 397

236 544 565 646 ablegat.
608 549 752 644 Qui
813 575 975 627 cum
1014 577 1268 631 omnes
1306 554 1684 655 principes
1707 552 2149 652 singillatim
2200 550 2497 626 circum-

234 678 447 768 isset,
509 679 871 753 Venetias
945 682 1165 756 venit.
1247 680 1534 772 Quibus
1590 681 1754 780 ipse
1810 687 2260 779 potestatem
2325 678 2503 754 fecit

234 805 693 881 conditiones
751 806 999 899 dandi,
1058 808 1322 904 quibus
1383 810 1663 884 vellent
1738 807 1998 883 foedus
2073 807 2259 882 inire
2336 830 2500 883 cum

232 933 603 1032 pontifice,
661 956 840 1028 rege
898 932 1453 1032 Hispaniarum,
1523 939 1630 1009 et'
1672 933 2060 1010 Gallorum
2132 934 2497 1009 adversus

234 1058 679 1134 haereticos.
736 1058 1009 1134 Veneti
1048 1068 1292 1135 tamen
1335 1061 1810 1159 respondent,
1869 1059 2275 1136 institutum
2350 1058 2497 1134 rei-

230 1185 576 1283 publicae
614 1184 813 1259 illius
866 1186 1100 1260 fuisse
1174 1209 1541 1284 nunquam
1596 1188 1792 1262 ultro
1848 1187 2105 1261 hostes
2164 1186 2310 1261 sibi
2365 1209 2495 1283 pa-

235 1334 447 1407 rare;
518 1310 872 1386 turcicum
933 1310 1206 1386 bellum
1268 1334 1559 1410 semper
1599 1310 1784 1410 ipsis
1840 1318 2262 1409 suspectum
2301 1334 2494 1405 esse,

234 1460 473 1534 eoque
514 1435 906 1534 quotannis
944 1437 1234 1513 classes
1291 1435 1660 1511 instruere
1699 1444 1921 1535 atque
1959 1461 2255 1536 parare,
2296 1437 2493 1534 quod

237 1564 536 1660 quidem
574 1564 916 1638 maximis
955 1563 1309 1662 impensis
1368 1564 1616 1639 facere
1659 1572 2124 1658 cogerentur,
2163 1588 2254 1638 ne
2291 1565 2491 1638 frau-

238 1690 331 1764 de
387 1689 641 1765 hostili
698 1688 1038 1788 imparati
1123 1690 1634 1765 detrimentum
1692 1691 2132 1788 acciperent.
2208 1689 2491 1764 Eodem

237 1837 530 1912 quoque
607 1821 937 1912 tempore
993 1817 1290 1910 legatus
1328 1815 1646 1910 gallicus
1705 1815 1801 1889 ad
1857 1814 2329 1890 sollicitanda
2367 1837 2495 1888 au-

235 1939 421 2014 xilia
457 1937 730 2013 missus
770 1938 1049 2031 aderat,
1109 1939 1227 2013 cui
1287 1938 1544 2014 eodem
1584 1938 1800 2013 modo
1859 1947 1974 2015 est
2032 1962 2488 2038 responsum,

236 2065 341 2139 uti
380 2063 783 2165 pontifici0,
831 2072 1130 2159 praeter
1168 2065 1243 2138 id
1284 2066 1475 2162 quod
1520 2066 2038 2150 admonebant,
2076 2065 2485 2142 Francisco

239 2191 401 2287 regi
506 2188 567 2263 C
680 2190 913 2264 millia
1004 2213 1369 2266 nummum
1480 2215 1780 2267 aureum
1876 2191 2102 2266 mutui
2193 2192 2484 2266 nomine

236 2326 458 2393 antea
572 2315 889 2410 dedisse,
1001 2339 1188 2412 quae
1299 2317 1485 2413 ipsis
1564 2319 1906 2391 exsoluta
2017 2316 2235 2391 etiam
2311 2318 2485 2392 hac-

232 2451 448 2519 tenus
559 2465 926 2540 nunquam
1001 2442 1339 2518 fuissent.
1402 2441 1552 2518 Alii
1591 2451 1836 2518 tamen
1909 2442 2282 2541 principes
2359 2465 2484 2517 au-

232 2570 416 2647 xilia
511 2568 824 2658 dedere,
931 2568 1444 2662 ferrariensis,
1528 2568 1990 2660 florentinus,
2086 2568 2483 2662 sabaudus,

237 2707 312 2774 et
347 2696 679 2774 nonnulli
703 2696 854 2771 alii.
893 2696 1057 2771 Rex
1099 2696 1629 2794 Hispaniarum
1667 2697 2050 2794 pecuniam
2089 2704 2313 2792 atque
2348 2695 2486 2769 mi-

237 2826 442 2902 litem
501 2823 703 2899 dedit
766 2820 1105 2898 Albanus
1163 2824 1354 2898 enim
1391 2832 1678 2921 partem
1734 2824 2112 2922 copiarum
2166 2822 2243 2897 in
2283 2821 2485 2897 auxi-

238 2952 415 3027 lium
453 2950 875 3045 misitjussu
894 2952 1119 3046 regis.
1144 2950 1428 3042 Quibus
1470 2951 1787 3046 cognitis
1808 2972 2046 3046 neque
2069 2947 2484 3025 Condensis

239 3103 332 3153 ex
390 3075 631 3153 altera
684 3084 896 3175 parte
967 3075 1234 3171 defuit3
1327 3100 1496 3150 nam
1554 3084 1629 3150 et
1686 3076 1849 3173 ipse
1889 3075 2211 3172 quotidie
2267 3074 2483 3151 novis

237 3202 538 3280 auxiliis
595 3202 1029 3299 augebatur,
1088 3209 1162 3276 et
1217 3201 1532 3276 edictum
1589 3201 1922 3299 publicat
1977 3201 2050 3275 in
2086 3200 2281 3276 hanc
2319 3222 2483 3275 sen-

235 3329 563 3413 tentiam,
602 3351 694 3402 ne
737 3327 900 3425 quis
938 3327 1288 3422 ignorare
1325 3334 1586 3425 posset
1625 3348 1946 3421 causam,
1987 3349 2116 3401 cur
2154 3324 2299 3423 ipsi
2336 3325 2483 3398 fre-

235 3456 491 3554 quenti
525 3477 825 3529 numero
861 3460 1014 3528 tam
1052 3453 1364 3547 nobiles,
1418 3476 1636 3551 quam
1677 3460 2062 3549 magnates
2099 3450 2481 3547 utriusque

234 3582 623 3679 religionis
662 3580 1200 3674 convenissent,
1240 3581 1434 3654 hanc
1510 3602 1701 3672 esse,
1742 3578 2079 3653 nimirum
2154 3578 2259 3653 uti
2299 3600 2479 3652 suae

237 3707 610 3806 majestati
630 3707 881 3803 regiae
910 3703 1437 3804 supplicarent,
1483 3712 1931 3783 convocaret
1986 3702 2371 3779 concilium
2409 3724 2485 3776 o-

236 3835 507 3909 mnium
528 3832 859 3907 ordinum
894 3832 1122 3907 totius
1146 3832 1378 3929 regni,
1410 3833 1507 3908 ad
1544 3832 1914 3906 abolenda
1949 3852 2144 3905 nova
2178 3829 2480 3920 tributa,

243 3983 432 4058 quae
470 3981 606 4057 per
626 3958 979 4033 malitiam
1001 3958 1356 4033 Italorum
1396 3960 1490 4033 ab
1530 3957 1812 4055 aliquot
1831 3957 2045 4033 annis
2066 3962 2316 4030 essent
2353 3954 2484 4028 im-

244 4085 517 4185 posita.
564 4082 816 4180 thue
856 4083 1465 4181 oppressionibus
1502 4084 1936 4180 populorum
1950 4080 2488 4180 provideretur,

237 4218 654 4306 cunctaque
730 4209 804 4283 in
861 4208 1250 4307 pristinum
1313 4216 1387 4285 et
1461 4209 1836 4305 antiquum
1914 4215 2181 4282 statum
2258 4213 2484 4302 atque

236 4336 712 4436 splendorem
751 4344 1302 4434 reponerentur.
1333 4334 1659 4411 Maxime
1699 4334 1889 4410 enim
1928 4333 2023 4407 ad
2062 4356 2145 4407 se
2166 4331 2485 4430 pertine-

236 4488 338 4554 re,
399 4484 620 4537 veros
678 4461 1074 4561 principes,
1149 4469 1224 4537 et
1278 4460 1868 4558 consangvineos
1941 4481 2029 4533 ac
2102 4457 2480 4533 naturales
2572 4542 2580 4555 ¹

231 4589 632 4684 subjectos,
708 4589 1175 4683 majestatem
1252 4585 1478 4682 regis,
1553 4584 1771 4662 fidem
1828 4608 1917 4660 ac
1961 4581 2481 4681 jusJurandum
