3293 5219
766 274 919 353 536

765 494 989 584 duxit,
1008 502 1088 569 ut
1124 489 1554 567 clementiae
1594 489 2066 587 lenitatisque
2113 512 2291 564 suae
2334 496 2537 565 esset
2567 513 2858 581 memor,
2897 491 3005 563 ita

763 618 1288 716 indulgendum
1317 615 1438 691 ubi
1469 615 1543 688 id
1565 613 2115 690 misericordiae
2135 625 2387 716 partes
2408 618 2887 714 postularent,
2924 625 3007 690 ut

764 745 1156 847 potestatis
1201 752 1423 840 atque
1444 740 1769 839 Imperii,
1812 765 1999 840 quae
2040 767 2184 817 una
2203 765 2323 818 res
2362 742 2677 817 maxime
2714 742 3008 817 iudicio-

764 897 922 948 rum
943 869 1338 947 severitate
1361 875 1530 958 stat,
1551 867 1843 942 minime
1864 867 2444 945 oblivisceretur.
2471 868 2667 943 Nam
2705 868 3003 942 audien·

766 999 879 1073 dis
893 998 1259 1073 hominum
1281 995 1699 1095 postulatis,
1722 995 2211 1094 cuiuscunque
2230 993 2340 1070 illi
2364 980 2643 1072 ordinis
2673 1006 2747 1068 et
2782 997 3006 1069 fortu-

765 1146 907 1202 nae
957 1131 1229 1211 essent,
1250 1146 1340 1198 ea
1377 1121 1733 1198 facilitate
1773 1123 2261 1220 comitateque
2298 1122 2455 1212 fuit,
2493 1130 2574 1196 ut
2609 1120 2717 1195 illi
2754 1120 2829 1194 iu
2869 1123 3008 1197 hac

763 1259 974 1349 parte
1010 1252 1252 1327 laudis
1307 1255 1587 1325 constet
1635 1273 1889 1349 parem
1943 1273 2263 1348 unquam
2336 1248 2567 1323 fuisse
2623 1247 3003 1339 neminem,

764 1400 981 1454 unum
1019 1401 1190 1453 esse
1227 1379 1368 1453 hoc
1402 1384 1749 1474 tempore,
1792 1376 1938 1474 qui,
1977 1377 2042 1451 si
2080 1376 2240 1451 fieri
2278 1375 2554 1474 possit,
2595 1374 3004 1451 haeredita-

766 1505 949 1581 riam
972 1507 1164 1580 hanc
1183 1529 1228 1579 a
1248 1512 1556 1602 parente
1576 1504 1940 1595 virtutem,
1963 1502 2204 1579 studio
2226 1503 2444 1579 etiam
2464 1501 2818 1577 maiorem
2846 1505 3005 1578 red·

766 1634 912 1724 dat,
953 1632 1156 1708 cuius
1193 1631 1411 1705 nobis
1453 1630 1872 1728 Imperium,
1916 1640 1992 1706 et
2029 1629 2500 1706 Christianae
2525 1629 3007 1727 Reipublicae

764 1762 1081 1836 faustum
1121 1757 1678 1853 diuturnumque
1716 1745 2163 1846 ominamur,
2184 1757 2764 1832 Maximilianum
2783 1758 3007 1833 filium

613 1930 616 1931 f
763 1885 1162 1960 videamus.
1203 1882 1545 1975 Quotidie
1585 1882 1776 1958 enim
1815 1884 2038 1959 statis
2074 1883 2317 1975 horis,
2393 1882 2730 1958 omnibus
2806 1883 3006 1958 aditu

764 2021 1041 2110 aperto,
1082 2020 1161 2086 ut
1198 2010 1470 2085 nullum
1515 2010 1906 2085 discrimen
1947 2020 2167 2101 esset,
2209 2034 2293 2085 se
2331 2011 2688 2086 adeuntes
2726 2011 3005 2109 suppli·

763 2161 887 2213 ces
928 2136 1079 2212 oris
1119 2136 1432 2236 quadam
1470 2136 1847 2212 hilaritate
1888 2137 2193 2212 mirifica
2230 2138 2664 2235 accipiebat,
2703 2143 2785 2213 ut
2824 2139 3007 2214 timi·

764 2264 876 2339 dis
918 2263 1250 2338 fiduciam
1288 2261 1617 2348 adderet,
1660 2262 2132 2339 audentiores
2151 2286 2242 2337 ne
2268 2271 2483 2337 extra
2501 2263 3005 2361 praescriptos

764 2392 908 2467 sibi
965 2390 1335 2465 cancellos
1412 2396 1906 2487 evagarentur
1929 2446 1945 2479 ,
2003 2390 2425 2480 maiestate,
2487 2390 3006 2489 gravitateque

763 2518 951 2618 pari,
990 2527 1339 2614 tanquam
1396 2518 1610 2590 freno
1650 2516 2178 2592 moderaretur.
2222 2513 2464 2614 Saepe
2524 2516 2814 2614 quidem
2844 2516 3007 2617 ipse

762 2644 933 2736 vidi,
972 2667 1132 2718 cum
1171 2665 1314 2718 uno
1355 2649 1576 2740 atque
1616 2642 1870 2717 eodem
1910 2641 2071 2734 die,
2147 2654 2433 2716 centum
2511 2643 2887 2741 supplices
2925 2644 3005 2718 li-

759 2771 998 2846 bellos
1038 2777 1383 2867 acceptos
1422 2768 1730 2865 legerit,
1807 2767 2108 2842 totidem
2166 2767 2256 2841 de
2296 2768 2591 2842 consilii
2630 2770 3007 2845 sententia

760 2896 1207 2994 privatorum
1262 2916 1532 2970 causas
1607 2917 1689 2969 re
1745 2893 2044 2990 cognita
2100 2892 2624 2990 transigendas
2697 2896 2996 2970 curarit.

762 3021 926 3115 Qua
960 3020 1034 3095 in
1074 3043 1155 3094 re
1192 3018 1374 3095 illud
1397 3044 1557 3095 cum
1586 3019 2066 3095 humanitatis
2105 3019 2480 3093 cuiusdam
2540 3020 3001 3097 incredibilis

762 3157 837 3224 et
872 3145 1267 3238 inauditae,
1301 3155 1448 3223 tum
1481 3148 1837 3247 populare
1857 3147 2191 3236 maxime,
2230 3146 2354 3222 ubi
2392 3171 2694 3246 puerum
2733 3149 3033 3224 aetatis·

759 3274 1280 3362 imbecillitate,
1320 3273 1663 3349 feminam
1701 3274 1981 3373 pudore
2015 3274 2393 3372 prohiberi
2464 3275 2999 3354 animadverte-

761 3409 903 3493 ret,
943 3402 1134 3477 ultro
1174 3423 1581 3492 occurrere,
1625 3401 1799 3497 quid
1839 3400 1983 3474 sibi
2042 3399 2265 3475 vellet
2349 3402 2803 3498 percontari,
2881 3405 3001 3503 qui

763 3538 961 3604 esset
998 3528 1395 3618 adeundus,
1437 3553 1482 3602 a
1521 3550 1662 3625 quo
1703 3527 2190 3623 transigenda
2216 3550 2340 3603 res
2365 3536 2585 3620 esset,
2609 3552 2756 3628 qua
2795 3531 2886 3606 de
2923 3557 3002 3608 re

763 3663 1041 3750 ageret,
1081 3654 1408 3730 indicare
1434 3655 1671 3752 ipsum
1714 3656 2209 3730 consuevisse.

974 3775 1622 3855 Criminationibus
1662 3781 2194 3857 malevolorum
2233 3780 2639 3874 audiendis,
2680 3784 3000 3880 pruden-

758 3908 867 3984 tia
901 3906 1093 3982 idem
1136 3914 1209 3980 et
1247 3906 1695 3983 continentia
1746 3931 2026 3984 summa
2062 3908 2239 4003 fuit,
2280 3918 2362 3984 ut
2398 3932 2635 4007 neque
2671 3911 3001 4007 neglige·

759 4038 874 4109 ret
911 4032 1180 4126 delata,
1220 4056 1358 4108 nec
1393 4041 1669 4109 temere
1707 4035 1783 4108 in
1822 4055 1973 4128 eos,
2050 4056 2354 4132 quorum
2393 4034 2690 4111 nomina
2766 4036 3002 4113 defer-

759 4165 1033 4252 rentur,
1074 4161 1633 4257 pronunciaret3
1711 4185 1792 4236 re
1832 4161 1926 4236 ad
1965 4160 2344 4236 consilium
2420 4161 2739 4255 reiecta,
2782 4189 2872 4241 ac
2910 4163 3000 4239 de

759 4311 960 4365 more
1000 4288 1298 4385 cognita
1352 4287 1840 4364 animadverti
1877 4287 1953 4362 in
1989 4309 2205 4383 reos,
2246 4295 2320 4362 et
2358 4288 2733 4365 convictos
2774 4292 3003 4367 scele-

759 4418 864 4491 ris
897 4416 1204 4492 iuberet.
1249 4415 1564 4491 Laboris
1603 4415 2222 4492 tolerantissimus
2245 4417 2405 4510 fuit,
2443 4426 2522 4493 ut
2558 4418 2746 4494 satis
2785 4427 2998 4517 aptus

760 4544 1199 4647 perferendo
1236 4544 1667 4638 haberetur,
1707 4565 1850 4619 non
1889 4568 1934 4618 a
1969 4551 2236 4621 natura
2272 4545 2533 4646 magis,
2595 4569 2809 4648 quam
2848 4546 2996 4623 diu·
