3293 5219
750 301 903 380 166

750 518 899 595 Sed
937 519 1224 593 interim
1262 516 1726 616 perspiciens
1767 524 1838 589 et
1853 513 2078 590 filium
2121 537 2614 606 succrescere,
2634 524 2709 589 et
2740 538 3009 612 prope·

747 644 1035 719 modum
1076 651 1437 717 maturum
1461 641 1698 730 annis,
1719 640 1897 715 belli
1936 640 2112 714 item
2129 640 2439 714 fastidia
2476 664 2567 715 ac
2603 664 2821 716 curas
2860 665 3010 716 mu·

748 769 967 845 liebri
1008 768 1249 843 animo
1289 768 1714 844 difficillime
1772 766 2176 865 perferenS‚
2235 767 2331 839 ad
2370 791 2627 863 pacem
2682 768 2882 842 viam
2924 790 3012 841 ac

751 895 1117 971 rationem
1175 894 1666 991 quaeritabat.
1711 891 1799 967 Id
1837 914 2144 988 quocum
2184 902 2467 987 ageret,
2507 916 2667 968 cum
2702 902 3012 992 praeter

751 1025 1058 1097 fratrem
1098 1020 1648 1118 sigismundum
1707 1017 2121 1114 Augustum
2194 1041 2449 1114 regem
2488 1019 2850 1095 Poloniae
2888 1020 3016 1097 ha-

748 1150 964 1224 beret
998 1148 1379 1237 neminem,
1420 1145 1664 1244 coepit
1700 1167 1861 1219 cum
1916 1167 2003 1218 eo
2059 1169 2195 1242 per
2232 1146 2525 1220 litteras
2583 1154 2659 1221 et
2693 1148 3009 1222 nuncios

644 1346 653 1357 ,
754 1282 1087 1350 secretos
1110 1296 1339 1368 agere
1360 1301 1377 1368 3
1399 1294 1707 1370 quarum
1738 1294 1981 1345 rerum
2021 1272 2292 1346 exitum
2314 1273 2386 1346 in
2428 1276 2808 1369 sequentis
2846 1275 3024 1349 anni

751 1400 1215 1491 tractatibus,
1269 1407 1349 1473 ut
1383 1406 1793 1496 temporum
1833 1396 2212 1489 rationem,
2270 1398 2343 1472 in
2402 1421 2545 1496 quo
2582 1399 2798 1475 nobis
2858 1424 3012 1475 ma-

753 1550 907 1622 gna
961 1532 1077 1599 est
1114 1548 1309 1616 cura,
1368 1526 1851 1600 observemus
1875 1578 1891 1610 ‚
1952 1526 2324 1598 narraturi
2390 1548 2658 1600 sumus.
2716 1526 3017 1601 Exinde

757 1652 1181 1727 caesariani
1240 1650 1530 1724 vicatim
1571 1648 2081 1746 praedabundi
2137 1656 2334 1723 totas
2392 1650 2613 1725 villas
2690 1658 2764 1725 et
2805 1653 3017 1728 vicos

755 1800 1055 1853 suorum
1130 1777 1721 1865 comsumebant;
1765 1784 1839 1851 et
1893 1798 2053 1850 cum
2091 1775 2651 1873 praedarentur,
2687 1777 3004 1874 pabula-

751 1904 994 1977 tiones
1034 1908 1109 1975 et
1198 1902 1804 1977 frumentationes
1867 1925 2001 1999 per
2059 1903 2285 1976 risum
2325 1904 2715 1978 vocabant.
2776 1908 2864 1979 In
2907 1905 3013 1978 di-

753 2029 1025 2103 tionem
1066 2035 1305 2103 autem
1344 2028 2014 2119 transsilvanicam,
2036 2037 2111 2102 et
2128 2030 2568 2127 praesertim
2625 2027 3017 2107 Gabrielis

758 2154 1054 2250 Pereny
1111 2155 1592 2230 excursiones
1654 2155 2064 2249 agitabant.
2159 2158 2422 2252 Itaque
2481 2156 2814 2233 Perenus
2868 2160 3020 2233 col·

753 2281 968 2358 lectis
1024 2282 1305 2357 viribus
1360 2304 1607 2355 arcem
1663 2280 1935 2355 Palocz
1993 2279 2349 2377 Stephani
2389 2283 2725 2374 Dobonis
2781 2305 3015 2382 oppu-

758 2418 1060 2504 gnat‚et
1096 2418 1385 2509 captam
1403 2409 1729 2485 funditus
1750 2410 2131 2484 exscindit.
2194 2410 2392 2483 Hinc
2429 2434 2877 2508 progressus
2921 2413 3020 2488 ad

759 2538 1013 2634 copias
1041 2535 1580 2614 Germanorum
1602 2546 1678 2613 et
1688 2536 2183 2634 Ungarorum,
2207 2559 2512 2635 quarum
2532 2538 2827 2635 legatus
2849 2547 3022 2613 erat

759 2663 1143 2738 Johannes
1185 2662 1678 2739 Garoiacerus
1699 2663 1776 2755 ²¹⁸)
1819 2662 2257 2754 Germanus,
2291 2663 2635 2760 quoniam
2654 2665 3018 2760 Volfgan·

768 2811 909 2883 gns
932 2787 1437 2864 Puchamarus
1464 2790 1656 2863 male
1677 2790 2189 2863 administrato
2213 2788 2413 2863 bello
2450 2791 2836 2887 provincia
2874 2790 3021 2865 dis-

767 2921 1122 2989 cesserat.
1146 2914 1644 2989 Garciacerus
1685 2916 1954 2989 castris
1976 2916 2247 2989 vallum
2281 2914 3015 3005 circumduxitPere-

758 3062 897 3115 nus
934 3047 1178 3115 autem
1217 3040 1571 3115 acerrime
1610 3040 1861 3115 multis
1924 3036 2464 3115 Germanorum
2524 3042 2814 3133 occisis,
2889 3067 3012 3118 ne·

764 3167 1148 3263 quicquam
1193 3167 1666 3265 oppugnavit.
1708 3166 1943 3257 Quem
1964 3166 2481 3242 Ferdinandus
2522 3169 2614 3241 ob
2653 3168 3018 3243 defensio-

762 3316 925 3367 nem
964 3302 1374 3368 castrorum
1430 3294 1795 3369 Viennam
1831 3295 2275 3390 profectum,
2313 3294 2632 3389 equitem
2671 3302 3015 3370 auratum

762 3420 1043 3493 creavit
1060 3414 1191 3517 ¹¹‘²'').
1270 3419 1425 3493 Arx
1500 3420 1893 3499 Kisvarda
1966 3422 2038 3493 in
2098 3420 2438 3495 citeriore
2493 3421 2660 3519 ripa
2714 3422 3009 3501 Tibisci

763 3546 1231 3633 caesarianis,
1312 3547 1955 3645 opportunissima,
2055 3547 2310 3633 ditioni
2383 3549 3007 3626 transsilvanicae

761 3671 1153 3772 plurimum
1188 3671 1799 3746 incommodabat.
1912 3671 2152 3768 Igitur
2188 3673 2452 3768 regina
2525 3673 3008 3750 Franciscum

765 3796 1231 3874 Nemethium
1305 3797 1762 3895 praefectum
1856 3798 2121 3893 Tocaji
2191 3805 2264 3872 et
2354 3797 2811 3897 Stephanum
2869 3801 3008 3877 Ba-

945 4062 1008 4136 *)
1035 4062 1303 4137 Fon-gach
1316 4063 1375 4121 S.
1391 4065 1668 4138 jegyzete
1700 4087 1714 4121 :
1742 4064 1830 4120 Az
1842 4067 2084 4123 varanoi
2105 4064 2368 4122 udvarba
2386 4065 2690 4121 suoi-{totta
2710 4066 2836 4124 volt
2860 4067 3014 4134 ahot.

766 4155 838 4212 de
861 4172 994 4214 nem
1021 4156 1145 4212 volt
1168 4155 1523 4228 ἰδὴειᾱυαςγ,
1575 4157 1783 4214 hanem
1823 4156 1995 4214 fizetss
2022 4155 2087 4213 es
2108 4160 2535 4213 musti-amenter
2558 4156 2698 4224 volt,
2724 4156 2906 4230 penzt
2933 4158 3011 4214 vi·

763 4261 900 4301 szen
926 4245 1049 4301 volt
1071 4265 1143 4303 az
1167 4247 1400 4303 hadnak
1425 4246 1488 4304 έι
1514 4264 1550 4302 a
1585 4248 1786 4304 kaasai
1833 4245 2105 4305 ndmetek
2131 4246 2451 4319 magyarok
2477 4244 2708 4303 heser-ik
2753 4249 2896 4304 volt.
2923 4249 3009 4307 Az

765 4334 960 4393 ndmet
981 4336 1096 4394 had
1120 4339 1332 4394 akkort
1368 4339 1575 4396 Lelezt
1609 4340 1826 4397 vitatta
1855 4339 2050 4411 ‚Priny
2086 4337 2328 4395 Gabriel
2353 4337 2586 4410 nepeta.

942 4461 1048 4529 st)
1110 4460 1350 4520 Istvanfi
1409 4469 1687 4541 jegyzete
1729 4489 1742 4522 ε
1808 4467 1953 4523 Tum
1994 4469 2129 4540 quia
2192 4468 2324 4523 olim
2387 4464 2696 4536 vesprimii
2743 4467 3014 4524 hortante

765 4548 1035 4610 solamne
1061 4553 1222 4625 Paxy
1260 4556 1370 4611 loci
1410 4557 1712 4630 praefecto
1740 4558 1958 4616 hastam
1986 4575 2112 4614 cum
2154 4558 2341 4615 'Putea
2375 4556 2670 4630 fregisset.
