3293 5219
2368 351 2526 427 485

277 565 560 639 toribus
588 572 973 641 numerata
1013 572 1203 639 sunt.
1265 547 1718 662 Expugnata
1759 566 2269 662 Famaugusta
2317 566 2512 665 Cyp-

281 712 401 764 rus
444 692 677 765 omnis
719 691 935 765 simul
972 690 1045 763 in
1085 697 1533 787 potestatem
1574 688 1915 767 hostilem
1955 694 2174 768 venit.

492 814 770 889 Eodem
811 821 1138 911 tempore
1180 813 1468 887 Pertaff
1488 816 1717 888 bassa
1754 806 1925 890 cuin·
1951 817 2229 912 ingenti
2274 819 2518 893 classe

274 940 485 1014 Mare
527 938 885 1037 Superum
936 948 1163 1035 atque
1205 939 1528 1014 Inferum
1568 941 1818 1027 tenuit,
1878 942 2218 1039 circaque
2276 944 2518 1018 omnia

277 1063 616 1162 Apuliae,
657 1061 1077 1151 Calabriae,
1120 1063 1480 1161 Neapolis
1514 1064 1787 1156 littora,
1827 1089 2224 1163 omnesque
2261 1077 2516 1165 portus

268 1197 341 1264 et
377 1186 663 1264 insulas
703 1190 1153 1265 Venetorum
1195 1187 2265 1288 depopulando,vastandoque,
2307 1217 2514 1267 arma

267 1337 430 1389 cum
486 1336 755 1408 magno
813 1312 1127 1387 omnium
1182 1314 1614 1410 populorum
1690 1321 1977 1390 terrore
2053 1316 2513 1392 circumtulit.

266 1437 456 1513 Tum
492 1446 890 1513 terrestres
931 1460 1218 1534 quoque
1259 1438 1536 1535 copiae,
1563 1439 1748 1513 duce
1789 1438 2058 1515 Hazon
2090 1441 2319 1515 bassa
2357 1439 2511 1518 filio

267 1561 664 1638 Mehemeti
720 1561 980 1635 summi
1019 1560 1267 1653 viziri,
1325 1585 1460 1659 per
1498 1585 1783 1637 omnem
1842 1588 2047 1640 oram
2084 1564 2510 1640 Dalmatiae

265 1688 622 1785 Epirique
662 1687 1184 1761 circumfusae:
1224 1694 1298 1761 et
1332 1689 1690 1785 pleraque
1729 1690 2004 1786 oppida
2059 1690 2510 1766 Venetorum

264 1814 714 1911 depopulata
749 1821 968 1909 atque
1006 1812 1331 1888 incensa.
1370 1814 1723 1902 Buduam,
1765 1814 2249 1905 Antivarium,
2288 1825 2510 1913 atque

262 1936 682 2014 Dulcinium
721 1937 1197 2035 expugnavit,
1239 1961 1328 2012 ac
1385 1938 1674 2033 magnis
1732 1939 2129 2036 praesidiis
2167 1942 2508 2015 firmavit.

263 2060 667 2138 Catharum
726 2064 1182 2161 oppugnavit
1239 2071 1538 2155 tantum,
1593 2071 1667 2138 et
1707 2065 2050 2162 cepisset,
2108 2066 2174 2138 si
2230 2065 2506 2140 discor·

262 2188 383 2263 dia
459 2188 718 2263 ducum
793 2212 938 2263 non
1013 2188 1317 2283 fuisset3
1394 2190 1754 2286 siquidem
1830 2192 2180 2289 oppidani
2228 2190 2506 2266 Pertan

259 2315 536 2389 bassae
589 2337 779 2405 ,sese
815 2316 817 2318 ’
853 2314 1233 2390 dedituros
1292 2314 1857 2409 denunciarunt3
1934 2316 2061 2391 ille
2135 2338 2335 2406 ver0,
2410 2339 2502 2390 ne

263 2440 375 2514 sui
431 2439 713 2516 laboris
770 2440 1052 2515 fructus
1110 2440 1327 2515 alteri
1400 2437 1963 2537 praeripiendos
2025 2440 2501 2537 permitteret,

261 2565 807 2664 oppugnatione
857 2565 1156 2641 destitit.
1201 2565 1539 2641 Tandem
1561 2564 1842 2642 Romae
1863 2565 2125 2642 foedus
2146 2564 2365 2641 ictum
2388 2574 2503 2640 est

257 2691 447 2767 inter
484 2692 922 2790 Hispanum,
960 2715 1336 2767 romanum
1375 2692 1814 2789 pontificem,
1839 2716 1927 2767 ac
1945 2692 2297 2782 Venetos,
2334 2715 2500 2789 pro-

255 2820 807 2915 mulgatumque
844 2819 1158 2916 publice,
1200 2843 1287 2892 ac
1324 2818 1562 2913 legati
1600 2819 1800 2893 circa
1838 2841 2089 2894 omnes
2127 2816 2501 2915 principes

251 2944 697 3020 christianos
737 2944 833 3018 ad
871 2965 1317 3018 communem
1357 2943 1791 3018 societatem
1830 2937 2219 3018 ineundam
2260 2941 2501 3015 dimis-

253 3072 334 3145 si.
393 3065 775 3146 Johannes
835 3067 1204 3161 Austrius,
1246 3065 1501 3143 Caroli
1552 3070 1644 3145 V.
1685 3093 1777 3143 ex
1817 3068 2224 3142 concubina
2278 3068 2493 3156 filius,

251 3198 641 3273 universae
684 3197 951 3271 classis
971 3197 1374 3294 imperator
1413 3204 1529 3271 est
1568 3196 2020 3291 designatus.
2064 3196 2327 3290 Itaque
2350 3193 2499 3267 Au·

251 3331 471 3421 gusto
509 3345 761 3398 mense
801 3330 956 3397 tres
997 3324 1286 3398 classes
1322 3321 1960 3422 instructissimae,
1994 3318 2265 3394 milites
2286 3341 2496 3417 prae-

251 3447 709 3539 stantissimi,
765 3448 1342 3524 voluntariorum
1418 3448 1640 3523 etiam
1714 3447 2074 3523 maximus
2131 3465 2496 3528 numerus,

244 3581 399 3648 tres
473 3572 983 3670 imperatores,
1076 3595 1430 3648 summam
1505 3574 1556 3648 J
1563 3573 1852 3649 ohanne
1929 3571 2322 3662 obtinente,
2414 3572 2490 3645 in

244 3696 502 3774 Sicilia
539 3721 969 3790 convenere,
1010 3705 1084 3773 et
1122 3700 1434 3774 consilia
1471 3700 1561 3773 de
1599 3700 1801 3773 bello
1855 3696 2182 3794 gerendo
2240 3704 2492 3772 contu-

244 3823 420 3898 lere.
473 3824 777 3898 Interim
815 3831 1062 3899 tamen
1102 3820 1373 3898 Veneti
1416 3824 1863 3922 gravissimo
1904 3824 2497 3896 senatusconsul-

241 3956 314 4022 to
352 3950 576 4040 facto,
630 3951 884 4024 urbem
924 3950 1020 4024 ad
1079 3974 1363 4025 omnem
1420 3952 1757 4026 fortunae
1816 3955 2154 4023 eventum
2211 3948 2493 4022 munire

243 4079 674 4165 statuerunt,
730 4074 1039 4150 firmatis
1080 4076 1279 4150 circa
1336 4076 1714 4173 portubus,
1756 4072 2045 4167 magnis
2093 4071 2491 4168 praesidiis

243 4222 332 4273 ac
366 4197 911 4274 munitionibus.
952 4198 1073 4273 Ad
1113 4196 1465 4274 Chiozam
1515 4201 1769 4275 fauces
1809 4204 2064 4295 portus
2106 4197 2492 4271 obstruxe-

239 4333 405 4401 runt
443 4324 836 4399 submersa
871 4348 1060 4400 nave
1100 4325 1403 4421 ingenti.
1463 4323 1582 4398 Ad
1620 4323 1978 4399 Venetias
2018 4322 2201 4396 duas
2237 4322 2491 4396 fauces

237 4446 621 4541 Adriatici,
680 4451 988 4526 alteram
1064 4451 1161 4527 ad
1236 4449 1822 4527 Metamauchum
1884 4450 1957 4523 in
2036 4447 2313 4523 decimo
2392 4449 2487 4521 ab

234 4576 414 4651 urbe
471 4574 839 4668 milliario,
896 4576 1210 4652 alteram
1267 4575 1363 4651 ad
1400 4575 1604 4650 littus
1663 4574 1739 4648 in
1798 4573 2067 4670 quintO,
2148 4570 2480 4648 castellis
