3293 5219
2320 327 2473 406 421

207 544 418 616 nium
475 544 697 618 venit.
745 542 937 634 Quia
979 567 1160 618 vero
1215 566 1430 619 nemo
1472 568 1564 618 ex
1614 548 2085 642 magnatibus
2125 556 2478 623 venturus

212 667 645 759 videbatur,
709 690 868 743 cum
917 669 1122 743 hisce
1174 669 1265 744 de
1315 670 1558 744 causis
1618 671 1891 765 singuli
1948 672 2093 745 sibi
2152 670 2517 750 metuere

215 795 650 892 coepissent
688 822 703 866 :
746 790 1160 891 Georgium
1235 795 1818 871 Draskovicium
1892 796 2317 896 episcopum
2357 823 2479 874 za-

212 920 716 1017 grabiensem,
760 927 833 994 et
868 919 1176 996 Paulum
1203 921 1759 997 Bornemizzam
1797 923 2251 1015 nitriensem,
2292 947 2481 1022 quae

212 1052 427 1121 esset
499 1052 751 1120 tantae
825 1045 1297 1122 alienationis
1372 1048 1779 1123 animorum
1874 1072 2139 1144 causa,
2235 1057 2309 1124 et
2381 1071 2478 1124 an

218 1171 392 1269 ipse
428 1167 656 1244 ullam
697 1190 999 1243 causam
1036 1171 1528 1268 praebuisset,
1591 1172 1729 1246 sub
1786 1171 1932 1247 fide
1991 1181 2064 1248 et
2108 1176 2481 1270 juramen·
2592 1208 2593 1211 Ν

212 1304 299 1372 to
356 1295 705 1395 privatim
752 1304 1253 1393 percontatur.
1315 1296 1441 1371 Illi
1494 1320 1674 1373 vero
1733 1299 2075 1395 quoniam
2132 1322 2215 1374 se
2252 1299 2348 1376 ad
2402 1274 2483 1373 fi·

205 1414 388 1497 'dem
426 1420 794 1517 adstringi
849 1422 1078 1517 ajunt,
1139 1421 1465 1497 dicturos
1499 1444 1589 1497 *se
1630 1422 1824 1519 quod
1864 1423 2243 1500 sentirent.
2284 1425 2480 1500 Nam

213 1547 406 1622 nihil
448 1568 719 1638 eorum,
780 1568 968 1642 quae
1031 1547 1107 1621 in
1165 1547 1638 1623 libertatibus
1698 1548 1856 1624 suis
1917 1557 2188 1641 essent,
2227 1550 2481 1626 obser-

214 1673 577 1760 vavisset,
617 1678 690 1747 et
727 1671 894 1745 ideo
935 1695 1235 1748 causam
1275 1696 1445 1749 esse
1486 1696 1637 1749 ase
1685 1674 1840 1751 illis
1877 1675 2314 1774 praebitam.
2358 1674 2481 1751 Ad

210 1798 362 1873 hoc
396 1797 947 1873 Maximilianus
966 1820 1169 1873 more
1198 1821 1353 1894 suo,
1379 1823 1506 1875 cur
1546 1823 1628 1876 se
1669 1808 1841 1876 ante
1878 1825 2025 1876 non
2064 1801 2481 1877 admonuis-

218 1922 448 2000 sent?
486 1922 596 2000 illi
637 1945 837 2017 vero,
877 1924 1231 2021 inquiunt,
1273 1934 1624 2023 quantum
1664 1928 1810 2002 sibi
1846 1928 2205 2017 licuisset,
2242 1928 2319 2001 in
2360 1949 2476 2001 co-

221 2051 455 2126 mitiis
488 2050 810 2148 publicis
850 2057 924 2124 et
981 2050 1313 2125 consiliis
1374 2051 1562 2126 satis
1604 2051 1910 2127 dixisse.
1955 2053 2185 2146 Ergo,
2221 2052 2479 2149 inquit,

221 2200 306 2253 se
349 2177 572 2252 fateri
611 2175 928 2275 culpam,
990 2176 1342 2276 deinceps
1400 2184 1651 2252 tamen
1689 2177 1982 2252 visuros
2021 2201 2116 2253 ne
2143 2179 2348 2274 juste
2388 2176 2481 2250 de

221 2327 308 2379 se
348 2302 739 2399 quisquam
770 2304 1123 2399 conqueri
1142 2304 1404 2401 possit,
1428 2310 1503 2378 et
1537 2310 1617 2378 ut
1639 2302 1736 2379 ad
1757 2302 2211 2401 Stephanum
2231 2301 2481 2377 Dobo-

218 2451 411 2523 nem,
450 2435 525 2504 et
559 2429 612 2505 J
617 2428 979 2504 ohannem
1018 2428 1436 2519 Balassam,
1498 2428 1838 2527 aliosque
1875 2428 2089 2525 regni
2125 2447 2480 2526 proceres

216 2555 522 2658 publico
570 2554 862 2630 nomine
938 2553 1113 2629 dent
1184 2555 1497 2648 litteras,
1552 2553 2132 2653 promittantque
2204 2552 2481 2628 nullum

219 2705 397 2759 esse
435 2681 580 2756 sibi
616 2679 1020 2780 periculum
1057 2678 1558 2774 metuendum3
1597 2680 1899 2756 veniant
1935 2686 2215 2756 tantum
2252 2698 2479 2773 nego·

219 2811 502 2886 ciorum
573 2806 1039 2906 publicorum
1093 2806 1651 2883 tractandorum
1708 2829 1955 2883 causa.
2014 2809 2134 2883 Ita
2187 2805 2483 2881 litterae

217 2935 524 3036 publica
577 2933 723 3007 fide
777 2933 1315 3009 interveniente
1354 2932 1451 3007 ad
1491 2956 1621 3008 eos
1660 2934 2062 3009 mittuntur.
2102 2930 2222 3006 Ad
2258 2931 2484 3006 Bato-

217 3087 377 3141 rem
433 3082 610 3136 vero
685 3060 851 3158 ipse
935 3059 1283 3157 privatim
1357 3058 1656 3135 litteras
1731 3059 1907 3134 fidei
1982 3057 2483 3157 amplissimas

217 3213 354 3289 per
391 3185 920 3281 Ramingerum
941 3193 1016 3261 et
1035 3184 1655 3284 Christophorum
1668 3183 2113 3281 Ungnodum
2136 3182 2358 3259 mittit
2380 3179 2478 3271 ²⁸).

219 3315 272 3392 J
277 3336 396 3388 am
433 3311 511 3385 in
553 3309 867 3385 comitiis
906 3309 1059 3385 bini
1097 3307 1356 3384 floreni
1394 3309 1491 3384 ad
1536 3310 1661 3384 ΙΙΙ
1737 3329 1968 3382 annos
2010 3306 2330 3400 decreti,
2370 3330 2484 3382 ce-

220 3449 456 3516 terum
533 3439 897 3515 clamores
956 3445 1029 3513 et
1084 3437 1411 3513 lamenta
1465 3458 1667 3511 more
1744 3442 2091 3510 consveto
2145 3434 2484 3532 necquic-

441 3790 496 3860 ')
533 3788 795 3861 Forgach
819 3787 877 3849 S.
893 3793 1168 3861 jegyzete
1197 3807 1211 3843 t
1256 3788 1402 3845 Nem
1449 3789 1483 3843 ὅ
1511 3804 1684 3860 maga
1710 3787 1941 3845 csaszar
1966 3789 2129 3844 adott
2154 3787 2290 3844 vala
2316 3787 2481 3844 hitle·

222 3885 382 3940 velet
408 3880 671 3950 Bathory
701 3880 1049 3947 Miklosnak‚
1096 3881 1302 3935 hanem
1349 3878 1483 3950 gros
1504 3877 1718 3934 Eckius
1760 3877 1821 3933 es
1848 3877 2040 3934 Tol-ek
2067 3876 2334 3941 Ferencz,
2362 3875 2486 3933 esa-

221 3974 352 4031 szar
402 3969 655 4039 kertero‚
701 3969 921 4025 kiknek
962 3967 1194 4025 csaszaeir
1238 3969 1408 4024 kezet
1456 3968 1675 4024 beadta
1720 3969 1860 4026 volt.
1900 3970 1987 4024 Az
2015 3967 2150 4038 gros
2179 3966 2393 4022 Eckius
2420 3965 2482 4022 ds

218 4064 413 4119 T'orek
445 4061 700 4116 Ferencz
727 4059 1031 4116 bitlcvelet
1059 4066 1142 4113 ott
1170 4059 1382 4115 voltam
1410 4059 1565 4129 hogy
1593 4058 1811 4130 megira
1824 4059 1881 4122 k,
1932 4057 1991 4113 ds
2020 4057 2174 4114 adak
2204 4056 2487 4113 Dorcsani

223 4151 402 4208 Peter
431 4149 672 4220 kezebe‚
721 4150 876 4221 hogy
925 4167 992 4204 az
1021 4148 1244 4204 uranak
1271 4146 1533 4218 Bathory
1571 4147 1900 4202 Miklosnak
1927 4148 2116 4218 vigye.
2154 4148 2241 4203 Az
2267 4148 2488 4203 mellett

225 4245 399 4300 sokat
447 4241 653 4297 iranak
700 4242 871 4311 neki,
923 4242 1076 4311 hogy
1121 4240 1353 4310 feljo'ne.
1395 4237 1482 4292 Az
1513 4236 1794 4293 Dorcsani
1839 4235 2040 4293 Petert
2083 4236 2307 4292 felkilte
2352 4238 2488 4292 vala

225 4334 472 4406 grofhoz
501 4329 817 4400 ertekezni,
850 4331 1000 4386 mibe
1029 4329 1107 4385 all
1134 4329 1464 4385 csaszarnal
1493 4329 1684 4406 dolga.
1724 4326 1811 4382 De
1845 4328 2001 4397 hogy
2026 4327 2315 4383 Dobonak
2343 4330 2491 4398 nyit·

226 4424 311 4478 rai
359 4421 566 4492 pispek
611 4418 672 4474 es
721 4419 959 4490 zzigrabi
1007 4418 1307 4475 hitlevelet
1353 4418 1530 4473 adtak
1575 4417 1764 4483 volna,
1790 4434 1918 4471 nem
1946 4417 2065 4472 volt
2090 4416 2245 4472 abba
2271 4417 2486 4480 semmi,

230 4519 375 4568 mer-t
403 4510 611 4566 nekem
639 4509 1049 4580 megmondtak
1076 4511 1283 4578 voluat,
1325 4510 1536 4565 azokot
1581 4506 1683 4562 rea
1724 4508 1774 4580 is
1820 4503 2266 4561 emle'koztette'k
2298 4507 2483 4562 volua-

228 4602 316 4660 De
345 4603 567 4658 azokra
591 4619 722 4656 nem
753 4608 864 4658 tott
895 4598 1109 4668 szegen
1139 4603 1344 4655 azutaein
1376 4603 1422 4656 is
1451 4618 1561 4672 egy
1594 4601 1719 4653 azot
1746 4597 1808 4651 is.
