3293 5219
2246 324 2477 388 LXIII

237 502 392 577 Tibi
449 530 495 580 a
552 506 871 582 Domino
951 529 1136 582 onus
1215 505 1603 603 regiminis
1680 515 1755 581 et
1820 505 2480 582 administrationis

233 629 455 704 dictae
493 631 893 706 Ecclesiae
933 640 1274 729 prompta
1313 631 1706 707 devotione
1749 632 2183 731 suscipiens,
2227 655 2477 706 curam

232 765 296 827 et
336 755 1048 832 administrationem
1105 756 1532 854 praedictas
1591 759 1702 832 sic
1760 781 2111 833 exercere
2169 759 2473 834 studeas

230 881 568 973 sollicite,
627 883 968 973 fideliter,
1027 890 1102 959 et
1157 882 1577 982 prudenter,
1639 883 1834 980 quod
1909 883 2256 959 Ecclesia
2312 885 2477 983 ipsa

233 1003 720 1083 Gubernatori
761 1009 1092 1106 provido,
1136 1017 1210 1084 et
1244 1009 1624 1084 fructuoso
1676 1009 2259 1085 administratori
2297 1034 2477 1107 gau-

232 1133 388 1207 deat
421 1156 506 1210 se
546 1135 1038 1228 commissam,
1062 1143 1287 1231 tuque
1323 1141 1626 1233 praeter
1664 1120 2016 1211 aeternae
2054 1135 2476 1211 retributio-

229 1259 333 1333 nis
385 1260 809 1357 proemium,
849 1269 1181 1336 nostram
1240 1268 1316 1335 et
1373 1258 1862 1359 Apostolicae
1922 1260 2126 1336 sedis
2168 1261 2468 1336 benedi-

232 1385 529 1461 ctionem
568 1394 644 1462 et
684 1387 1003 1482 gratiam
1043 1387 1313 1462 exinde
1350 1387 1654 1462 uberius
1694 1386 2047 1485 consequi
2087 1388 2467 1464 merearis.

231 1512 376 1587 Nec
408 1538 556 1590 non
595 1514 890 1590 dilectis
928 1515 1105 1589 filiis
1146 1511 1496 1613 Capitulo
1537 1523 1612 1590 et
1651 1513 1990 1590 Vasallis
2050 1515 2293 1591 dictae
2336 1513 2477 1588 Ec·

231 1637 510 1729 clesiae,
551 1663 642 1714 ac
681 1637 906 1716 Clero
947 1648 1021 1715 et
1054 1640 1329 1739 populo
1368 1638 1716 1715 Civitatis
1773 1649 1848 1716 et
1895 1640 2286 1716 Dioecesis
2325 1637 2476 1715 Va-

229 1764 606 1855 radiensis,
649 1776 730 1841 ut
767 1763 1191 1864 Capitulum
1248 1766 1385 1840 tibi
1442 1774 1791 1863 tanquam
1839 1767 2038 1865 patri
2078 1776 2153 1843 et
2190 1766 2477 1865 pastori

229 1890 619 1966 animarum
658 1913 960 1967 suarum
998 1891 1366 1967 humiliter
1405 1892 1876 1967 intendentes
1907 1892 2312 1968 exhibeant
2339 1891 2477 1968 tibi

230 2016 706 2093 obedientiam
782 2026 855 2093 et
926 2018 1419 2094 reverentiam
1495 2019 1786 2094 debitas
1844 2026 1921 2094 et
1975 2019 2324 2108 devotas,
2387 2042 2478 2092 ac

230 2139 483 2218 Clerus
539 2151 617 2218 te
673 2166 810 2242 pro
867 2153 1131 2221 nostra
1188 2151 1261 2220 et
1310 2140 1530 2219 Sedis
1566 2144 1995 2243 praedictae
2034 2144 2476 2233 reverentia,

227 2268 534 2365 benigne
588 2269 1069 2367 recipientes,
1107 2278 1202 2346 et
1255 2270 1662 2349 honorifice
1716 2278 2285 2370 pertractantes,
2345 2276 2474 2344 tua

230 2394 555 2471 salubria
607 2396 888 2470 monita
946 2405 1022 2472 et
1076 2397 1424 2473 mandata
1482 2396 1889 2495 suscipiant
1944 2396 2341 2486 humiliter,
2402 2404 2478 2469 et

228 2520 624 2598 efficaciter
660 2522 1066 2622 adimplere
1105 2531 1528 2622 procurent.
1589 2523 1918 2621 Populus
1976 2545 2155 2598 vero
2198 2530 2272 2597 te
2309 2528 2473 2595 tan-

229 2669 433 2742 quam
490 2658 778 2747 patrem
840 2658 915 2726 et
955 2659 1330 2748 pastorem
1389 2651 1798 2726 animarum
1857 2672 2156 2726 suarum
2207 2649 2472 2726 devote

228 2773 730 2873 suscipientes,
753 2780 828 2850 et
858 2776 1112 2851 debita
1149 2774 1706 2851 honorificentia
1742 2783 2305 2874 prosequentes,
2328 2775 2473 2850 tuis

226 2900 513 2975 monitis
541 2906 620 2975 et
639 2900 1010 2976 mandatis
1050 2900 1475 2977 salubribus
1512 2898 1887 2976 humiliter
1923 2899 2328 2994 intendant,
2365 2898 2474 2974 ita

228 3024 409 3121 quod
462 3032 545 3100 tu
599 3026 675 3102 in
732 3049 862 3103 eos
921 3036 995 3104 et
1050 3027 1467 3105 devotionis
1523 3028 1740 3120 filios,
1800 3035 1875 3102 et
1928 3026 2076 3126 ipsi
2110 3025 2300 3102 inte
2336 3048 2472 3122 per

227 3172 677 3249 consequens
731 3161 1022 3250 patrem
1085 3155 1519 3230 benevolum
1597 3152 1980 3230 invenisse
2053 3150 2470 3247 gaudeatis.

225 3276 516 3354 Vasalli
552 3285 798 3355 autem
836 3279 1157 3375 praefati
1194 3288 1269 3356 te
1308 3278 1554 3355 debito
1591 3280 1874 3354 honore
1910 3285 2471 3377 prosequentes,

223 3401 349 3477 tibi
401 3401 834 3479 fidelitatem
896 3406 1215 3499 solitam,
1271 3428 1408 3482 nec
1462 3427 1609 3480 non
1659 3409 2015 3481 consueta
2053 3402 2361 3479 servitia
2398 3410 2474 3478 et

225 3530 405 3606 Jura
457 3529 596 3606 tibi
650 3531 746 3605 ab
804 3531 914 3607 eis
974 3531 1224 3608 debita
1280 3532 1572 3629 integre
1651 3530 2003 3606 exhibere
2056 3535 2471 3627 procurent.

225 3655 565 3753 Alioquin
603 3656 1049 3733 sententiam
1087 3658 1249 3732 sive
1285 3680 1620 3756 poenam,
1664 3678 1881 3752 quam
1936 3653 2355 3752 respective
2394 3652 2471 3727 in

223 3781 541 3857 rebelles
577 3780 841 3858 tuleris
880 3805 1015 3858 seu
1054 3784 1430 3877 statueris,
1472 3789 1711 3859 ratam
1752 3780 2209 3874 habebimus,
2252 3788 2328 3856 et
2365 3780 2471 3854 fa-

223 3907 487 3984 ciemus
545 3916 850 3985 auctore
891 3909 1212 3985 Domino
1268 3930 1504 4006 usque
1543 3908 1639 3983 ad
1679 3906 2264 3983 satisfactionem
2305 3927 2469 3980 con-

224 4032 512 4131 dignam
572 4033 1107 4111 inviolabiliter
1160 4033 1573 4110 observari.
1630 4031 2014 4128 Rogamus
2065 4054 2357 4131 quoque
2396 4039 2472 4107 et
2586 4113 2604 4126 ‚

223 4157 595 4236 hortamur
652 4168 878 4236 antea
934 4159 1202 4235 dictum
1225 4260 1240 4274 .
1261 4156 1812 4234 Ferdinandum
1851 4155 2155 4255 Regem,
2197 4177 2286 4232 ac
2324 4155 2470 4254 Ve—

221 4284 623 4362 nerabilem
660 4285 968 4360 fratrem
1006 4290 1337 4361 nostrum
1357 4282 2080 4381 Archi-Episcopum
2111 4277 2469 4357 Colocen-

221 4432 390 4506 sem,
428 4411 579 4510 ipsi
618 4410 1264 4510 Archi-Episcopo
1304 4433 1440 4509 per
1481 4407 1740 4483 eadem
1796 4408 2081 4506 scripta
2117 4405 2470 4483 mandan-

221 4542 353 4627 tes,
413 4543 775 4632 quatenus
807 4537 887 4612 'te
927 4544 1000 4611 et
1037 4534 1448 4634 praefatam
1511 4532 1929 4607 Ecclesiam
1987 4532 2162 4606 dicti
2214 4530 2469 4606 Archi-
