3293 5219
2350 365 2500 442 511

283 576 791 680 querimonias,
855 606 1015 658 cum
1068 576 1466 681 imperator
1505 578 1802 680 equitat,
1845 580 1940 658 ad
1995 607 2157 658 eum
2204 584 2504 659 'deferre
2554 645 2561 654 .

286 710 596 803 volunt),
634 733 718 785 se
757 712 916 806 ejus
952 708 1061 784 rei
1098 709 1489 785 vindictam
1528 718 1946 793 sumturum,
1964 716 2276 786 testatus
2313 717 2449 785 est.

502 835 737 912 Porro
812 859 1073 912 caesar
1145 837 1478 913 instituto
1544 844 1853 937 paterno
1912 838 2001 912 de
2076 859 2506 912 successore

284 962 614 1059 cogitare
653 964 914 1062 coepit,
957 985 1116 1038 cum
1151 962 1373 1062 paulo
1432 971 1603 1040 ante
1642 965 1826 1040 duos
1873 963 2066 1040 filios
2105 989 2198 1039 ex
2227 963 2507 1062 'Hispa-

284 1089 408 1165 nia
446 1098 896 1183 revocasset,
937 1099 1012 1165 et
1039 1089 1219 1164 duos
1277 1092 1466 1168 alios
1506 1115 1593 1166 eo
1649 1092 1995 1168 misisset.
2054 1089 2509 1167 Conventum

284 1236 463 1311 ergo
515 1214 913 1292 Posonium
968 1214 1248 1309 indixit,
1319 1217 1396 1291 in
1456 1239 1595 1314 quo
1651 1213 1879 1292 filium
1950 1216 2511 1316 primogenitum

283 1339 758 1440 Rudolphum
797 1341 1211 1438 eligendum
1250 1343 1325 1415 in
1362 1367 1614 1439 regem
1655 1351 1876 1418 curat.
1918 1342 2065 1420 Per
2104 1343 2274 1418 novi
2308 1344 2510 1438 regis

281 1468 724 1545 creationem
762 1468 932 1543 freti
972 1469 1265 1544 ordines
1302 1472 1513 1568 regni
1571 1494 1709 1569 pro
1766 1469 2139 1569 Stephano
2198 1471 2514 1546 Dobone

283 1601 357 1668 et
395 1594 449 1671 J
452 1593 733 1671 ohanne
777 1595 1099 1670 Balassa
1136 1597 1331 1695 apud
1369 1621 1530 1672 eum
1567 1598 2159 1692 intercesserunt,
2199 1617 2503 1695 cumque

283 1721 358 1793 in
394 1721 758 1819 principio
815 1722 911 1797 ab
967 1722 1276 1797 notabili
1336 1725 1723 1799 clementia
1779 1724 2152 1823 auspicari
2207 1744 2511 1818 regnum

283 1849 629 1945 placeret,
672 1847 967 1922 Doboni
1006 1849 1321 1944 gratiam
1361 1875 1407 1924 a
1460 1859 1673 1948 parte
1712 1851 2149 1948 impetravit,
2188 1849 2241 1925 J
2245 1848 2513 1922 ohanni

285 1981 527 2049 autem
563 1971 946 2063 Balassae,
990 1975 1055 2048 si
1111 1998 1359 2050 coram
1416 1977 1612 2074 patri
1669 1977 2177 2068 satisfaceret,
2235 1974 2514 2072 recepit

285 2101 466 2191 fore,
504 2107 584 2174 ut
617 2107 831 2198 pater
869 2101 937 2175 ei
975 2122 1265 2199 quoque
1305 2103 1621 2199 gratiam
1670 2105 1982 2198 faceret3
2021 2103 2086 2177 is
2125 2101 2315 2176 enim
2349 2123 2512 2197 per-

281 2226 523 2301 forato
561 2250 763 2301 muro
805 2229 1017 2322 arcis,
1042 2252 1132 2302 ac
1152 2229 1480 2328 deceptis
1522 2231 1948 2308 custodibus
1989 2237 2212 2306 antea
2250 2250 2504 2302 evase-

287 2362 425 2430 rat.
463 2351 613 2428 Sed
648 2355 867 2432 Dobo
908 2377 1051 2430 non
1090 2356 1212 2432 diu
1231 2357 1580 2432 libertate
1600 2360 1921 2434 laetatus
1961 2365 2096 2451 est,
2120 2381 2279 2431 cum
2317 2356 2512 2428 intra

288 2503 564 2578 paucos
612 2482 769 2557 dies
809 2483 1214 2559 exstinctus
1274 2485 1390 2558 sit.
1448 2485 1502 2561 J
1506 2485 1837 2561 ohannes
1894 2493 2137 2563 autem
2195 2483 2515 2559 Balassa

291 2606 652 2684 Viennam
694 2609 1069 2708 profectus
1126 2613 1297 2686 novi
1355 2613 1558 2708 regis
1614 2615 2048 2689 auctoritate
2086 2613 2161 2686 in
2199 2608 2513 2707 gratiam

287 2742 627 2832 receptus
666 2742 804 2811 est.
846 2737 935 2809 In
955 2735 1212 2811 eodem
1233 2746 1613 2831 conventu,
1656 2741 2014 2815 electione
2051 2735 2513 2838 praehabita,

289 2861 383 2935 ad
421 2861 915 2938 coronationis
938 2861 1445 2938 celebritatem
1471 2865 1659 2940 alius
1682 2875 2081 2942 conventus
2103 2867 2177 2939 in
2197 2882 2515 2938 mensem

292 2988 706 3085 Augustum
730 2989 1069 3064 decretus
1091 2997 1224 3084 est,
1240 2989 1362 3088 qui
1383 2991 1701 3066 celebris
1731 2994 2032 3091 fuit,pro
2052 2991 2260 3088 regni
2278 2985 2517 3063 condi-

284 3116 501 3210 tione,
527 3118 806 3192 duobus
845 3116 1169 3192 millibus
1211 3126 1285 3193 et
1323 3119 1742 3215 quingentis
1783 3121 2149 3218 equitibus
2191 3115 2516 3212 ungaris,

301 3243 628 3320 evocatis
684 3266 829 3319 non
883 3243 1099 3319 modo
1154 3267 1540 3341 procerum
1596 3246 1949 3348 reliquiis,
2004 3252 2352 3340 tanquam
2426 3263 2517 3314 ex

295 3370 706 3466 naufragio,
766 3369 899 3444 sed
937 3371 1109 3445 aliis
1166 3370 1386 3446 etiam
1442 3370 1849 3465 potioribus
1905 3395 1996 3445 ex
2053 3369 2517 3445 confiniorum

291 3497 704 3594 praesidiis.
744 3497 1004 3572 Habiti
1043 3505 1212 3572 sunt
1264 3504 1570 3597 peracta
1608 3499 2078 3572 coronatione
2116 3495 2267 3570 ludi
2305 3516 2518 3591 eque-

289 3631 504 3718 stres,
544 3633 615 3699 et
649 3647 833 3699 unus
870 3625 1061 3700 inter
1101 3626 1287 3701 alios
1344 3626 1539 3702 arcis
1594 3626 1892 3722 ligneae
1949 3621 2515 3724 oppugnatio*),

407 4018 469 4089 1ὓ)
493 4018 757 4092 Forgach
774 4016 831 4074 S.
850 4019 1121 4090 jegyzete
1146 4039 1159 4073 :
1186 4017 1330 4073 Nem
1351 4017 1469 4074 volt
1496 4017 1643 4073 ebbe
1672 4017 1886 4086 semmi3
1912 4022 2054 4071 mett
2079 4034 2147 4071 az
2173 4015 2352 4073 vdrba
2376 4014 2516 4072 csak

295 4107 488 4168 nemet
524 4112 645 4170 volt
669 4129 683 4179 ς
720 4112 894 4182 lovag
918 4111 1129 4182 gyalog
1155 4109 1331 4165 talam
1363 4110 1575 4177 volt503
1613 4109 1824 4164 faltoro'
1850 4108 2023 4178 algyu
2048 4125 2240 4178 ugyan
2267 4107 2516 4163 bizoniai

292 4220 363 4258 az
389 4201 734 4272 sanezokba,
760 4199 961 4256 kikkel
1010 4200 1189 4256 hozza.
1212 4200 1572 4266 lovedeztek,
1622 4202 1690 4255 de
1716 4198 2149 4269 fagolyobissal,
2173 4197 2336 4252 kiket
2361 4199 2513 4253 mind

292 4312 362 4349 az
387 4293 490 4352 var
518 4293 690 4348 felett
715 4291 1050 4361 bocsdttak3
1077 4291 1231 4347 belo'l
1258 4292 1305 4347 is
1332 4293 1434 4346 sok
1462 4291 1678 4362 algyuk
1723 4289 2033 4358 allasokon,
2061 4288 2280 4344 mintha
2304 4286 2514 4360 hegye·

291 4383 404 4440 ken
431 4384 632 4441 voltak
654 4384 842 4450 volna,
868 4381 1067 4438 kikkel
1094 4400 1163 4437 az
1190 4379 1506 4437 sdnezokra
1556 4379 1913 4438 lovedeztek.
1936 4377 2024 4433 Az
2051 4377 2252 4435 varbol
2275 4377 2334 4431 ki
2359 4378 2488 4435 love

291 4471 519 4540 deztek‚
550 4473 654 4527 sok
680 4471 970 4543 puskasok
1007 4470 1170 4538 kiviss
1198 4470 1368 4538 belffl,
1394 4469 1495 4524 kik
1541 4470 1880 4541 egymashoz
1903 4468 2258 4526 lovedeztek.
2284 4470 2362 4522 Az
2389 4468 2513 4524 var-

294 4562 387 4617 hol
414 4564 722 4634 kiutottek3
744 4560 904 4618 innet
926 4563 1081 4619 kivul
1108 4561 1306 4633 reajok
1327 4561 1651 4626 mentenck,
1666 4561 1943 4632 kopjakat
1965 4557 2512 4624 tiirtenek‚harczol-

291 4651 393 4704 tak
410 4654 820 4726 lovaggyalog‚
838 4671 905 4709 az
934 4651 1271 4724 dlgyultives
1297 4652 1618 4709 szftmtalan
1633 4654 1768 4724 volt,
1782 4651 1957 4723 vegre
1979 4649 2435 4721 megostromlak‚
2452 4647 2512 4703 es
