3293 5219
790 272 943 349 150

763 491 967 565 *bant
1002 491 1194 565 enim
1233 485 1509 565 auxilia
1563 511 1935 586 nunquam
1972 487 2308 576 affutura,
2347 492 2422 561 et
2457 484 3035 584 perseverantia

785 617 1199 693 obsidionis
1242 639 1494 692 omnes
1536 636 1751 688 arces
1788 636 2013 711 posse
2053 613 2239 708 capi.

1004 740 1155 817 Sed
1193 742 1414 818 etiam
1451 740 1971 816 Ferdinandus
2009 740 2250 837 magis
2289 740 2616 837 optabat,
2651 748 2736 815 ut
2773 740 2870 814 ab
2914 740 3048 813 im-

785 869 1179 967 plicatione
1198 868 1379 943 belli
1401 868 1729 963 majoris,
1768 868 1843 944 in
1882 874 2241 943 aestatem
2277 866 2786 965 insequentem
2843 866 3050 942 liber

782 997 1012 1073 fieret.
1070 997 1264 1073 Nam
1320 996 1770 1071 Franciscus
1826 995 1988 1094 Zay
2046 1002 2120 1070 et
2179 993 2539 1071 Antonius
2616 995 3047 1070 Verancius

783 1133 1119 1201 oratores
1149 1125 1622 1223 scripserant,
1644 1148 1901 1222 pacem
1939 1124 2239 1215 nullam,
2259 1146 2351 1198 ne
2373 1121 2663 1220 quidem
2682 1121 3034 1197 inducias

788 1276 1013 1351 posse
1052 1253 1409 1344 obtineri,
1450 1253 1591 1327 nisi
1627 1253 1981 1327 universa
2038 1251 2216 1325 ditio
2254 1251 2307 1328 J
2312 1250 2622 1326 ohannis
2659 1249 3047 1324 reddatur.

789 1379 1027 1475 Igitur
1075 1378 1171 1452 ad
1226 1378 1614 1453 Dobonem
1653 1378 1944 1453 litteras
2005 1376 2152 1470 dat,
2190 1384 2271 1452 ut
2308 1377 2567 1473 aequis
2606 1375 3050 1451 conditioni-

789 1507 925 1581 bus
956 1505 1232 1602 judicio
1273 1528 1406 1580 suo
1461 1505 1845 1602 permissis
1903 1528 2146 1579 arcem
2207 1504 2447 1579 dedat.
2506 1501 2624 1577 Ad
2701 1500 3051 1601 Solyma-

787 1655 956 1706 num
1012 1654 1301 1728 quoque
1374 1632 1739 1725 rescribit,
1815 1655 1896 1707 se
1970 1631 2256 1725 fecisse„
2294 1632 2371 1705 111
2430 1632 2747 1727 gratiam
2805 1653 3048 1720 suam,

788 1756 982 1854 quod
1020 1752 1111 1832 de
1147 1743 1526 1834 reddenda
1581 1758 2151 1842 Transsilvania
2203 1758 2355 1833 filio
2409 1757 2612 1852 regis
2667 1757 2720 1834 J
2725 1756 3052 1831 ohannis

786 1883 1079 1982 optarit,
1153 1906 1295 1981 quo
1333 1886 1573 1980 magis
1629 1911 1780 1985 pax
1834 1893 1961 1962 aut
2016 1886 2280 1960 saltem
2315 1883 2649 1959 induciae
2686 1883 2881 1957 inter
2961 1905 3049 1957 se

789 2017 1035 2086 mutuo
1093 2021 1555 2088 constarent:
1597 2037 1688 2088 ac
1751 2016 1909 2109 jam
1966 2012 2421 2087 commisisse
2477 2009 2908 2108 praefectis,
2968 2017 3050 2085 ut

791 2138 1167 2232 praesidia
1186 2138 1570 2215 deducant.
1610 2139 1960 2216 Attamen
1992 2139 2400 2214 necessitas
2438 2138 2515 2212 id
2552 2137 3048 2234 exprimebat,

788 2262 1170 2361 dissipatis
1210 2288 1299 2339 ac
1336 2265 1752 2363 profligatis
1811 2266 2062 2362 copiis.
2119 2267 2338 2341 Dobo
2394 2289 2595 2355 vero,
2636 2264 2760 2362 qui
2798 2287 3048 2361 neque

786 2396 1181 2467 veteranos
1231 2393 1500 2468 milites
1539 2394 1854 2479 retinuit,
1897 2402 1969 2468 et
2006 2416 2100 2467 ne
2134 2394 2520 2493 pecuniam
2558 2392 3047 2490 impenderet,

787 2516 1110 2591 remedia
1131 2517 1203 2591 in
1229 2525 1556 2618 tempore
1588 2521 1798 2596 nulla
1817 2522 2223 2621 prospexit,
2248 2544 2409 2596 cum
2445 2518 2841 2618 potuisset3
2865 2541 3046 2593 nam

792 2643 913 2717 diu
951 2666 1189 2740 neque
1220 2655 1515 2722 secreto
1556 2642 1973 2745 agebantur
1991 2672 2101 2741 ea,
2124 2670 2311 2746 quae
2335 2654 2600 2746 postea
2637 2654 2808 2722 acta
2846 2654 3044 2739 sunt,

788 2776 862 2842 et
899 2792 1177 2864 guarus
1200 2780 1361 2847 erat
1397 2774 1558 2873 ipse
1579 2776 1915 2867 omnium,
1954 2784 2030 2850 et
2063 2774 2611 2850 Ferdinandum
2650 2774 3046 2850 certiorem

792 2894 1117 2969 faciebat
1138 2921 1155 2991 3
1175 2920 1484 2975 necesse
1499 2901 1638 2989 fuit
1659 2924 1906 2976 arcem
1922 2924 2083 2976 cum
2102 2900 2469 2976 deditione
2491 2923 2583 2975 ac
2604 2899 3038 2975 conditioni-

785 3020 923 3094 bus
944 3021 1258 3115 tradere,
1300 3031 1379 3098 ut
1413 3026 1575 3123 ipse
1616 3035 1692 3102 et
1723 3049 1983 3102 ⁴omnes
2019 3025 2493 3125 praesidiarii
2530 3048 2693 3101 cum
2729 3025 2885 3100 suis
2925 3048 3040 3100 re-

787 3145 925 3258 bus
983 3150 1316 3225 omnibus
1410 3154 1601 3228 salvi
1641 3154 1850 3231 abire
1885 3154 2519 3251 permitterentur3
2560 3175 2752 3250 quae
2787 3160 3040 3229 tamen

791 3294 929 3345 nec
967 3295 1103 3355 sua
1159 3286 1430 3371 essent,
1487 3288 1560 3356 et
1614 3289 1785 3357 ante
1839 3281 2298 3357 obsidionem
2352 3280 2450 3354 111Ἰ
2485 3303 2658 3356 8188
2692 3278 3034 3371 fuissent,

789 3399 988 3474 nulla
1045 3402 1335 3478 omnino
1389 3405 1465 3479 in
1504 3416 1718 3506 parte
1754 3409 2120 3505 attingere
2175 3408 2568 3503 deberent;
2609 3408 2699 3483 de
2756 3405 3025 3503 quibus

791 3521 1060 3639 Petrus
1102 3527 1584 3625 Petrovicius,
1626 3542 1702 3610 et
1754 3535 2114 3611 Melchior
2170 3535 2493 3610 Balassa
2530 3534 2676 3609 fide
2712 3557 2846 3631 per
2911 3532 3022 3617 dj-

783 3650 1029 3744 ploma
1068 3666 1355 3748 cavent.
1397 3658 1547 3735 Sed
1582 3662 1844 3758 regina
1879 3663 1956 3738 id
1994 3686 2223 3760 aegre
2261 3662 2425 3738 tulit
2465 3685 2654 3760 quae
2683 3664 2840 3759 jam
2883 3658 3018 3737 Co-

782 3775 896 3849 108
910 3778 1147 3853 varini
1185 3791 1346 3860 8181
1366 3780 1475 3883 *);
1513 3786 1816 3886 insuper
1858 3785 2174 3864 Gabriel
2213 3786 2531 3887 Pereny,
2571 3786 2778 3863 Petri
2816 3787 3017 3863 illius

801 3900 1018 3996 filius,
1076 3914 1149 3981 et
1185 3907 1630 3989 Franciscus
1686 3916 1966 4014 Kendy
2019 3917 2358 4014 reginam
2401 3917 2911 4008 incendebant,
2954 3922 3026 3990 et

800 4050 892 4101 nc
1003 4032 1484 4115 dimitteretur
1575 4045 2096 4132 consulebant3
2173 4044 2269 4120 ad
2374 4045 2562 4120 11888
2635 4068 2682 4119 8
2717 4043 3019 4120 1101111111-

801 4220 1073 4230 ——ae-—o—

961 4269 1021 4339 ἐ)
1060 4269 1305 4327 181νεί1111
1340 4275 1654 4348 Jegyzete:
1683 4276 1809 4333 Nisi
1850 4277 2143 4334 Isabellae
2187 4276 2448 4351 partibus
2501 4276 2779 4335 Melchior
2805 4276 3017 4349 Balasy

784 4377 849 4417 ue
877 4363 1280 4434 conjunxisset,
1307 4365 1407 4419 illa
1434 4384 1721 4438 nunquam
1765 4369 1824 4423 in
1863 4368 2363 4428 Transsilvaniam
2399 4370 2626 4442 ingredi
2669 4370 3009 4441 potuissset3

785 4451 888 4506 ned
945 4452 1042 4509 ille
1079 4453 1168 4506 vir
1206 4454 1468 4511 militaris
1521 4459 1723 4514 ceteris
1777 4474 1839 4514 88
1865 4459 2060 4515 ducem
2111 4466 2170 4516 et
2217 4460 2659 4534 antesignanum
2705 4461 2915 4518 obtulit
2959 4468 3014 4519 et

787 4541 949 4598 illm
974 4542 1309 4601 introduxit.
