3293 5219
729 322 889 399 490

733 563 1009 615 morum
1058 516 1577 635 vincebantur,
1655 539 2014 637 siquidem
2090 561 2223 614 sex
2281 541 2572 616 navium
2648 542 2988 639 ingentia

728 668 1023 759 robora,
1114 673 1460 763 tanquam
1554 665 1887 757 castella,
1966 672 2038 740 et
2093 665 2402 763 primum
2459 664 2780 742 hostium
2857 670 2985 742 im-

728 798 1016 890 petum,
1110 794 1441 890 procella
1505 792 1891 866 innumera
1945 792 2261 888 pilarum
2340 792 2574 867 omnis
2651 794 2981 891 generis,

731 942 875 993 non
916 924 1364 1015 exceperant
1403 917 1638 1009 modo
1700 918 1834 993 sed
1873 918 2095 992 etiam
2135 916 2640 1008 contuderant,
2681 927 2759 994 et
2789 919 2982 994 ordi·

728 1066 863 1118 nes
928 1045 1223 1119 solvere
1262 1053 1682 1139 co'e’gerant.
1742 1045 2042 1118 Etcum
2101 1042 2192 1117 de
2247 1064 2526 1117 summo
2583 1045 2770 1136 loce,
2829 1055 2983 1121 tum

730 1171 825 1244 ab
880 1193 1124 1267 prora,
1164 1171 1256 1244 ab
1295 1170 1541 1267 puppi,
1600 1171 1694 1243 ab
1735 1168 2114 1261 lateribus,
2189 1167 2442 1242 eodem
2518 1178 2851 1268 tempore
2907 1171 2986 1245 in

729 1296 1105 1391 subjectos
1145 1294 1569 1383 saeviendo,
1629 1303 1830 1370 certo
1889 1318 1977 1368 ac
2042 1293 2407 1372 destinato
2445 1295 2617 1385 ictu,
2670 1295 2981 1392 fragore

729 1422 1033 1517 ingenti,
1072 1420 1561 1519 trepidatione
1609 1444 1909 1514 summa,
1970 1429 2190 1518 atque
2247 1420 2662 1496 indubitato
2724 1423 2981 1513 exitio,

731 1570 947 1644 quam
1004 1547 1571 1645 percussissent,
1631 1547 1991 1646 plurimas
2049 1547 2533 1644 quassabant,
2574 1555 2796 1645 atque
2858 1548 2983 1622 de-

720 1669 1163 1771 primebant.
1211 1670 1440 1747 Arma
1514 1697 1736 1771 porro
1799 1673 2040 1749 armis
2091 1672 2381 1746 minime
2456 1673 2980 1770 comparanda.

728 1799 871 1871 His
913 1798 1101 1871 enim
1177 1799 1521 1873 thoraces
1576 1799 1823 1888 ferrei,
1917 1797 2252 1895 plerique
2330 1800 2831 1896 sclopetorum
2868 1798 2978 1897 pi-

727 1924 844 1998 las
888 1932 1348 2023 spernentes,
1388 1924 1539 1999 illis
1581 1933 1861 2001 scutum
1886 1926 2318 2017 coriaceum,
2342 1947 2580 2019 arcus,
2604 1934 2678 2000 et
2715 1927 2981 2021 paucis

727 2050 1105 2145 sclopeta3
1145 2057 1294 2123 tum
1332 2051 1620 2125 incurvi
1660 2072 1902 2143 enses,
1927 2051 1994 2125 si
2017 2050 2515 2143 vulnerarent,
2537 2075 2682 2126 non
2721 2058 2981 2127 tamen

729 2174 1232 2271 conficiebant3
1253 2183 1328 2250 at
1371 2176 1685 2274 spathae
1706 2185 1785 2251 ut
1806 2157 2168 2274 quemque
2190 2176 2980 2274 transfigebantjnter-

725 2300 1117 2398 ficiebant;
1163 2308 1243 2376 ut
1279 2302 1502 2378 facile
1543 2310 1957 2400 appareret,
1981 2305 2150 2400 plus
2187 2303 2264 2377 in
2301 2304 2528 2378 armis
2566 2309 2643 2392 et
2680 2303 2979 2395 virtute,

726 2451 943 2524 quam
998 2427 1074 2501 in
1128 2428 1585 2505 multitudine
1642 2428 1895 2504 auxilii
1951 2451 2140 2504 esse.
2199 2430 2288 2505 In
2345 2452 2626 2503 summo
2682 2452 2984 2527 pugnae

723 2554 988 2629 ardore
1051 2552 1471 2630 nunciatum
1530 2554 1834 2631 Austrio
1886 2557 1980 2630 ab
2039 2579 2263 2653 prora
2341 2555 2436 2630 ad
2472 2555 2774 2654 puppim
2839 2562 2982 2644 est,

723 2678 1175 2777 praetoriam
1214 2680 1501 2756 Pertaff
1534 2681 1809 2755 bassae
1831 2676 1898 2779 ²⁸)
1920 2689 2441 2779 expugnatam,
2493 2689 2567 2755 et
2593 2683 2754 2777 jam
2792 2681 2981 2756 mili-

723 2812 838 2877 tes
891 2803 1236 2896 intrasse,
1296 2805 1755 2903 mediamque
1810 2805 2124 2881 hostium
2184 2806 2416 2881 aciem
2471 2806 2978 2899 inclinavisse3

721 2929 897 3002 item
969 2929 1210 3004 victas
1259 2933 1415 3027 jam
1474 2932 1757 3029 aliquot
1795 2956 2051 3027 naves,
2090 2941 2164 3009 et
2219 2932 2412 3008 vinci
2470 2933 2681 3008 alias.
2759 2931 2980 3008 Illico

724 3050 1073 3130 Austrius
1094 3055 1478 3133 victoriam
1517 3059 1720 3134 clara
1743 3083 1920 3135 voce
1942 3060 2340 3136 inclamare
2369 3059 2605 3155 jubet,
2644 3067 2718 3135 et
2755 3058 2980 3134 simul

722 3181 1102 3276 praetoria
1158 3182 1452 3259 hostilis
1510 3186 1582 3258 in
1638 3194 2083 3283 potestatem
2161 3186 2466 3262 redacta
2524 3192 2658 3260 est.
2720 3185 2977 3283 Rupta

723 3305 966 3380 media
1027 3308 1223 3400 acie,
1302 3333 1444 3405 qua
1512 3319 1725 3408 parte
1781 3312 2098 3386 maxime
2154 3313 2542 3403 laborare,
2598 3319 2672 3385 et
2747 3312 2980 3386 multo

724 3430 1083 3525 majorem
1140 3433 1459 3508 hostium
1499 3458 1870 3511 numerum
1928 3435 2151 3527 videt,
2203 3438 2296 3511 ad
2354 3437 2689 3512 dextrum
2747 3457 2980 3512 cornu

724 3578 883 3628 cum
923 3556 1150 3631 sociis
1192 3557 1475 3633 duobus
1514 3561 2085 3659 imperatoribus
2151 3561 2432 3648 flectit3
2489 3570 2570 3636 ut
2609 3584 2983 3658 quamque

725 3679 1137 3775 offendunt,
1214 3691 1341 3759 aut
1420 3696 1819 3782 quassant,
1879 3695 2005 3763 aut
2081 3696 2425 3785 mergunt
2483 3717 2498 3763 :
2576 3687 2980 3762 nonnullae

721 3828 899 3879 vero
972 3813 1124 3882 tam
1201 3808 1562 3885 sociorum
1640 3811 1873 3903 clade,
1945 3835 2170 3909 quam
2224 3836 2357 3887 suo
2424 3814 2752 3910 periculo
2829 3821 2978 3887 ter-

722 3929 945 4024 ritae,
1019 3935 1394 4011 remittere
1487 3938 1891 4035 praelium,
1987 3948 2245 4015 contra
2337 3940 2572 4016 nostri
2664 3940 2978 4030 instare,

723 4062 795 4129 et
853 4060 1081 4134 semel
1138 4061 1433 4137 laxatas
1508 4063 1825 4146 vincere,
1901 4088 2188 4163 capere,
2280 4087 2638 4161 mergere.
2731 4064 2820 4140 In
2878 4068 2977 4140 si-

719 4180 954 4257 nistro
994 4207 1217 4262 cornu
1274 4199 1690 4287 exaequato
1747 4190 2029 4287 praelio
2089 4192 2404 4266 omnium
2461 4191 2702 4266 adhuc
2758 4216 2975 4267 acer-

720 4305 907 4382 rima
981 4321 1141 4387 erat
1193 4338 1465 4412 pugna.
1543 4316 1696 4394 Sed
1737 4320 2029 4394 Turcae
2087 4326 2571 4418 posteaquam
2649 4320 2971 4394 mediam

936 4591 994 4660 ἰι)
1024 4593 1263 4647 Istvanfi
1283 4597 1591 4666 jegyzete:
1622 4599 1739 4668 Aly
1778 4599 2009 4656 bassae.
