3293 5219
2308 290 2460 372 159

233 516 370 596 ctio
405 525 704 618 praeter
742 514 1000 593 ducum
1036 515 1419 616 portiones
1460 537 1549 590 ac
1582 535 1886 591 munera
1922 515 2032 591 eis
2080 537 2457 610 concessa,

229 643 925 746 quadragies'millia
940 641 1381 720 florenorum
1404 642 1795 719 constituit.
1850 641 2127 720 Postea
2166 640 2462 719 Sacma-

229 775 406 850 rium
463 772 947 849 obsidendum
1039 771 1261 864 venit,
1337 769 1531 869 quod
1585 767 2005 869 Stephanus
2060 769 2318 845 Batori
2372 770 2462 845 de

229 898 499 977 Somlio
555 898 1033 993 defendebat3
1088 899 1223 974 sed
1313 899 1535 974 etiam
1590 898 1954 974 Melchior
2010 897 2353 992 Balassa,
2390 904 2465 973 et

229 1026 669 1103 Franciscus
745 1025 996 1102 Bebec
1067 1024 1450 1124 suppetias
1524 1047 1687 1100 cum
1761 1024 2093 1101 exercitu
2148 1023 2461 1100 advene-

230 1163 408 1249 runt,
451 1162 531 1230 et
600 1152 980 1229 tormentis
1036 1160 1316 1229 tantum
1384 1152 1716 1250 utrisque
1789 1153 2242 1229 certantibus
2300 1176 2463 1228 cae·

227 1280 501 1357 sariani
538 1302 899 1357 succenso
920 1279 1082 1355 vico
1123 1281 1486 1373 Nemetio,
1509 1281 1634 1377 qui
1670 1278 1966 1356 flumine
1989 1276 2326 1358 Samusio
2366 1281 2462 1357 ab

229 1405 606 1484 Sacmario
683 1407 1175 1505 distingvitur,
1250 1408 1710 1483 abscessere.
1805 1408 2121 1483 Brumae
2177 1416 2464 1507 tempus

232 1560 385 1614 cum
429 1537 594 1634 jam
650 1536 979 1628 instaret,
1038 1542 1113 1610 et
1167 1535 1537 1611 exercitus
1583 1557 1719 1631 per
1758 1530 2172 1609 Samusium
2225 1541 2462 1609 trans·

228 1665 406 1740 mitti
467 1663 914 1762 aliquamdiu
970 1688 1117 1740 non
1153 1664 1537 1762 potuisset,
1593 1662 1980 1758 trigesima
2034 1661 2253 1738 tertia
2317 1662 2464 1739 De-

228 1791 546 1866 cembris
600 1790 896 1866 tandem
944 1791 1185 1887 glacie
1259 1790 1648 1867 transitum
1706 1791 2130 1888 praebente,
2188 1790 2465 1864 Trans-

229 1916 495 1992 silvani
549 1916 646 1991 ad
682 1918 997 1993 Zeoleos
1050 1916 1625 2015 recuperandum
1683 1911 2261 2015 proficiscuntur.
2313 1915 2464 1990 An-

230 2043 474 2119 tonius
512 2050 758 2118 autem
830 2041 1068 2117 Zekel
1122 2044 1399 2120 tamdiu
1438 2043 2062 2143 oppugnationem
2100 2042 2463 2135 sustinuit,

231 2169 457 2246 donec
511 2170 893 2245 Emericus
958 2169 1406 2246 Telekesius
1467 2194 1627 2246 cum
1700 2169 1970 2245 auxilio
2020 2170 2461 2269 supervenit.

228 2298 338 2373 Ibi
372 2294 705 2373 Balassa
741 2297 1030 2372 etiamsi
1103 2298 1430 2374 exercitu
1503 2304 1576 2373 et
1609 2297 1834 2372 rebus
1875 2297 2206 2373 omnibus
2243 2298 2465 2392 longe

229 2425 563 2523 superior
601 2432 820 2517 esset,
857 2434 1102 2501 tamen
1141 2427 1366 2501 armis
1423 2423 1793 2517 abstinuit,
1870 2431 1944 2499 et
1979 2423 2171 2499 datis
2209 2446 2465 2522 accep·

227 2550 467 2652 tisque
505 2552 889 2629 obsidibus
924 2576 1059 2653 per
1097 2553 1549 2630 conditiones
1588 2551 1971 2648 transegit,
1992 2552 2101 2627 uti
2137 2552 2460 2628 dimissis

230 2679 925 2777 propugnatoribus,
1016 2689 1091 2754 et
1164 2682 1393 2756 salvis
1469 2704 1718 2757 eorum
1792 2678 2016 2753 rebus
2110 2680 2464 2773 omnibus,

230 2806 611 2880 castellum
668 2805 1242 2882 exscinderetur.
1340 2805 1548 2898 Quae
1605 2829 1728 2880 res
1786 2804 2189 2880 Isabellam
2246 2806 2463 2880 vehe-

230 2939 509 3007 menter
566 2932 884 3007 offendit.
944 2935 1032 3008 In
1088 2957 1178 3009 ea
1233 2934 1781 3032 oppugnatione
1841 2933 2219 3031 Georgius
2278 2932 2463 3008 Tar-

231 3078 412 3156 czay
447 3058 955 3134 nobilissimae
973 3059 1322 3153 familiae,
1381 3084 1472 3134 ex
1527 3059 1723 3157 pilae
1781 3061 2088 3160 sclopeti
2143 3060 2465 3148 vulnere,

234 3192 303 3258 et
335 3184 591 3279 vitam,
633 3194 708 3260 et
778 3209 1032 3282 genus,
1074 3187 1195 3285 qui
1249 3209 1436 3261 unus
1491 3186 1695 3282 genti
1732 3209 1908 3265 suae
1949 3194 2351 3284 supererat,
2390 3187 2467 3260 fi-

230 3311 430 3385 nivit.
506 3311 655 3386 Per
729 3314 1036 3388 eandem
1112 3313 1422 3388 hiemem
1497 3321 1902 3390 conventus
1973 3314 2309 3413 publicus
2369 3313 2465 3387 ab

232 3435 560 3513 Isabella
598 3439 858 3535 regina
897 3446 1012 3515 est
1051 3448 1280 3529 actus,
1318 3440 1557 3537 inquo
1596 3448 1894 3538 praeter
1942 3447 2189 3515 cetera
2263 3440 2467 3535 lega-

229 3570 342 3639 tus
418 3564 516 3639 ad
606 3565 1007 3643 Henricum
1104 3567 1205 3642 II.
1266 3564 1680 3643 Galliarum
1769 3591 2040 3663 regem,
2135 3562 2464 3641 Christo-

231 3688 506 3786 phorus
582 3692 863 3791 Batory
955 3693 1045 3768 de
1102 3691 1376 3770 Somlio
1416 3692 1757 3790 gallicae,
1830 3694 2146 3783 italicae,
2217 3692 2466 3794 hispa-

237 3817 449 3893 nicae
486 3817 904 3914 lingvarum
943 3843 1240 3917 gnarus,
1299 3827 1416 3895 est
1454 3821 1866 3916 ablegatus.
1907 3819 2060 3896 lter
2096 3844 2230 3919 per
2269 3820 2465 3895 Tau·

235 3964 507 4029 runum,
528 3944 943 4041 Bossinam,
983 3971 1071 4022 ac
1089 3947 1489 4045 Ragusam,
1516 3945 1683 4021 hinc
1702 3947 2063 4022 Venetias
2094 3971 2229 4046 per
2264 3970 2466 4024 mare

238 4066 428 4145 fecit.
504 4070 776 4147 Veneti
813 4073 1006 4148 intra
1075 4072 1474 4150 Grisonum
1514 4074 1858 4149 ditionem
1897 4075 2310 4150 comitivam
2347 4077 2469 4152 ad·

234 4195 675 4292 junxerant,
713 4208 977 4295 postea
1031 4224 1167 4299 per
1238 4199 1662 4279 Helvetiam
1738 4201 1812 4273 in
1854 4199 2179 4276 Galliam
2245 4201 2467 4279 venit.

240 4315 469 4419 Cujus
526 4324 925 4421 legationis
965 4349 1210 4419 causa,
1287 4336 1361 4403 et
1414 4328 1622 4424 origo
1683 4328 1868 4403 haec
1924 4327 2096 4403 fuit:
2136 4329 2466 4425 Legatus

244 4441 657 4526 Galliarum
677 4452 883 4549 regis
931 4453 1128 4553 apud
1152 4450 1628 4552 Solymanum
1667 4455 1958 4529 nomine
2020 4456 2325 4531 Monsnr
2380 4455 2471 4531 de

236 4569 563 4651 Aramon
619 4578 931 4676 aliquos
1005 4578 1367 4679 primores
1435 4581 1809 4657 admonuit
1882 4581 1972 4657 de
2048 4583 2470 4680 quaerenda
