3293 5219
2239 308 2490 373 LXXV

246 500 369 576 illa
405 488 708 591 sit,'sed
741 500 818 575 iu
857 500 1020 576 eius
1059 499 1463 591 voluntate,
1504 496 1628 594 qui
1683 494 2116 572 beneficium
2154 492 2374 590 facit3
2411 500 2493 569 ut

246 625 313 699 in
350 627 501 700 levi
539 649 841 702 munere
880 648 1109 723 saepe
1146 625 1392 720 gratia
1430 647 1755 722 summa3
1795 629 1870 702 in
1921 632 2242 708 maximo
2297 621 2488 698 levis

241 751 504 845 gratia,
542 751 743 827 haud
799 773 974 827 raro
1033 750 1337 826 offensio
1398 751 1622 825 etiam
1660 761 1929 829 exstet.
1985 758 2075 832 Id
2111 766 2263 835 tum
2303 752 2492 829 acci-

242 878 341 954 dit
377 897 541 955 cum
581 903 630 954 a
668 884 1083 971 cunctante,
1123 886 1197 953 et
1253 878 1826 973 tergiversante,
1867 883 2084 979 quasi
2123 885 2220 959 ab
2259 878 2489 958 invito

240 1006 668 1080 beneficium
724 1011 1223 1100 extorquetur,
1283 1011 1358 1079 et
1415 1004 1538 1100 qui
1595 1028 1759 1081 cum
1805 1008 1990 1084 facit
2044 1009 2384 1106 benigue,
2423 1004 2492 1079 si

239 1132 306 1205 id
341 1132 560 1208 modo
620 1140 734 1207 est
789 1133 1111 1226 benigne
1169 1132 1440 1224 facere,
1479 1133 2049 1213 munificentiam
2095 1137 2328 1213 habet
2362 1156 2486 1208 ve-

237 1260 499 1334 nalem.
579 1259 685 1334 At
737 1259 815 1333 in
870 1266 944 1333 te
1000 1281 1167 1350 uno,
1221 1265 1613 1357 utrumque
1671 1269 1828 1352 est,
1884 1271 1966 1339 ut
2020 1271 2094 1338 et
2147 1257 2489 1337 beneficii

238 1383 757 1481 magnitudine,
815 1386 882 1461 si
935 1408 1060 1460 res
1117 1392 1515 1483 spectetur,
1572 1409 1689 1462 me
1743 1387 1880 1463 tibi
1955 1387 2357 1476 devincias,
2416 1391 2490 1459 et

236 1509 592 1586 rationem
632 1510 852 1586 simul
891 1533 1175 1585 omnem
1232 1510 1520 1585 adimas
1577 1512 1714 1587 tibi
1752 1537 1889 1611 pro
1930 1514 2089 1589 eius
2127 1509 2487 1609 magnitu-

238 1637 397 1713 dine
436 1637 875 1713 referendae
912 1638 1226 1733 gratiae‚
1268 1638 1354 1728 si,
1379 1660 1521 1735 quo
1560 1639 1637 1713 id
1674 1640 1918 1718 animo
1958 1640 2232 1736 egeris,
2265 1635 2487 1712 velim

236 1764 650 1839 aestimare.
689 1761 967 1854 Quanti
1003 1785 1184 1837 vero
1222 1785 1516 1862 semper
1549 1765 1728 1839 mihi
1760 1765 1897 1842 illa
1929 1773 2101 1841 sunt
2136 1761 2334 1862 apud
2370 1784 2488 1835 me

235 1887 533 1964 futura?
588 1888 939 1984 ignorare
994 1912 1174 1965 vero
1231 1898 1326 1979 te,
1365 1897 1448 1966 tu
1483 1913 1577 1965 ne
1616 1891 1693 1965 in
1732 1892 2047 1965 amando
2096 1890 2290 1965 inter
2327 1894 2512 1981 nos,'

235 2038 323 2090 an
362 2038 505 2110 ego
548 2014 966 2090 constantia
1003 2015 1302 2092 vicerim
1323 2013 1361 2088 Ρ
1418 2015 1590 2114 quid
1628 2016 1749 2092 his
1787 2016 2040 2091 verbis
2097 2014 2486 2105 amantius,

239 2140 576 2234 suavius,
635 2142 1053 2240 prolixius?
1093 2144 1277 2241 -Ego
1339 2166 1558 2237 vero,
1626 2143 2080 2242 amplissime
2137 2141 2298 2232 Vir,
2361 2138 2487 2238 qui

238 2264 550 2342 omnium
606 2267 925 2344 maxime
979 2269 1054 2344 in
1109 2269 1253 2345 hoc
1313 2293 1591 2366 genere
1630 2269 2071 2345 ambitiosus
2109 2290 2291 2360 sum,
2329 2273 2487 2342 tan-

234 2402 379 2468 tum
416 2392 599 2467 mihi
636 2393 891 2470 videor
948 2397 1197 2471 facere
1253 2396 1328 2471 in
1386 2395 1529 2471 hac
1587 2395 2060 2472 contentione
2109 2398 2485 2490 quaestus,

233 2527 309 2594 ut
342 2542 488 2595 non
544 2521 780 2597 solum
837 2522 903 2597 si
958 2522 1251 2599 vincam
1306 2532 1381 2599 te
1435 2522 1512 2597 in
1561 2522 1901 2616 amando,
1961 2520 2096 2597 sed
2152 2519 2376 2595 etiam
2416 2517 2486 2593 si

236 2647 465 2723 abste
490 2647 763 2742 vincar,
783 2648 1205 2746 agimecum
1242 2659 1491 2749 putem
1529 2650 1937 2749 praeclare.
1975 2649 2172 2726 Nam
2210 2655 2488 2745 quanta

236 2781 348 2848 est
382 2774 924 2870 benevolentia,
965 2800 1112 2875 qua
1168 2800 1283 2853 me
1340 2776 1839 2876 prosequeris,
1884 2775 2010 2873 qui
2046 2796 2371 2850 amorem
2408 2772 2485 2847 in

236 2906 306 2974 te
341 2923 605 2994 meum,
644 2926 806 2978 cum
843 2904 939 2979 sit
980 2926 1324 2996 summus,
1384 2926 1740 3002 superare
1778 2902 2080 3002 possit?
2118 2903 2278 2977 Iam
2316 2923 2483 3000 pro-

233 3025 396 3122 pius
436 3028 735 3122 accedo,
778 3036 852 3105 et
891 3029 1014 3128 qui
1073 3031 1215 3104 hoc
1270 3029 1492 3129 plane
1548 3052 1989 3128 persuasum
2028 3028 2367 3120 habeam,
2406 3032 2483 3100 te

240 3175 378 3228 non
435 3175 667 3250 posse
720 3152 1000 3253 impelli
1059 3155 1155 3229 ad
1212 3155 1623 3248 amandum,
1663 3156 1899 3231 virum
1958 3160 2283 3243 tantum,
2339 3150 2485 3226 nisi

234 3275 622 3352 adductum
680 3278 974 3354 virtutis
1027 3287 1249 3378 atque
1303 3281 1720 3356 honestatis
1776 3280 2059 3376 studi03
2100 3288 2176 3356 et
2210 3278 2483 3375 incipio

233 3403 373 3477 iam
410 3404 592 3479 mihi
645 3404 810 3502 ipse
865 3404 1211 3502 blandiri,
1253 3414 1329 3482 et
1364 3407 1734 3506 suspicari
1778 3406 2165 3499 interdum,
2206 3403 2487 3501 aliquid

233 3528 300 3603 in
339 3554 457 3605 me
494 3530 741 3607 inesse
780 3531 1407 3631 praeclariquius
1432 3543 1512 3610 tu
1530 3534 1782 3633 specie
1820 3534 2191 3623 incensus,
2231 3553 2483 3605 aman-

237 3653 396 3731 dum
436 3678 556 3730 me
595 3655 750 3750 tibi,
786 3659 1327 3757 fovendumque
1365 3658 1815 3757 susceperis.
1857 3654 2005 3731 Sed
2042 3678 2135 3731 ne
2176 3681 2486 3756 progre-

234 3781 388 3856 diar
428 3783 824 3861 scribendo
863 3786 1062 3861 ultra
1097 3787 1603 3885 praescriptos
1634 3784 1812 3858 mihi
1844 3782 2054 3878 fines,
2092 3783 2484 3878 flagitante

231 3907 619 3984 tabellario
659 3908 952 3986 litteras
987 3939 1003 3983 :
1046 3920 1119 3986 et
1156 3913 1351 4008 quod
1388 3937 1504 3988 me
1540 3912 1646 3987 ita
1683 3933 1916 3999 amas,
1948 3932 2140 4006 quae
2170 3917 2244 3984 te
2290 3933 2481 3985 cum-

209 4057 370 4131 -que
408 4058 681 4111 caussa
737 4039 834 4112 ad
889 4039 1280 4112 amandum
1335 4037 1691 4137 impellat,
1733 4045 1808 4112 et
1844 4036 2040 4133 quod
2091 4036 2366 4111 amoris
2402 4036 2479 4110 in

232 4185 340 4236 mc
398 4162 537 4255 tui,
577 4162 892 4261 optimos
931 4185 1259 4263 sperare
1317 4165 1599 4240 fructus
1658 4162 1867 4254 velis,
1928 4161 2063 4237 tibi
2119 4160 2482 4237 maximas

231 4297 452 4386 atque
488 4289 945 4366 immortales
1001 4291 1291 4388 gratias
1349 4314 1520 4387 ago.
1579 4288 1793 4381 Quae
1842 4289 2061 4364 etiam
2099 4286 2271 4385 ipsa
2309 4287 2485 4362 mihi

232 4437 504 4490 caussa
543 4415 684 4489 erit
721 4414 1177 4511 gravissima
1208 4416 1675 4491 accelerandi
1712 4415 1808 4489 ad
1845 4422 1920 4490 te
1956 4414 2482 4514 profectionem

233 4564 505 4615 meam:
537 4563 757 4637 quam
799 4542 1109 4639 quidem,
1143 4566 1235 4617 ne
1264 4541 1591 4617 videaris
1625 4541 2016 4638 quicquam
2045 4539 2181 4615 tibi
2217 4537 2481 4635 reliqui
