<?xml version="1.0" encoding="UTF-8"?>
<!DOCTYPE html PUBLIC "-//W3C//DTD XHTML 1.0 Transitional//EN"
    "http://www.w3.org/TR/xhtml1/DTD/xhtml1-transitional.dtd">
<html xmlns="http://www.w3.org/1999/xhtml" xml:lang="en" lang="en">
 <head>
  <title>
</title>
<meta http-equiv="Content-Type" content="text/html;charset=utf-8" />
  <meta name='ocr-system' content='tesseract 3.04.00' />
  <meta name='ocr-capabilities' content='ocr_page ocr_carea ocr_par ocr_line ocrx_word'/>
</head>
<body>
  <div class='ocr_page' id='page_1' title='image "./magyarhistorija00bpgoog/magyarhistorija00bpgoog_0113.png"; bbox 0 0 3293 5219; ppageno 0'>
   <div class='ocr_carea' id='block_1_1' title="bbox 2463 299 2512 376">
    <p class='ocr_par' dir='ltr' id='par_1_1' title="bbox 2463 299 2512 376">
     <span class='ocr_line' id='line_1_1' title="bbox 2463 299 2512 376; baseline 0 0"><span class='ocrx_word' id='word_1_1' title='bbox 2463 299 2512 376; x_wconf 89' lang='lat'>5</span> 
     </span>
    </p>
   </div>
   <div class='ocr_carea' id='block_1_2' title="bbox 257 516 2525 4670">
    <p class='ocr_par' dir='ltr' id='par_1_2' title="bbox 257 516 2525 4670">
     <span class='ocr_line' id='line_1_2' title="bbox 270 516 2512 617; baseline 0.001 -25"><span class='ocrx_word' id='word_1_2' title='bbox 270 542 445 607; x_wconf 84' lang='lat' dir='ltr'><strong>rum,</strong></span> <span class='ocrx_word' id='word_1_3' title='bbox 484 516 673 614; x_wconf 87' lang='lat' dir='ltr'><strong>quod</strong></span> <span class='ocrx_word' id='word_1_4' title='bbox 724 524 885 590; x_wconf 89' lang='lat' dir='ltr'><strong>erat</strong></span> <span class='ocrx_word' id='word_1_5' title='bbox 910 518 1128 612; x_wconf 82' lang='lat' dir='ltr'><strong>juxta</strong></span> <span class='ocrx_word' id='word_1_6' title='bbox 1147 516 1430 611; x_wconf 89' lang='lat' dir='ltr'><strong>regiam</strong></span> <span class='ocrx_word' id='word_1_7' title='bbox 1474 518 1920 613; x_wconf 82' lang='lat' dir='ltr'><strong>opulentiam</strong></span> <span class='ocrx_word' id='word_1_8' title='bbox 1946 520 2512 617; x_wconf 81' lang='lat' dir='ltr'><strong>amplissimum3</strong></span> 
     </span>
     <span class='ocr_line' id='line_1_3' title="bbox 266 643 2507 745; baseline 0.002 -27"><span class='ocrx_word' id='word_1_9' title='bbox 266 653 334 718; x_wconf 89' lang='lat' dir='ltr'><strong>et</strong></span> <span class='ocrx_word' id='word_1_10' title='bbox 386 645 689 740; x_wconf 88' lang='lat' dir='ltr'><strong>reginae</strong></span> <span class='ocrx_word' id='word_1_11' title='bbox 766 643 1027 731; x_wconf 88' lang='lat' dir='ltr'><strong>dotem,</strong></span> <span class='ocrx_word' id='word_1_12' title='bbox 1086 666 1273 739; x_wconf 89' lang='lat' dir='ltr'><strong>quae</strong></span> <span class='ocrx_word' id='word_1_13' title='bbox 1310 666 1446 741; x_wconf 91' lang='lat' dir='ltr'><strong>pro</strong></span> <span class='ocrx_word' id='word_1_14' title='bbox 1485 645 1866 741; x_wconf 88' lang='lat' dir='ltr'><strong>utriusque</strong></span> <span class='ocrx_word' id='word_1_15' title='bbox 1905 646 2264 745; x_wconf 90' lang='lat' dir='ltr'><strong>principis</strong></span> <span class='ocrx_word' id='word_1_16' title='bbox 2305 671 2507 745; x_wconf 86' lang='lat' dir='ltr'><strong>mag-</strong></span> 
     </span>
     <span class='ocr_line' id='line_1_4' title="bbox 266 768 2508 870; baseline 0.001 -24"><span class='ocrx_word' id='word_1_17' title='bbox 266 770 583 846; x_wconf 88' lang='lat' dir='ltr'><strong>nitudine</strong></span> <span class='ocrx_word' id='word_1_18' title='bbox 674 776 878 842; x_wconf 89' lang='lat' dir='ltr'><strong>esset</strong></span> <span class='ocrx_word' id='word_1_19' title='bbox 951 768 1589 865; x_wconf 87' lang='lat' dir='ltr'><strong>splendidissima:</strong></span> <span class='ocrx_word' id='word_1_20' title='bbox 1644 778 1796 845; x_wconf 90' lang='lat' dir='ltr'><strong>tum</strong></span> <span class='ocrx_word' id='word_1_21' title='bbox 1872 781 2116 848; x_wconf 89' lang='lat' dir='ltr'><strong>autem</strong></span> <span class='ocrx_word' id='word_1_22' title='bbox 2174 770 2508 870; x_wconf 84' lang='lat' dir='ltr'><strong>Georgio</strong></span> 
     </span>
     <span class='ocr_line' id='line_1_5' title="bbox 267 894 2511 996; baseline 0.003 -26"><span class='ocrx_word' id='word_1_23' title='bbox 267 898 406 996; x_wconf 91' lang='lat' dir='ltr'><strong>ipsi</strong></span> <span class='ocrx_word' id='word_1_24' title='bbox 480 895 573 969; x_wconf 90' lang='lat' dir='ltr'><strong>ad</strong></span> <span class='ocrx_word' id='word_1_25' title='bbox 645 894 1183 971; x_wconf 89' lang='lat' dir='ltr'><strong>Varadiensem</strong></span> <span class='ocrx_word' id='word_1_26' title='bbox 1257 896 1762 994; x_wconf 89' lang='lat' dir='ltr'><strong>episcopatum</strong></span> <span class='ocrx_word' id='word_1_27' title='bbox 1837 896 2290 995; x_wconf 83' lang='lat' dir='ltr'><strong>adjectarum</strong></span> <span class='ocrx_word' id='word_1_28' title='bbox 2363 924 2511 976; x_wconf 90' lang='lat' dir='ltr'><strong>una</strong></span> 
     </span>
     <span class='ocr_line' id='line_1_6' title="bbox 273 1021 2510 1124; baseline 0.003 -27"><span class='ocrx_word' id='word_1_29' title='bbox 273 1025 811 1122; x_wconf 82' lang='lat' dir='ltr'><strong>praefecturam</strong></span> <span class='ocrx_word' id='word_1_30' title='bbox 834 1021 1466 1116; x_wconf 86' lang='lat' dir='ltr'><strong>Transsilvaniae,</strong></span> <span class='ocrx_word' id='word_1_31' title='bbox 1487 1033 2191 1124; x_wconf 86' lang='lat' dir='ltr'><strong>procuraturumque</strong></span> <span class='ocrx_word' id='word_1_32' title='bbox 2212 1028 2510 1103; x_wconf 90' lang='lat' dir='ltr'><strong>rubrum</strong></span> 
     </span>
     <span class='ocr_line' id='line_1_7' title="bbox 268 1144 2506 1248; baseline 0.002 -24"><span class='ocrx_word' id='word_1_33' title='bbox 268 1151 596 1246; x_wconf 89' lang='lat' dir='ltr'><strong>galerum</strong></span> <span class='ocrx_word' id='word_1_34' title='bbox 654 1174 700 1222; x_wconf 86' lang='lat' dir='ltr'><strong>a</strong></span> <span class='ocrx_word' id='word_1_35' title='bbox 752 1145 1116 1247; x_wconf 85' lang='lat' dir='ltr'><strong>pontifice.</strong></span> <span class='ocrx_word' id='word_1_36' title='bbox 1181 1144 1420 1222; x_wconf 91' lang='lat' dir='ltr'><strong>Ambo</strong></span> <span class='ocrx_word' id='word_1_37' title='bbox 1477 1149 1553 1227; x_wconf 91' lang='lat' dir='ltr'><strong>in</strong></span> <span class='ocrx_word' id='word_1_38' title='bbox 1627 1149 1814 1225; x_wconf 83' lang='lat' dir='ltr'><strong>haec</strong></span> <span class='ocrx_word' id='word_1_39' title='bbox 1850 1158 2069 1248; x_wconf 87' lang='lat' dir='ltr'><strong>pacta</strong></span> <span class='ocrx_word' id='word_1_40' title='bbox 2133 1154 2506 1248; x_wconf 88' lang='lat' dir='ltr'><strong>juravere.</strong></span> 
     </span>
     <span class='ocr_line' id='line_1_8' title="bbox 272 1275 2510 1375; baseline 0 -23"><span class='ocrx_word' id='word_1_41' title='bbox 272 1275 419 1352; x_wconf 89' lang='lat' dir='ltr'><strong>Sed</strong></span> <span class='ocrx_word' id='word_1_42' title='bbox 457 1275 835 1372; x_wconf 80' lang='lat' dir='ltr'><strong>Georgius</strong></span> <span class='ocrx_word' id='word_1_43' title='bbox 891 1275 1350 1349; x_wconf 88' lang='lat' dir='ltr'><strong>occasionem</strong></span> <span class='ocrx_word' id='word_1_44' title='bbox 1389 1285 1739 1375; x_wconf 88' lang='lat' dir='ltr'><strong>captans,</strong></span> <span class='ocrx_word' id='word_1_45' title='bbox 1816 1278 1964 1352; x_wconf 89' lang='lat' dir='ltr'><strong>alia</strong></span> <span class='ocrx_word' id='word_1_46' title='bbox 2038 1278 2344 1374; x_wconf 88' lang='lat' dir='ltr'><strong>reginae</strong></span> <span class='ocrx_word' id='word_1_47' title='bbox 2386 1281 2510 1353; x_wconf 90' lang='lat' dir='ltr'><strong>ob-</strong></span> 
     </span>
     <span class='ocr_line' id='line_1_9' title="bbox 267 1401 2512 1502; baseline 0.001 -24"><span class='ocrx_word' id='word_1_48' title='bbox 267 1404 626 1478; x_wconf 81' lang='lat' dir='ltr'><strong>tendebat.</strong></span> <span class='ocrx_word' id='word_1_49' title='bbox 686 1401 901 1478; x_wconf 88' lang='lat' dir='ltr'><strong>Anno</strong></span> <span class='ocrx_word' id='word_1_50' title='bbox 940 1429 987 1479; x_wconf 90' lang='lat' dir='ltr'><strong>a</strong></span> <span class='ocrx_word' id='word_1_51' title='bbox 1040 1409 1257 1501; x_wconf 86' lang='lat' dir='ltr'><strong>partu</strong></span> <span class='ocrx_word' id='word_1_52' title='bbox 1299 1402 1632 1499; x_wconf 81' lang='lat' dir='ltr'>Virginis</span> <span class='ocrx_word' id='word_1_53' title='bbox 1712 1403 2096 1478; x_wconf 91' lang='lat' dir='ltr'><strong>millesimo</strong></span> <span class='ocrx_word' id='word_1_54' title='bbox 2162 1405 2512 1502; x_wconf 86' lang='lat' dir='ltr'><strong>quingen-</strong></span> 
     </span>
     <span class='ocr_line' id='line_1_10' title="bbox 265 1529 2513 1628; baseline 0 -23"><span class='ocrx_word' id='word_1_55' title='bbox 265 1532 519 1605; x_wconf 90' lang='lat' dir='ltr'><strong>tesimo</strong></span> <span class='ocrx_word' id='word_1_56' title='bbox 588 1554 819 1628; x_wconf 89' lang='lat' dir='ltr'><strong>supra</strong></span> <span class='ocrx_word' id='word_1_57' title='bbox 873 1530 1556 1628; x_wconf 88' lang='lat' dir='ltr'><strong>quinquagesimum</strong></span> <span class='ocrx_word' id='word_1_58' title='bbox 1594 1531 1928 1622; x_wconf 89' lang='lat' dir='ltr'><strong>ineunte,</strong></span> <span class='ocrx_word' id='word_1_59' title='bbox 2004 1532 2102 1606; x_wconf 88' lang='lat' dir='ltr'><strong>ad</strong></span> <span class='ocrx_word' id='word_1_60' title='bbox 2138 1529 2513 1607; x_wconf 84' lang='lat' dir='ltr'><strong>Calendas</strong></span> 
     </span>
     <span class='ocr_line' id='line_1_11' title="bbox 264 1653 2512 1756; baseline 0 -23"><span class='ocrx_word' id='word_1_61' title='bbox 264 1658 600 1733; x_wconf 85' lang='lat' dir='ltr'><strong>Januarii</strong></span> <span class='ocrx_word' id='word_1_62' title='bbox 662 1659 955 1732; x_wconf 88' lang='lat' dir='ltr'><strong>comitia</strong></span> <span class='ocrx_word' id='word_1_63' title='bbox 978 1656 1519 1756; x_wconf 83' lang='lat' dir='ltr'>Claudiopolim</span> <span class='ocrx_word' id='word_1_64' title='bbox 1551 1654 2075 1756; x_wconf 81' lang='lat' dir='ltr'><strong>(Colosvarum</strong></span> <span class='ocrx_word' id='word_1_65' title='bbox 2114 1653 2369 1756; x_wconf 89' lang='lat' dir='ltr'><strong>vulgo)</strong></span> <span class='ocrx_word' id='word_1_66' title='bbox 2407 1660 2512 1734; x_wconf 91' lang='lat' dir='ltr'><strong>in-</strong></span> 
     </span>
     <span class='ocr_line' id='line_1_12' title="bbox 266 1782 2512 1883; baseline -0 -24"><span class='ocrx_word' id='word_1_67' title='bbox 266 1785 455 1859; x_wconf 85' lang='lat' dir='ltr'><strong>dicta</strong></span> <span class='ocrx_word' id='word_1_68' title='bbox 511 1808 672 1859; x_wconf 89' lang='lat' dir='ltr'><strong>cum</strong></span> <span class='ocrx_word' id='word_1_69' title='bbox 727 1783 1000 1882; x_wconf 88' lang='lat' dir='ltr'><strong>nuptiis</strong></span> <span class='ocrx_word' id='word_1_70' title='bbox 1057 1782 1403 1857; x_wconf 87' lang='lat' dir='ltr'>nobilium</span> <span class='ocrx_word' id='word_1_71' title='bbox 1472 1806 1564 1857; x_wconf 85' lang='lat' dir='ltr'><strong>ex</strong></span> <span class='ocrx_word' id='word_1_72' title='bbox 1622 1805 2001 1881; x_wconf 86' lang='lat' dir='ltr'><strong>gynoeceo</strong></span> <span class='ocrx_word' id='word_1_73' title='bbox 2058 1785 2512 1883; x_wconf 81' lang='lat' dir='ltr'><strong>puellarum3</strong></span> 
     </span>
     <span class='ocr_line' id='line_1_13' title="bbox 267 1908 2512 2010; baseline 0 -24"><span class='ocrx_word' id='word_1_74' title='bbox 267 1913 460 1986; x_wconf 89' lang='lat' dir='ltr'><strong>laeta</strong></span> <span class='ocrx_word' id='word_1_75' title='bbox 516 1913 613 1985; x_wconf 88' lang='lat' dir='ltr'><strong>ad</strong></span> <span class='ocrx_word' id='word_1_76' title='bbox 648 1934 1010 2010; x_wconf 89' lang='lat' dir='ltr'><strong>praesens</strong></span> <span class='ocrx_word' id='word_1_77' title='bbox 1050 1910 1315 1984; x_wconf 89' lang='lat' dir='ltr'><strong>omnia.</strong></span> <span class='ocrx_word' id='word_1_78' title='bbox 1374 1908 1664 1985; x_wconf 86' lang='lat' dir='ltr'><strong>Census</strong></span> <span class='ocrx_word' id='word_1_79' title='bbox 1721 1911 1935 1986; x_wconf 89' lang='lat' dir='ltr'><strong>unius</strong></span> <span class='ocrx_word' id='word_1_80' title='bbox 1985 1910 2246 1987; x_wconf 89' lang='lat' dir='ltr'><strong>floreni</strong></span> <span class='ocrx_word' id='word_1_81' title='bbox 2305 1921 2512 1989; x_wconf 89' lang='lat' dir='ltr'><strong>actus</strong></span> 
     </span>
     <span class='ocr_line' id='line_1_14' title="bbox 269 2037 2516 2136; baseline 0.001 -25"><span class='ocrx_word' id='word_1_82' title='bbox 269 2038 505 2113; x_wconf 90' lang='lat' dir='ltr'><strong>minus</strong></span> <span class='ocrx_word' id='word_1_83' title='bbox 544 2038 806 2132; x_wconf 88' lang='lat' dir='ltr'><strong>obulo;</strong></span> <span class='ocrx_word' id='word_1_84' title='bbox 882 2062 1050 2112; x_wconf 89' lang='lat' dir='ltr'><strong>nam</strong></span> <span class='ocrx_word' id='word_1_85' title='bbox 1109 2037 1469 2112; x_wconf 84' lang='lat' dir='ltr'><strong>excedere</strong></span> <span class='ocrx_word' id='word_1_86' title='bbox 1526 2059 1728 2112; x_wconf 91' lang='lat' dir='ltr'><strong>more</strong></span> <span class='ocrx_word' id='word_1_87' title='bbox 1784 2039 2029 2134; x_wconf 89' lang='lat' dir='ltr'><strong>gentis</strong></span> <span class='ocrx_word' id='word_1_88' title='bbox 2087 2038 2516 2136; x_wconf 86' lang='lat' dir='ltr'><strong>religiosum</strong></span> 
     </span>
     <span class='ocr_line' id='line_1_15' title="bbox 269 2163 2514 2263; baseline 0 -24"><span class='ocrx_word' id='word_1_89' title='bbox 269 2173 393 2239; x_wconf 88' lang='lat' dir='ltr'><strong>est.</strong></span> <span class='ocrx_word' id='word_1_90' title='bbox 438 2163 775 2262; x_wconf 85' lang='lat' dir='ltr'><strong>Georgio</strong></span> <span class='ocrx_word' id='word_1_91' title='bbox 794 2165 1328 2240; x_wconf 88' lang='lat' dir='ltr'><strong>multitudinem</strong></span> <span class='ocrx_word' id='word_1_92' title='bbox 1368 2164 1462 2239; x_wconf 91' lang='lat' dir='ltr'><strong>ad</strong></span> <span class='ocrx_word' id='word_1_93' title='bbox 1483 2171 1760 2239; x_wconf 89' lang='lat' dir='ltr'><strong>mortes</strong></span> <span class='ocrx_word' id='word_1_94' title='bbox 1791 2164 2182 2240; x_wconf 79' lang='lat' dir='ltr'><strong>Michaelis</strong></span> <span class='ocrx_word' id='word_1_95' title='bbox 2212 2163 2514 2263; x_wconf 83' lang='lat' dir='ltr'><strong>Chiaky</strong></span> 
     </span>
     <span class='ocr_line' id='line_1_16' title="bbox 270 2292 2516 2392; baseline 0 -26"><span class='ocrx_word' id='word_1_96' title='bbox 270 2294 694 2368; x_wconf 78' lang='lat' dir='ltr'><strong>scriniorum</strong></span> <span class='ocrx_word' id='word_1_97' title='bbox 731 2294 1091 2391; x_wconf 89' lang='lat' dir='ltr'><strong>praefecti</strong></span> <span class='ocrx_word' id='word_1_98' title='bbox 1132 2318 1222 2369; x_wconf 88' lang='lat' dir='ltr'><strong>ac</strong></span> <span class='ocrx_word' id='word_1_99' title='bbox 1258 2292 1649 2369; x_wconf 86' lang='lat' dir='ltr'><strong>Michaelis</strong></span> <span class='ocrx_word' id='word_1_100' title='bbox 1689 2292 2032 2369; x_wconf 88' lang='lat' dir='ltr'><strong>Horvath</strong></span> <span class='ocrx_word' id='word_1_101' title='bbox 2069 2294 2516 2392; x_wconf 85' lang='lat' dir='ltr'><strong>impellente,</strong></span> 
     </span>
     <span class='ocr_line' id='line_1_17' title="bbox 275 2418 2512 2517; baseline 0 -23"><span class='ocrx_word' id='word_1_102' title='bbox 275 2420 459 2515; x_wconf 89' lang='lat' dir='ltr'><strong>quod</strong></span> <span class='ocrx_word' id='word_1_103' title='bbox 515 2420 689 2493; x_wconf 89' lang='lat' dir='ltr'><strong>illos</strong></span> <span class='ocrx_word' id='word_1_104' title='bbox 725 2418 1125 2493; x_wconf 89' lang='lat' dir='ltr'><strong>fidissimos</strong></span> <span class='ocrx_word' id='word_1_105' title='bbox 1182 2429 1255 2494; x_wconf 88' lang='lat' dir='ltr'><strong>et</strong></span> <span class='ocrx_word' id='word_1_106' title='bbox 1293 2444 1339 2492; x_wconf 91' lang='lat' dir='ltr'><strong>a</strong></span> <span class='ocrx_word' id='word_1_107' title='bbox 1377 2419 1709 2493; x_wconf 90' lang='lat' dir='ltr'><strong>consiliis</strong></span> <span class='ocrx_word' id='word_1_108' title='bbox 1764 2420 2071 2514; x_wconf 88' lang='lat' dir='ltr'><strong>reginae</strong></span> <span class='ocrx_word' id='word_1_109' title='bbox 2131 2428 2512 2517; x_wconf 87' lang='lat' dir='ltr'><strong>suspecta—</strong></span> 
     </span>
     <span class='ocr_line' id='line_1_18' title="bbox 268 2544 2516 2645; baseline 0.001 -25"><span class='ocrx_word' id='word_1_110' title='bbox 268 2555 393 2638; x_wconf 86' lang='lat' dir='ltr'><strong>ret,</strong></span> <span class='ocrx_word' id='word_1_111' title='bbox 463 2553 539 2620; x_wconf 91' lang='lat' dir='ltr'><strong>et</strong></span> <span class='ocrx_word' id='word_1_112' title='bbox 575 2545 741 2620; x_wconf 90' lang='lat' dir='ltr'><strong>ideo</strong></span> <span class='ocrx_word' id='word_1_113' title='bbox 781 2546 1109 2620; x_wconf 84' lang='lat' dir='ltr'><strong>amoveri</strong></span> <span class='ocrx_word' id='word_1_114' title='bbox 1147 2546 1410 2621; x_wconf 89' lang='lat' dir='ltr'><strong>vellet:</strong></span> <span class='ocrx_word' id='word_1_115' title='bbox 1471 2546 1655 2645; x_wconf 82' lang='lat' dir='ltr'><strong>=ipsa</strong></span> <span class='ocrx_word' id='word_1_116' title='bbox 1695 2545 1946 2621; x_wconf 91' lang='lat' dir='ltr'><strong>dilutis</strong></span> <span class='ocrx_word' id='word_1_117' title='bbox 1983 2569 2119 2645; x_wconf 90' lang='lat' dir='ltr'><strong>per</strong></span> <span class='ocrx_word' id='word_1_118' title='bbox 2159 2568 2242 2622; x_wconf 89' lang='lat' dir='ltr'><strong>se</strong></span> <span class='ocrx_word' id='word_1_119' title='bbox 2282 2544 2516 2623; x_wconf 90' lang='lat' dir='ltr'><strong>crimi-</strong></span> 
     </span>
     <span class='ocr_line' id='line_1_19' title="bbox 268 2671 2516 2770; baseline 0 -23"><span class='ocrx_word' id='word_1_120' title='bbox 268 2674 479 2747; x_wconf 89' lang='lat' dir='ltr'><strong>nibus</strong></span> <span class='ocrx_word' id='word_1_121' title='bbox 520 2671 884 2769; x_wconf 91' lang='lat' dir='ltr'><strong>supplicio</strong></span> <span class='ocrx_word' id='word_1_122' title='bbox 906 2671 1196 2746; x_wconf 84' lang='lat' dir='ltr'><strong>exemit.</strong></span> <span class='ocrx_word' id='word_1_123' title='bbox 1238 2671 1756 2746; x_wconf 87' lang='lat' dir='ltr'><strong>Ferdinandus</strong></span> <span class='ocrx_word' id='word_1_124' title='bbox 1796 2695 2087 2770; x_wconf 90' lang='lat' dir='ltr'><strong>quoque</strong></span> <span class='ocrx_word' id='word_1_125' title='bbox 2125 2672 2221 2748; x_wconf 89' lang='lat' dir='ltr'><strong>ad</strong></span> <span class='ocrx_word' id='word_1_126' title='bbox 2259 2674 2516 2748; x_wconf 88' lang='lat' dir='ltr'><strong>Nonas</strong></span> 
     </span>
     <span class='ocr_line' id='line_1_20' title="bbox 269 2797 2521 2896; baseline 0 -22"><span class='ocrx_word' id='word_1_127' title='bbox 269 2797 660 2874; x_wconf 85' lang='lat' dir='ltr'><strong>Februarii</strong></span> <span class='ocrx_word' id='word_1_128' title='bbox 698 2797 1003 2871; x_wconf 92' lang='lat' dir='ltr'><strong>Posonii</strong></span> <span class='ocrx_word' id='word_1_129' title='bbox 1064 2797 1356 2872; x_wconf 90' lang='lat' dir='ltr'><strong>comitia</strong></span> <span class='ocrx_word' id='word_1_130' title='bbox 1396 2798 1824 2888; x_wconf 86' lang='lat' dir='ltr'><strong>celebravit,</strong></span> <span class='ocrx_word' id='word_1_131' title='bbox 1874 2799 1947 2871; x_wconf 93' lang='lat' dir='ltr'><strong>in</strong></span> <span class='ocrx_word' id='word_1_132' title='bbox 1987 2798 2256 2896; x_wconf 90' lang='lat' dir='ltr'><strong>quibus</strong></span> <span class='ocrx_word' id='word_1_133' title='bbox 2296 2799 2521 2874; x_wconf 89' lang='lat' dir='ltr'><strong>solita</strong></span> 
     </span>
     <span class='ocr_line' id='line_1_21' title="bbox 257 2923 2515 3023; baseline 0 -23"><span class='ocrx_word' id='word_1_134' title='bbox 257 2928 410 3020; x_wconf 91' lang='lat' dir='ltr'><strong>jam</strong></span> <span class='ocrx_word' id='word_1_135' title='bbox 449 2925 735 3023; x_wconf 89' lang='lat' dir='ltr'><strong>pridem</strong></span> <span class='ocrx_word' id='word_1_136' title='bbox 775 2924 865 2997; x_wconf 91' lang='lat' dir='ltr'><strong>de</strong></span> <span class='ocrx_word' id='word_1_137' title='bbox 904 2946 1037 2998; x_wconf 90' lang='lat' dir='ltr'><strong>suo</strong></span> <span class='ocrx_word' id='word_1_138' title='bbox 1078 2923 1342 3016; x_wconf 92' lang='lat' dir='ltr'><strong>studio,</strong></span> <span class='ocrx_word' id='word_1_139' title='bbox 1400 2926 1677 3016; x_wconf 89' lang='lat' dir='ltr'><strong>labore,</strong></span> <span class='ocrx_word' id='word_1_140' title='bbox 1727 2924 2229 3023; x_wconf 88' lang='lat' dir='ltr'><strong>impensisque</strong></span> <span class='ocrx_word' id='word_1_141' title='bbox 2268 2927 2515 3018; x_wconf 91' lang='lat' dir='ltr'><strong>multa,</strong></span> 
     </span>
     <span class='ocr_line' id='line_1_22' title="bbox 267 3049 2520 3147; baseline 0.001 -22"><span class='ocrx_word' id='word_1_142' title='bbox 267 3050 680 3147; x_wconf 85' lang='lat' dir='ltr'><strong>retulitque,</strong></span> <span class='ocrx_word' id='word_1_143' title='bbox 754 3049 1087 3124; x_wconf 85' lang='lat' dir='ltr'><strong>inducias</strong></span> <span class='ocrx_word' id='word_1_144' title='bbox 1128 3072 1289 3124; x_wconf 91' lang='lat' dir='ltr'><strong>cum</strong></span> <span class='ocrx_word' id='word_1_145' title='bbox 1347 3050 1791 3146; x_wconf 87' lang='lat' dir='ltr'><strong>imperatore</strong></span> <span class='ocrx_word' id='word_1_146' title='bbox 1833 3049 2247 3127; x_wconf 87' lang='lat' dir='ltr'><strong>Turcarum</strong></span> <span class='ocrx_word' id='word_1_147' title='bbox 2284 3053 2520 3127; x_wconf 88' lang='lat' dir='ltr'><strong>firma-</strong></span> 
     </span>
     <span class='ocr_line' id='line_1_23' title="bbox 266 3175 2517 3278; baseline 0 -26"><span class='ocrx_word' id='word_1_148' title='bbox 266 3185 383 3252; x_wconf 87' lang='lat' dir='ltr'><strong>tas</strong></span> <span class='ocrx_word' id='word_1_149' title='bbox 423 3176 523 3258; x_wconf 90' lang='lat' dir='ltr'><strong>ad</strong></span> <span class='ocrx_word' id='word_1_150' title='bbox 563 3175 1166 3274; x_wconf 86' lang='lat' dir='ltr'><strong>quinquennium,</strong></span> <span class='ocrx_word' id='word_1_151' title='bbox 1207 3183 1281 3250; x_wconf 90' lang='lat' dir='ltr'><strong>et</strong></span> <span class='ocrx_word' id='word_1_152' title='bbox 1318 3184 1687 3250; x_wconf 88' lang='lat' dir='ltr'><strong>oratorem</strong></span> <span class='ocrx_word' id='word_1_153' title='bbox 1709 3198 1916 3250; x_wconf 91' lang='lat' dir='ltr'><strong>suum</strong></span> <span class='ocrx_word' id='word_1_154' title='bbox 1958 3177 2047 3251; x_wconf 88' lang='lat' dir='ltr'><strong>de</strong></span> <span class='ocrx_word' id='word_1_155' title='bbox 2085 3202 2271 3277; x_wconf 89' lang='lat' dir='ltr'><strong>pace</strong></span> <span class='ocrx_word' id='word_1_156' title='bbox 2309 3201 2517 3278; x_wconf 88' lang='lat' dir='ltr'><strong>spem</strong></span> 
     </span>
     <span class='ocr_line' id='line_1_24' title="bbox 266 3300 2517 3402; baseline 0.001 -24"><span class='ocrx_word' id='word_1_157' title='bbox 266 3304 540 3380; x_wconf 86' lang='lat' dir='ltr'><strong>fecisse</strong></span> <span class='ocrx_word' id='word_1_158' title='bbox 579 3304 675 3377; x_wconf 87' lang='lat' dir='ltr'><strong>ab</strong></span> <span class='ocrx_word' id='word_1_159' title='bbox 697 3303 1109 3379; x_wconf 86' lang='lat' dir='ltr'><strong>Turcarum</strong></span> <span class='ocrx_word' id='word_1_160' title='bbox 1127 3302 1594 3401; x_wconf 87' lang='lat' dir='ltr'><strong>imperatore.</strong></span> <span class='ocrx_word' id='word_1_161' title='bbox 1637 3300 1759 3376; x_wconf 91' lang='lat' dir='ltr'><strong>Ob</strong></span> <span class='ocrx_word' id='word_1_162' title='bbox 1792 3327 1983 3400; x_wconf 89' lang='lat' dir='ltr'><strong>quae</strong></span> <span class='ocrx_word' id='word_1_163' title='bbox 2023 3327 2186 3378; x_wconf 89' lang='lat' dir='ltr'><strong>cum</strong></span> <span class='ocrx_word' id='word_1_164' title='bbox 2225 3305 2517 3402; x_wconf 89' lang='lat' dir='ltr'><strong>magnis</strong></span> 
     </span>
     <span class='ocr_line' id='line_1_25' title="bbox 268 3429 2519 3531; baseline 0 -24"><span class='ocrx_word' id='word_1_165' title='bbox 268 3430 611 3507; x_wconf 84' lang='lat' dir='ltr'><strong>laudibus</strong></span> <span class='ocrx_word' id='word_1_166' title='bbox 654 3437 909 3527; x_wconf 86' lang='lat' dir='ltr'><strong>grates</strong></span> <span class='ocrx_word' id='word_1_167' title='bbox 930 3429 1245 3529; x_wconf 90' lang='lat' dir='ltr'><strong>principi</strong></span> <span class='ocrx_word' id='word_1_168' title='bbox 1286 3438 1519 3504; x_wconf 89' lang='lat' dir='ltr'><strong>actae.</strong></span> <span class='ocrx_word' id='word_1_169' title='bbox 1560 3429 1723 3504; x_wconf 92' lang='lat' dir='ltr'><strong>Nec</strong></span> <span class='ocrx_word' id='word_1_170' title='bbox 1760 3432 1984 3505; x_wconf 91' lang='lat' dir='ltr'><strong>multo</strong></span> <span class='ocrx_word' id='word_1_171' title='bbox 2015 3439 2187 3531; x_wconf 91' lang='lat' dir='ltr'><strong>post</strong></span> <span class='ocrx_word' id='word_1_172' title='bbox 2223 3432 2519 3529; x_wconf 88' lang='lat' dir='ltr'><strong>prodita</strong></span> 
     </span>
     <span class='ocr_line' id='line_1_26' title="bbox 267 3556 2519 3656; baseline 0.001 -22"><span class='ocrx_word' id='word_1_173' title='bbox 267 3581 565 3648; x_wconf 90' lang='lat' dir='ltr'><strong>arcana,</strong></span> <span class='ocrx_word' id='word_1_174' title='bbox 606 3556 919 3656; x_wconf 89' lang='lat' dir='ltr'><strong>ideoque</strong></span> <span class='ocrx_word' id='word_1_175' title='bbox 937 3558 1272 3656; x_wconf 89' lang='lat' dir='ltr'><strong>plerique</strong></span> <span class='ocrx_word' id='word_1_176' title='bbox 1312 3558 1613 3653; x_wconf 88' lang='lat' dir='ltr'><strong>reginae</strong></span> <span class='ocrx_word' id='word_1_177' title='bbox 1636 3556 2244 3653; x_wconf 85' lang='lat' dir='ltr'><strong>adjungebantur.</strong></span> <span class='ocrx_word' id='word_1_178' title='bbox 2285 3557 2519 3636; x_wconf 84' lang='lat' dir='ltr'><strong>Simul</strong></span> 
     </span>
     <span class='ocr_line' id='line_1_27' title="bbox 268 3681 2520 3785; baseline 0 -26"><span class='ocrx_word' id='word_1_179' title='bbox 268 3686 536 3760; x_wconf 89' lang='lat' dir='ltr'><strong>Petrus</strong></span> <span class='ocrx_word' id='word_1_180' title='bbox 595 3681 993 3783; x_wconf 83' lang='lat' dir='ltr'><strong>Solymano</strong></span> <span class='ocrx_word' id='word_1_181' title='bbox 1050 3685 1612 3784; x_wconf 88' lang='lat' dir='ltr'><strong>perscripserat.</strong></span> <span class='ocrx_word' id='word_1_182' title='bbox 1679 3685 1964 3760; x_wconf 91' lang='lat' dir='ltr'><strong>Eodem</strong></span> <span class='ocrx_word' id='word_1_183' title='bbox 1999 3692 2368 3785; x_wconf 89' lang='lat' dir='ltr'><strong>tempore,</strong></span> <span class='ocrx_word' id='word_1_184' title='bbox 2445 3692 2520 3761; x_wconf 94' lang='lat' dir='ltr'><strong>et</strong></span> 
     </span>
     <span class='ocr_line' id='line_1_28' title="bbox 274 3809 2518 3912; baseline 0 -25"><span class='ocrx_word' id='word_1_185' title='bbox 274 3811 646 3888; x_wconf 90' lang='lat' dir='ltr'><strong>Henricus</strong></span> <span class='ocrx_word' id='word_1_186' title='bbox 705 3813 804 3887; x_wconf 90' lang='lat' dir='ltr'><strong>II.</strong></span> <span class='ocrx_word' id='word_1_187' title='bbox 845 3832 980 3887; x_wconf 82' lang='lat' dir='ltr'><strong>rex</strong></span> <span class='ocrx_word' id='word_1_188' title='bbox 1022 3809 1463 3905; x_wconf 83' lang='lat' dir='ltr'><strong>Galliarum,</strong></span> <span class='ocrx_word' id='word_1_189' title='bbox 1522 3836 1804 3908; x_wconf 91' lang='lat' dir='ltr'><strong>gnarus</strong></span> <span class='ocrx_word' id='word_1_190' title='bbox 1861 3811 2330 3887; x_wconf 89' lang='lat' dir='ltr'><strong>consiliorum</strong></span> <span class='ocrx_word' id='word_1_191' title='bbox 2383 3836 2518 3912; x_wconf 89' lang='lat' dir='ltr'><strong>per</strong></span> 
     </span>
     <span class='ocr_line' id='line_1_29' title="bbox 272 3934 2523 4036; baseline 0 -24"><span class='ocrx_word' id='word_1_192' title='bbox 272 3945 610 4012; x_wconf 86' lang='lat' dir='ltr'><strong>oratores</strong></span> <span class='ocrx_word' id='word_1_193' title='bbox 668 3937 864 4036; x_wconf 88' lang='lat' dir='ltr'><strong>apud</strong></span> <span class='ocrx_word' id='word_1_194' title='bbox 920 3934 1271 4012; x_wconf 85' lang='lat' dir='ltr'><strong>Carolum</strong></span> <span class='ocrx_word' id='word_1_195' title='bbox 1330 3936 1678 4028; x_wconf 81' lang='lat' dir='ltr'><strong>Quintum</strong></span> <span class='ocrx_word' id='word_1_196' title='bbox 1731 3937 2285 4036; x_wconf 90' lang='lat' dir='ltr'><strong>imperatorem,</strong></span> <span class='ocrx_word' id='word_1_197' title='bbox 2340 3938 2523 4013; x_wconf 85' lang='lat' dir='ltr'><strong>nihil</strong></span> 
     </span>
     <span class='ocr_line' id='line_1_30' title="bbox 277 4061 2519 4165; baseline 0 -25"><span class='ocrx_word' id='word_1_198' title='bbox 277 4064 570 4140; x_wconf 88' lang='lat' dir='ltr'><strong>silentio</strong></span> <span class='ocrx_word' id='word_1_199' title='bbox 625 4064 1153 4158; x_wconf 88' lang='lat' dir='ltr'><strong>transmittens,</strong></span> <span class='ocrx_word' id='word_1_200' title='bbox 1196 4061 1598 4163; x_wconf 83' lang='lat' dir='ltr'><strong>Solymano</strong></span> <span class='ocrx_word' id='word_1_201' title='bbox 1659 4072 1918 4140; x_wconf 88' lang='lat' dir='ltr'><strong>cuncta</strong></span> <span class='ocrx_word' id='word_1_202' title='bbox 1956 4064 2252 4140; x_wconf 81' lang='lat' dir='ltr'><strong>detexit.</strong></span> <span class='ocrx_word' id='word_1_203' title='bbox 2310 4063 2519 4165; x_wconf 85' lang='lat' dir='ltr'><strong>Soly-</strong></span> 
     </span>
     <span class='ocr_line' id='line_1_31' title="bbox 274 4189 2525 4290; baseline 0.001 -25"><span class='ocrx_word' id='word_1_204' title='bbox 274 4213 529 4266; x_wconf 86' lang='lat' dir='ltr'><strong>manus</strong></span> <span class='ocrx_word' id='word_1_205' title='bbox 570 4189 763 4264; x_wconf 91' lang='lat' dir='ltr'><strong>enim</strong></span> <span class='ocrx_word' id='word_1_206' title='bbox 801 4190 1099 4283; x_wconf 90' lang='lat' dir='ltr'><strong>eadem,</strong></span> <span class='ocrx_word' id='word_1_207' title='bbox 1177 4214 1367 4288; x_wconf 88' lang='lat' dir='ltr'><strong>quae</strong></span> <span class='ocrx_word' id='word_1_208' title='bbox 1406 4215 1568 4269; x_wconf 92' lang='lat' dir='ltr'><strong>cum</strong></span> <span class='ocrx_word' id='word_1_209' title='bbox 1603 4190 1657 4269; x_wconf 89' lang='lat' dir='ltr'><strong>J</strong></span> <span class='ocrx_word' id='word_1_210' title='bbox 1661 4190 1950 4267; x_wconf 90' lang='lat' dir='ltr'><strong>ohanne</strong></span> <span class='ocrx_word' id='word_1_211' title='bbox 1987 4190 2400 4290; x_wconf 88' lang='lat' dir='ltr'><strong>pepigerat,</strong></span> <span class='ocrx_word' id='word_1_212' title='bbox 2449 4198 2525 4267; x_wconf 87' lang='lat' dir='ltr'><strong>et</strong></span> 
     </span>
     <span class='ocr_line' id='line_1_32' title="bbox 276 4316 2520 4417; baseline 0.001 -26"><span class='ocrx_word' id='word_1_213' title='bbox 276 4317 422 4391; x_wconf 91' lang='lat' dir='ltr'><strong>filio</strong></span> <span class='ocrx_word' id='word_1_214' title='bbox 461 4324 852 4416; x_wconf 89' lang='lat' dir='ltr'><strong>praestare</strong></span> <span class='ocrx_word' id='word_1_215' title='bbox 893 4317 1260 4416; x_wconf 89' lang='lat' dir='ltr'><strong>cupiebat.</strong></span> <span class='ocrx_word' id='word_1_216' title='bbox 1302 4318 1419 4392; x_wconf 88' lang='lat' dir='ltr'><strong>Ea</strong></span> <span class='ocrx_word' id='word_1_217' title='bbox 1455 4338 1634 4392; x_wconf 85' lang='lat' dir='ltr'><strong>vero</strong></span> <span class='ocrx_word' id='word_1_218' title='bbox 1672 4318 1863 4392; x_wconf 90' lang='lat' dir='ltr'><strong>haec</strong></span> <span class='ocrx_word' id='word_1_219' title='bbox 1897 4317 2142 4393; x_wconf 85' lang='lat' dir='ltr'><strong>fuere:</strong></span> <span class='ocrx_word' id='word_1_220' title='bbox 2185 4316 2520 4417; x_wconf 86' lang='lat' dir='ltr'><strong>Solyma-</strong></span> 
     </span>
     <span class='ocr_line' id='line_1_33' title="bbox 280 4442 2521 4543; baseline 0.001 -26"><span class='ocrx_word' id='word_1_221' title='bbox 280 4464 415 4518; x_wconf 88' lang='lat' dir='ltr'><strong>nus</strong></span> <span class='ocrx_word' id='word_1_222' title='bbox 454 4442 719 4536; x_wconf 89' lang='lat' dir='ltr'><strong>omnia,</strong></span> <span class='ocrx_word' id='word_1_223' title='bbox 761 4466 951 4542; x_wconf 90' lang='lat' dir='ltr'><strong>quae</strong></span> <span class='ocrx_word' id='word_1_224' title='bbox 989 4443 1427 4540; x_wconf 87' lang='lat' dir='ltr'><strong>inUngaria</strong></span> <span class='ocrx_word' id='word_1_225' title='bbox 1462 4443 1905 4543; x_wconf 88' lang='lat' dir='ltr'><strong>possideret,</strong></span> <span class='ocrx_word' id='word_1_226' title='bbox 1944 4445 1998 4521; x_wconf 85' lang='lat' dir='ltr'><strong>J</strong></span> <span class='ocrx_word' id='word_1_227' title='bbox 2003 4445 2274 4521; x_wconf 91' lang='lat' dir='ltr'><strong>ohanni</strong></span> <span class='ocrx_word' id='word_1_228' title='bbox 2309 4445 2521 4521; x_wconf 87' lang='lat' dir='ltr'><strong>resti-</strong></span> 
     </span>
     <span class='ocr_line' id='line_1_34' title="bbox 282 4569 2519 4670; baseline 0 -24"><span class='ocrx_word' id='word_1_229' title='bbox 282 4577 518 4646; x_wconf 82' lang='lat' dir='ltr'><strong>tueret</strong></span> <span class='ocrx_word' id='word_1_230' title='bbox 554 4569 651 4645; x_wconf 89' lang='lat' dir='ltr'><strong>ad</strong></span> <span class='ocrx_word' id='word_1_231' title='bbox 686 4570 1067 4647; x_wconf 87' lang='lat' dir='ltr'><strong>Essekum</strong></span> <span class='ocrx_word' id='word_1_232' title='bbox 1106 4592 1361 4667; x_wconf 88' lang='lat' dir='ltr'><strong>usque,</strong></span> <span class='ocrx_word' id='word_1_233' title='bbox 1419 4571 1471 4648; x_wconf 79' lang='lat' dir='ltr'><strong>‚J</strong></span> <span class='ocrx_word' id='word_1_234' title='bbox 1477 4571 1806 4648; x_wconf 89' lang='lat' dir='ltr'><strong>ohannes</strong></span> <span class='ocrx_word' id='word_1_235' title='bbox 1846 4595 2022 4647; x_wconf 90' lang='lat' dir='ltr'><strong>vero</strong></span> <span class='ocrx_word' id='word_1_236' title='bbox 2062 4593 2205 4647; x_wconf 91' lang='lat' dir='ltr'><strong>non</strong></span> <span class='ocrx_word' id='word_1_237' title='bbox 2241 4569 2519 4670; x_wconf 87' lang='lat' dir='ltr'><strong>tributi,</strong></span> 
     </span>
    </p>
   </div>
  </div>
 </body>
</html>
