3293 5219
716 300 1005 366 LXVIII

712 506 801 558 eo
843 482 1159 558 animum
1218 481 1395 557 mihi
1451 487 1649 557 tuum
1707 481 2095 579 percipere
2150 479 2432 573 liceret,
2482 503 2643 556 cum
2684 480 2777 555 de
2816 502 2976 555 ser-

713 609 1079 702 monibus,
1121 630 1307 705 quos
1365 607 1457 682 de
1511 606 1930 705 praeclaris
1987 605 2403 683 litterarum
2458 605 2749 697 studiiS,
2811 628 2982 681 cum

717 758 1008 830 magna,
1040 734 1463 832 optimaque
1495 733 1904 810 voluntatis
1937 731 2496 830 significatione,
2525 733 2982 809 rectissimo·

692 883 860 958 ‚que
897 859 1163 936 iudicio
1202 860 1622 953 habuisses,
1662 858 1842 934 mihi
1878 866 2240 948 narraret,
2286 861 2505 958 plura
2541 858 2706 958 ipse
2743 859 2844 935 ab
2888 881 2984 935 eo

719 987 811 1062 de
847 986 1135 1084 Regno,
1177 994 1252 1062 et
1288 985 1689 1062 Maiestate
1744 993 1875 1061 tua
1921 991 2446 1082 percunctatus
2484 1007 2647 1061 sum
2684 1013 2702 1059 ε
2743 986 2987 1062 multa

719 1112 853 1188 illa
892 1112 983 1188 de
1023 1137 1114 1189 ea
1153 1110 1575 1189 memoriter
1633 1118 1710 1187 et
1766 1111 2080 1187 iucunde
2137 1135 2446 1187 narrare
2501 1112 2818 1203 solebat,
2864 1132 2987 1184 me

721 1260 919 1329 vero,
958 1262 1133 1314 vere
1173 1236 1389 1337 quasi
1427 1236 1752 1314 scienter
1807 1237 2199 1314 addentem
2248 1236 2626 1314 admirans
2663 1237 2988 1315 interro-

723 1364 953 1460 gavit,
990 1366 1183 1442 unde
1221 1365 1296 1439 in
1338 1365 1648 1462 regione
1704 1371 1855 1439 tam
1903 1372 2212 1452 remota,
2254 1387 2346 1440 ea
2383 1387 2786 1459 sumerem3
2827 1372 2989 1441 tum

724 1513 864 1585 ego
918 1489 1031 1564 illi
1085 1497 1458 1566 auctorem
1514 1495 1791 1565 certum
1850 1513 1941 1564 ac
1998 1489 2173 1564 fidei
2227 1492 2546 1588 plenum,
2602 1497 2986 1586 tamquam

728 1623 989 1690 testem
1027 1640 1272 1692 rerum
1308 1614 1908 1712 Hungaricarum
1945 1616 2334 1714 praeclare
2363 1625 2743 1713 gestarum
2780 1617 2990 1692 locu-

728 1740 1215 1839 pletissimum
1254 1765 1345 1817 ac
1382 1740 1905 1837 gravissimum
1945 1741 2192 1818 citavi.
2254 1740 2486 1819 Cuius
2526 1743 2989 1819 Franciscus

724 1866 908 1942 miro
965 1865 1259 1943 videndi
1317 1866 1692 1944 desiderio
1751 1890 2115 1945 accensus
2175 1869 2437 1945 maiori
2495 1869 2738 1946 studio
2779 1895 2830 1946 a
2865 1892 2990 1943 me

729 1993 1173 2069 contendere
1210 1993 1475 2093 coepit,
1512 2003 1594 2070 ut
1628 1995 1837 2070 illum
1874 1994 2021 2071 sibi
2077 1995 2562 2090 ostenderem,
2601 2003 2987 2073 ostensum

731 2140 909 2193 vero
964 2119 1390 2217 perlectum,
1432 2127 1657 2216 atque
1710 2117 2102 2218 probatum
2152 2120 2571 2199 adfirmavit
2606 2128 2988 2199 auctorem

729 2243 977 2337 talem,
1035 2242 1328 2341 qualem
1383 2244 1780 2344 splendida
1836 2255 2060 2344 atque
2116 2248 2622 2325 eruditissima
2676 2247 2993 2342 ingenia

731 2371 1157 2469 probarent,
1197 2379 1273 2447 et
1309 2371 1513 2468 quali
1569 2371 1888 2470 optimus
1942 2372 2254 2472 quisque
2311 2374 2667 2451 delectari
2703 2381 2991 2474 posset,

732 2497 1245 2595 perindignum
1320 2520 1491 2574 esse
1562 2497 1812 2574 iacere
1885 2496 1963 2574 in
2017 2498 2348 2574 tenebris
2369 2554 2386 2587 ,
2447 2500 2573 2598 qui
2628 2501 2852 2575 rebus
2913 2499 2992 2573 in

732 2623 1130 2721 Hungaria
1165 2623 1476 2720 fortiter,
1516 2624 1929 2724 magnifice,
1963 2634 2038 2702 et
2074 2619 2463 2725 splendide
2498 2634 2670 2727 post
2705 2627 2994 2703 obitum

735 2745 1098 2823 Matthiae
1116 2747 1352 2846 Regis
1390 2749 1650 2845 gestis,
1692 2749 2029 2826 veritatis
2070 2752 2235 2827 luce
2272 2751 2773 2851 dignissimus,
2815 2776 2994 2850 gra-

734 2879 920 2964 tum,
977 2873 1510 2971 iucundumque
1566 2875 1642 2950 in
1669 2933 1673 2937 .
1698 2875 2195 2975 sempiternae
2270 2880 2668 2957 memoriae
2740 2879 2994 2955 lumen

735 2999 979 3099 possit
1032 3010 1107 3077 et
1162 3001 1434 3077 debeat
1489 3003 1758 3079 efferri.
1837 3004 2335 3094 Quamobrem
2393 3004 2862 3098 confirmans,
2924 3005 2996 3081 si

735 3125 927 3224 haec
960 3125 1303 3202 Historia
1359 3135 1530 3204 tuae
1588 3127 1971 3204 Maiestati
2027 3128 2382 3220 mittatur,
2422 3131 2499 3205 id
2555 3129 2689 3224 illi,
2730 3138 2806 3206 et
2841 3130 2994 3206 sibi

739 3258 1036 3348 gratum
1071 3251 1258 3341 fore,
1296 3253 1613 3329 animum
1671 3275 1907 3329 meum
1965 3254 2109 3329 iam
2152 3254 2295 3346 diu,
2335 3264 2416 3332 ut
2450 3257 2833 3351 mitterem,
2872 3279 2997 3332 ac-

740 3398 1041 3453 censum
1096 3400 1188 3452 ea
1246 3378 1580 3455 oratione
1635 3387 1847 3456 tanta
1902 3380 2303 3479 cupiditate
2357 3381 2855 3472 inflammavit,
2915 3391 2999 3458 ut

736 3503 922 3580 nihil
976 3504 1329 3582 libentius
1382 3506 1637 3582 facere
1692 3506 1869 3582 mihi
1924 3507 2321 3605 contigerit
2372 3531 2712 3606 unquam.
2793 3507 2997 3600 Qua-

739 3639 1044 3729 propter
1084 3654 1247 3707 eum
1268 3630 1556 3721 librum,
1583 3631 1822 3729 ipsius
1844 3631 2190 3708 Auctoris
2219 3656 2438 3709 manu
2470 3633 2997 3732 conscriptum,

742 3755 1303 3835 describendum
1359 3757 1654 3850 curavi,
1712 3758 1917 3833 cuius
1974 3758 2411 3858 exemplum,
2471 3781 2687 3858 quam
2750 3782 2997 3835 emen-

743 3881 1202 3960 datissimum
1260 3890 1431 3959 tuae
1489 3883 1871 3959 Maiestati
1928 3884 2154 3974 mitto,
2212 3892 2434 3984 atque
2492 3886 2773 3973 dedico,
2823 3909 2994 3960 eam

744 4028 987 4099 orans»,
1020 4018 1101 4085 ut
1137 4031 1225 4086 6ο
1263 4009 1530 4103 animo,
1569 4017 1644 4084 et
1682 4033 1775 4085 ea
1811 4009 2055 4085 fronte
2104 4012 2611 4089 munusculum
2649 4009 2999 4109 accipiat,

747 4153 892 4227 qua
929 4134 1098 4209 aliis
1136 4135 1459 4214 maxima
1512 4136 1792 4212 donare
1846 4136 2058 4227 solet,
2098 4143 2175 4213 et
2209 4145 2291 4214 ut
2328 4137 2397 4213 ei
2435 4160 2790 4214 summam
2828 4160 2996 4235 per-

747 4262 1186 4354 petuamque
1239 4261 1672 4338 felicitatem
1727 4285 2014 4360 precor,
2054 4263 2167 4338 sic
2204 4285 2341 4356 me,
2381 4286 2691 4363 meaque
2748 4264 2999 4340 omnia

747 4380 818 4455 ei
856 4382 1573 4462 commendatissima
1607 4386 1848 4484 cupio,
1889 4387 2127 4482 trado,
2167 4395 2391 4485 atque
2429 4390 2881 4483 commendo,
2919 4397 3000 4465 et

747 4515 829 4585 ut
862 4507 939 4582 in
977 4528 1069 4581 ea
1103 4507 1417 4584 amanda
1469 4510 1742 4586 nemini
1800 4511 2144 4607 concedo,
2183 4511 2295 4586 sic
2349 4536 2465 4589 me
2502 4514 2578 4589 in
2616 4537 2992 4593 numerum
