3293 5219
794 271 904 357 60

779 492 1012 569 donec
1031 489 1399 568 Amhatus
1439 490 1761 584 advenit,
1785 493 1962 591 quin
2000 500 2076 568 et
2112 492 2371 568 eadem
2394 492 2513 568 die
2531 496 2903 592 praelium
2928 499 3052 575 fe·

795 642 962 695 cere
984 624 1201 718 capto
1222 642 1362 695 uno
1386 618 1556 693 vivo
1579 641 1671 692 ex
1714 619 2079 695 barbaris.
2122 617 2468 695 Hostium
2508 620 2772 697 deinde
2814 623 3074 702 multi·

793 744 990 831 tudo,
1013 768 1232 843 quam
1270 745 1492 841 longe
1526 745 1860 843 prospici
1894 751 2207 843 poterat,
2251 751 2326 819 et
2364 744 2617 838 colles,
2657 754 2733 822 et
2770 750 3055 841 valles,

795 878 870 946 et
921 879 1266 971 patentes
1342 891 1680 968 campos,
1737 872 1966 967 plana
2021 878 2243 967 atque
2312 870 2512 946 edita
2568 892 3076 973 occupavere.

795 1000 1009 1077 Tunc
1045 996 1319 1073 vallum
1356 996 1695 1096 pluribus
1749 996 2089 1095 partibus
2127 998 2254 1093 agi
2292 1005 2630 1097 coeptum
2670 998 2767 1074 ad
2806 1000 3077 1079 defeu-

793 1127 1053 1204 sacula
1107 1131 1678 1207 tormentorum,
1719 1121 1901 1197 alibi
1940 1122 2205 1198 corbes
2260 1123 2601 1222 pluribus
2658 1124 3062 1205 ordinibus

789 1252 1130 1353 dispositi
1157 1259 1364 1326 terra
1383 1248 1700 1347 impleri,
1720 1247 2245 1346 admoverique
2265 1256 2653 1327 tormenta.
2677 1250 3052 1330 Abunda-

782 1382 916 1455 bat
934 1376 1394 1455 multitudine
1414 1383 1947 1452 tormentorum
1969 1376 2242 1469 Turca,
2275 1376 2384 1452 ita
2402 1386 2482 1452 ut
2504 1401 2591 1455 co
2614 1401 2876 1455 ronam
2896 1404 3069 1461 mu-

778 1529 1054 1604 rosque
1075 1501 1850 1594 omnibusinlocis,et
1888 1502 2274 1596 stationes,
2322 1502 2400 1579 in
2446 1505 2803 1581 subsidiis
2824 1508 3069 1585 simul

741 1712 744 1715 ,
778 1635 1187 1733 impeteret,
1228 1632 1643 1729 globosque
1682 1630 1930 1728 ignem
1970 1638 2375 1723 vomentes,
2416 1655 2506 1707 ac
2544 1633 2867 1731 sagittas
2941 1658 3049 1712 ex

787 1783 963 1837 arcu
999 1760 1344 1834 incensas
1386 1757 1787 1853 ingereret.
1829 1754 1981 1832 Sed
2018 1757 2135 1832 his
2176 1758 2430 1833 statim
2465 1760 2842 1858 provisum
2884 1760 3058 1839 fos·

784 1888 891 1963 sis
912 1886 1259 1983 valloque
1275 1883 1683 1982 productis,
1707 1883 1783 1957 in
1804 1883 2015 1981 queis
2037 1884 2399 1961 stationes
2419 1893 2755 1982 agerent,
2779 1889 3049 1965 stabu-

782 2015 1017 2090 lorum
1052 2018 1251 2088 tecta
1293 2011 1605 2105 dejecta,
1627 2017 2038 2087 stramenta
2074 2017 2471 2110 ceteraque
2509 2009 2850 2090 flammae
2889 2014 3040 2090 ali·

731 2226 732 2229 0
782 2146 1025 2216 menta
1060 2137 1235 2234 igne
1274 2142 1732 2235 consumpta,
1772 2157 2086 2229 acervus
2106 2143 2400 2213 tantum
2433 2138 2781 2214 frumenti
2820 2162 3052 2233 unus,

783 2274 858 2343 et
890 2264 1089 2341 foeni
1126 2265 1316 2341 alter
1354 2263 1430 2337 in
1468 2263 1701 2355 fossa,
1741 2286 1959 2360 quam
1997 2264 2505 2341 intermediam
2546 2264 2888 2360 diximus,
2924 2292 3053 2345 re·

789 2401 1132 2471 servatus
1157 2448 1175 2485 ,
1235 2391 1684 2488 eosdemque
1760 2396 1984 2488 atque
2058 2392 2272 2488 tigna
2327 2400 2417 2467 et¹
2459 2394 2846 2470 materiam
2899 2421 3052 2495 pro

781 2520 1247 2596 munimentis
1269 2520 1765 2617 importatam,
1789 2524 1863 2594 et
1883 2518 2231 2618 quicquid
2249 2516 2619 2596 flammam
2640 2522 3049 2622 concipere

780 2655 1058 2747 posset,
1132 2646 1357 2722 coriis
1399 2645 1826 2721 animalium
1886 2645 2324 2721 madefactis
2384 2654 2818 2740 contexere,
2880 2650 3049 2728 alia

779 2771 874 2847 ad
912 2771 1455 2866 exstingvenda
1506 2770 1926 2866 hujusmodi
1961 2770 2116 2846 tela
2152 2769 2391 2866 ignita
2445 2770 2523 2846 111
2561 2773 2786 2848 certis
2842 2774 3051 2852 locis

775 2899 1235 2997 disposuere.
1325 2897 1744 2995 Praecipua
1796 2905 2044 2972 tamen
2114 2904 2641 2975 tormentorum
2716 2900 2792 2974 in
2848 2925 3039 3000 qua-

782 3032 901 3102 tor
976 3026 1145 3102 loca
1236 3025 1714 3101 feriebantur.
1811 3022 1933 3099 Ad
1991 3025 2595 3122 septemtrionem
2655 3035 2829 3126 post
2903 3052 3045 3129 pa·

780 3152 962 3229 latia
999 3154 1224 3230 turris
1262 3154 1340 3229 in
1394 3155 1670 3250 angulo
1745 3152 1912 3244 sita,
1997 3153 2073 3227 in
2127 3156 2337 3252 cujus
2377 3154 2748 3230 molimine
2822 3157 3045 3232 Tho-

782 3301 942 3356 mas
963 3279 1292 3378 Bolyky,
1313 3279 1639 3378 peditum
1668 3280 2058 3355 comitatus
2097 3279 2607 3355 borsodiensis
2627 3279 2797 3374 dux,
2818 3283 3042 3380 glan-

781 3407 871 3482 de
943 3409 1303 3504 trajectus
1374 3405 1616 3504 periit,
1675 3405 1866 3481 unde
1921 3405 2312 3482 Boliciana
2351 3404 2736 3506 appellata
2775 3416 2916 3500 est,
2956 3421 3043 3486 et

773 3533 952 3610 item
1024 3555 1312 3626 murus,
1371 3557 1517 3632 qua
1587 3533 1875 3632 palatia
1928 3533 2386 3609 desinebant.
2425 3534 2631 3610 Inter
2672 3531 2810 3611 hoc
2848 3557 3026 3635 spa-

773 3660 954 3736 tium
1029 3682 1308 3758 aequus
1347 3659 1554 3737 locus
1593 3660 1689 3734 ab
1730 3667 1944 3735 extra
2018 3667 2092 3735 et
2160 3661 2370 3736 fossa
2441 3669 2623 3753 erat,
2699 3662 2778 3736 in
2814 3665 3036 3762 cujus

781 3794 1110 3863 extremo
1148 3786 1364 3862 labro
1404 3786 1599 3861 alius
1676 3807 1927 3860 murus
1982 3785 2184 3862 haud
2239 3786 2533 3863 validus
2587 3788 3045 3887 palatiorum

777 3936 1026 3991 muros
1102 3913 1566 3990 defendebat.
1681 3913 1870 3986 Eum
1958 3912 2083 3989 ubi
2167 3911 2535 3988 discutere
2611 3924 3041 4013 coeperunt,

768 4043 1122 4140 hypogea
1187 4048 1389 4117 terra
1468 4038 1962 4138 complentur,
2045 4062 2188 4136 quo
2263 4039 2341 4114 111
2421 4062 2646 4138 opere
2722 4039 3035 4120 Blasius

783 4167 1008 4265 Nagy
1049 4166 1377 4243 centurio
1417 4166 1644 4261 globo
1691 4164 1996 4262 majoris
2037 4163 2386 4240 tormenti
2425 4163 2844 4263 discerptus
2883 4175 3027 4244 est.

777 4291 898 4367 Ex
960 4290 1260 4367 civitate
1317 4291 1484 4392 ipsa
1539 4292 2176 4391 propugnaculum
2234 4289 2769 4386 bebekianum,
2834 4295 3037 4392 quod

783 4417 1168 4493 Emericus
1245 4416 1507 4493 Bebek
1548 4417 1947 4516 aliquando
2022 4418 2330 4494 fecerat.
2431 4416 2718 4510 Quarta
2766 4418 3048 4518 ingens

777 4543 990 4619 ruina
1028 4548 1234 4636 erat,
1272 4542 1910 4644 propugnaculum
1968 4542 2326 4618 orientem
2390 4565 2656 4621 versus
2711 4546 2809 4621 ab
2850 4546 3041 4623 auti-
