3293 5219
2409 332 2513 410 65

236 544 563 639 kianum,
588 544 709 635 (id
727 567 822 619 ex
842 542 1168 619 cratibus
1190 544 1601 636 constabat,
1621 544 2066 623 intermedia
2083 546 2129 622 h
2142 554 2373 644 umo),
2402 553 2508 625 vi·

237 692 414 745 neas
434 669 893 769 pluteosque
915 691 1140 767 egere
1162 675 1543 744 contectos
1582 671 1807 747 coriis
1830 674 2098 767 crudis,
2121 699 2214 749 ex
2237 676 2504 773 quibus

237 803 489 872 crates
548 796 1025 889 succendunt,
1049 817 1235 892 quos
1277 817 1437 868 cum
1469 795 1935 872 manualibus
1957 802 2112 874 sclo
2134 802 2350 898 petis,
2372 826 2510 878 nec

235 922 650 1019 majoribus
664 921 1049 1000 tormentis
1064 923 1508 999 submovere
1526 931 1856 1021 possent,
1881 925 2216 1002 foramen
2237 951 2504 1023 magno

243 1072 406 1124 cum
430 1048 698 1125 labore
721 1049 982 1125 subtus
1004 1047 1349 1122 celeriter
1361 1048 1725 1146 aperiunt,
1751 1049 1945 1124 unde
1968 1060 2273 1150 repente
2296 1054 2508 1128 emis-

239 1177 344 1250 sis
376 1175 778 1252 tormentis
813 1176 1069 1252 hostes
1089 1176 1464 1271 fugantur,
1505 1200 1594 1250 ac
1613 1199 1784 1251 mox
1821 1176 2080 1252 vineas
2104 1185 2177 1252 et
2214 1179 2508 1276 pluteos

236 1302 480 1376 contis
507 1301 899 1399 hastisque
938 1301 1306 1393 deiiciunt,
1322 1309 1398 1376 et
1417 1311 1665 1403 crates
1676 1305 1833 1400 jam
1860 1303 2205 1378 ardentes
2228 1306 2510 1401 exting-

241 1433 445 1501 vunt.
507 1426 634 1502 Ad
653 1425 1007 1504 orientem
1029 1427 1258 1503 nihilo
1299 1427 1547 1501 acrius
1621 1428 2343 1527 instabant,namque
2363 1431 2511 1505 fos-

241 1576 404 1629 sam
427 1552 679 1629 saccis
700 1554 1149 1629 tumentibus
1170 1555 1386 1629 humo
1410 1561 1839 1650 aequarunt,
1861 1556 1967 1631 ita
1984 1562 2064 1631 ut
2080 1556 2510 1633 fenestellas

240 1679 790 1779 propugnaculi
844 1679 940 1755 ad
993 1688 1358 1757 tormenta
1432 1679 1834 1756 emittenda
1872 1705 2156 1778 aggere
2212 1681 2550 1764 inutiles,

249 1805 688 1901 redderent,
781 1806 1166 1903 vineisque
1247 1806 1561 1883 admotis
1602 1863 1618 1900 ,
1696 1830 1788 1880 ex
1871 1807 2080 1903 queis
2155 1782 2509 1906 sclopetis

245 1931 735 2025 saeviebant,
810 1952 1039 2026 aegre
1137 1930 1573 2008 defensores
1668 1931 2198 2024 consisterent,
2277 1932 2509 2008 donec

244 2056 640 2136 machinae
692 2059 1025 2134 aduncae
1064 2082 1156 2134 ac
1189 2059 1391 2134 hami
1410 2038 1635 2155 atque
1672 2057 1842 2133 unci
1876 2058 2103 2134 ferrei
2140 2067 2509 2156 aptantur.

250 2185 544 2280 Quibus
581 2192 891 2285 repente
968 2186 1282 2281 emissis,
1357 2185 1565 2259 coria
1623 2185 2252 2283 discerpebantur,
2292 2186 2510 2259 simul

245 2313 507 2412 picem,
547 2334 805 2387 sevum
843 2311 1341 2409 liquefactum,
1382 2335 1473 2386 ac
1493 2311 1907 2409 manipulos
1945 2311 2289 2385 frumenti
2326 2332 2507 2385 sevo

253 2437 489 2515 illitos
528 2445 606 2514 et
657 2436 1002 2514 incensos
1078 2439 1417 2515 certatim
1492 2436 2025 2537 superfundere
2064 2437 2305 2531 ignem
2343 2436 2513 2511 mis·

243 2565 456 2642 silem
509 2565 893 2663 ingerere,
970 2565 1098 2642 alii
1154 2587 1417 2641 saccos
1491 2564 1688 2640 intra
1726 2584 1971 2639 arcem
2029 2560 2348 2638 trahere.
2389 2563 2508 2638 Ita

245 2691 531 2766 cunctis
586 2690 973 2766 conatibus
993 2691 1226 2766 irritis
1266 2691 1505 2766 denuo
1545 2689 1996 2782 adoriuntur,
2029 2712 2118 2764 ac
2153 2688 2509 2763 Bebecia-

243 2839 413 2893 num
486 2817 877 2893 tormentis
948 2816 1244 2920 penitus
1285 2816 1604 2914 dejicere
1662 2823 2055 2910 conantur,
2150 2815 2345 2911 quod
2435 2821 2511 2888 et

248 2944 682 3020 effecissent
735 2943 952 3021 motis
981 2947 1141 3042 Jam
1161 2944 1515 3039 cratibus,
1552 2944 1699 3018 nisi
1735 2943 2010 3018 robora
2050 2941 2334 3016 catenis
2370 2942 2510 3014 fer-

252 3072 403 3148 reis
442 3071 892 3168 funibusque
933 3071 1185 3146 vincta
1239 3071 1336 3147 ab
1375 3072 1573 3146 intus
1628 3070 1877 3145 valide
1951 3067 2508 3150 connexissent;

256 3220 401 3296 qua
439 3221 525 3272 re
544 3199 1037 3298 perfecerant,
1058 3206 1141 3273 ut
1195 3198 1404 3296 globi
1453 3195 1747 3272 etiamsi
1781 3202 2276 3296 penetrarent,
2314 3194 2510 3268 fora·

257 3323 581 3400 minibus
621 3322 915 3422 quidem
950 3323 1194 3418 factis,
1233 3324 1519 3398 ruinam
1556 3321 1757 3397 haud
1792 3343 2136 3417 magnam
2182 3320 2506 3411 ederent,

254 3471 411 3526 cum
479 3458 728 3525 crates
787 3449 1078 3524 minime
1135 3450 1743 3542 dissolverentur,
1800 3454 1927 3522 aut
1964 3444 2335 3536 caderent,
2375 3444 2509 3518 sed

262 3575 776 3674 persisterent,
809 3598 1311 3673 aggeremque
1332 3575 1811 3652 continerent.
1830 3569 1952 3644 Ad
1991 3570 2344 3646 orientem
2382 3590 2505 3643 au-

262 3708 409 3777 tem
428 3704 780 3801 ingentes
808 3703 1167 3778 materiae
1187 3710 1439 3779 sectae
1461 3709 1706 3776 strues
1745 3703 2322 3796 comportavere,
2358 3695 2510 3790 qui-

249 3828 384 3903 bus
410 3828 697 3905 fossam
716 3829 988 3906 iterato
1011 3831 1399 3929 complent.
1458 3825 1609 3902 Sed
1629 3821 1753 3900 hic
1773 3846 2064 3925 quoque
2087 3829 2393 3898 conatus
2431 3821 2505 3894 in

247 3957 530 4034 irritum
551 3957 773 4033 cadit.
854 3955 1234 4055 Siquidem
1293 3953 1714 4051 Gregorius
1751 3951 2234 4028 Bornemisza
2290 3968 2501 4020 scan-

245 4082 459 4158 dulas
498 4081 868 4159 dissectas
903 4082 980 4157 in
1017 4084 1327 4159 vaseula
1386 4104 1551 4157 cum
1590 4077 1946 4178 sclopetis
1986 4072 2313 4167 includit,
2352 4080 2502 4145 tum

241 4210 370 4285 illa
405 4207 867 4285 inflammata
940 4210 1260 4307 ejiciunt,
1372 4209 1588 4284 simul
1625 4206 2040 4304 manipulos
2115 4200 2301 4300 pice,
2359 4201 2502 4274 sul-

145 4366 156 4377 ’
240 4337 501 4436 phure‚
541 4359 722 4412 sevo
746 4338 1205 4437 superfusos,
1266 4344 1491 4435 atque
1542 4355 1923 4423 accensos,
1962 4352 2054 4403 ac
2089 4326 2501 4428 pingvioris

242 4461 601 4537 materiae
643 4463 951 4562 copiam,
990 4463 1226 4556 larda,
1269 4463 1695 4559 axungiam,
1734 4456 2127 4548 frustatim,
2204 4451 2506 4531 strami-

239 4611 480 4690 naque
518 4612 989 4688 aggregare,
1067 4596 1327 4666 contra
1383 4591 1682 4667 Turcae
1757 4583 2191 4679 extingvere
2232 4578 2503 4668 conari,

342 4756 419 4792 ΠΟ
436 4755 566 4793 m.
598 4754 767 4793 ΜΟ.
799 4756 940 4793 mer.
971 4754 1172 4792 scm‘r.
1209 4754 1317 4792 XVI·
2127 4704 2176 4779 5
