3293 5219
2338 345 2434 421 17

240 568 310 633 ut
344 563 690 659 extemplo
731 560 1144 650 decederet,
1188 560 1311 656 qui
1347 560 1508 657 pari
1549 568 1743 634 metu
1781 561 2447 662 pe1·culsuS,reple-

232 687 321 761 tis
353 690 640 785 pulvere
679 686 1076 785 sulphureo
1109 687 1205 760 ad
1245 708 1526 769 summa
1565 710 1696 760 ora
1735 689 2116 763 tormentis
2155 696 2229 764 et
2266 689 2450 765 funi-

232 813 397 887 culis
431 813 781 904 accensis,
824 811 1007 886 locis
1048 813 1482 911 opportunis
1521 813 1836 902 relictiS,
1880 814 2022 888 sibi
2062 816 2443 893 consuluit.

234 935 437 1012 Paulo
474 945 641 1036 post
700 946 1224 1013 tormentorum
1282 938 1594 1035 crepitu,
1654 964 1745 1019 ex
1804 940 2065 1036 quibus
2106 941 2247 1016 duo
2288 951 2443 1017 tan-

228 1072 358 1138 tum
391 1063 698 1139 eximiae
742 1062 1263 1159 magnitudinis
1310 1063 1685 1161 disrupta,
1748 1065 2111 1163 dilapsum
2167 1067 2447 1165 praesi-

230 1190 396 1265 dium
456 1191 1030 1286 intelligebatur.
1102 1187 1324 1263 Cives
1369 1212 1540 1264 vero
1581 1199 1940 1288 occupata
1979 1215 2152 1268 arce
2194 1217 2447 1283 vacua,

229 1315 397 1413 qnod
434 1316 813 1414 praesenti
853 1315 1077 1391 exitio
1117 1315 1679 1389 saluberrimum
1702 1316 1956 1407 visum,
1980 1318 2231 1392 missis
2267 1343 2441 1395 nun-

227 1440 343 1516 ciis
381 1466 606 1541 seque
650 1450 722 1517 et
759 1442 1129 1517 civitatem
1171 1449 1244 1516 et
1283 1464 1524 1516 arcem
1563 1441 2042 1538 Beglerbego
2083 1443 2450 1521 dedidere.

225 1568 544 1643 Andreas
583 1569 869 1665 Batory
943 1578 1017 1643 et
1098 1566 1414 1643 Gabriel
1489 1566 1848 1644 Perenius
1905 1569 1977 1642 in
2056 1571 2446 1646 Tamashi-

225 1692 328 1781 da,
365 1695 690 1769 Thomas
733 1692 1086 1769 Varkoch
1127 1695 1199 1768 in
1241 1693 2186 1791 Erdeohegy,Franciscus
2224 1694 2445 1772 Pato-

223 1821 354 1917 chy
403 1831 473 1896 et
527 1820 886 1898 Melchior
943 1823 1262 1897 Balassa
1321 1820 1593 1897 Giulae
1655 1822 1959 1897 modicis
2033 1822 2446 1898 intervallis

221 1958 452 2021 castra
488 1946 882 2022 habebant.
941 1949 1059 2022 De
1100 1970 1402 2044 quorum
1444 1970 1744 2022 numero
1787 1948 2235 2023 Franciscus
2258 1948 2446 2024 Hor-

221 2081 340 2148 ηε
387 2080 865 2169 cognomento
943 2074 1155 2169 Nag,
1229 2095 1454 2171 posse
1558 2096 1802 2148 arcem
1880 2070 2175 2149 Challia
2250 2074 2447 2170 cogi-

217 2212 376 2275 tans
409 2201 789 2297 inprovisa
828 2207 902 2274 et
940 2200 1228 2276 occulta
1268 2201 1674 2297 irruptione
1696 2201 2180 2299 capi,auxilia
2199 2202 2445 2299 petiit;

223 2350 361 2424 quo
414 2327 589 2400 duce
649 2327 1082 2422 congregati
1138 2350 1230 2400 ex
1290 2326 1566 2401 nostris
1631 2322 1770 2399 DC
1808 2323 2218 2417 Challiam,
2257 2350 2445 2423 quae

215 2460 696 2529 tercentorum
754 2453 1162 2529 Turcarum
1224 2453 1595 2550 praesidio
1655 2455 2081 2543 tenebatur,
2157 2461 2446 2529 tentan-

215 2580 378 2655 dam
431 2580 1002 2679 proficiscuntur,
1061 2589 1134 2655 et
1189 2581 1506 2654 obscura
1563 2577 1823 2670 adbuc,
1883 2579 2247 2678 dubiaque
2286 2582 2445 2654 luce

219 2708 527 2783 admotis
582 2705 817 2783 scalis
873 2706 1213 2783 celeriter
1251 2710 1325 2781 in
1363 2732 1605 2782 arcem
1646 2706 2080 2804 pervadunt.
2140 2708 2431 2782 'Furcae

213 2834 401 2932 quod
437 2833 706 2908 Amhat
760 2834 998 2930 begus
1056 2857 1146 2907 ex
1196 2832 1481 2907 familia
1519 2831 1911 2928 Mihalogli
1951 2832 2189 2931 pridie
2220 2832 2437 2907 adve-

213 2964 462 3052 nisset,
498 2961 915 3061 pervigiliis
954 2967 1028 3034 et
1065 2960 1489 3035 temulentia
1528 2961 1752 3059 sopiti
1790 2984 1877 3034 ac
1918 2961 2154 3051 strati,
2196 2982 2445 3035 omnes

213 3090 368 3164 fere
405 3089 622 3164 caesi.
655 3089 813 3163 Nec
833 3087 1306 3184 Beglerbego
1327 3088 1611 3163 interea
1635 3087 1864 3162 defuit
1886 3087 2233 3162 victoria:
2270 3086 2446 3184 Lip-

224 3239 367 3314 pae
405 3215 718 3313 quinque
760 3214 990 3290 millia
1014 3216 1420 3289 'Furcarum
1461 3237 1623 3290 cum
1648 3213 1966 3290 Uluman
2005 3216 2195 3308 bego
2233 3235 2444 3310 prae·

216 3340 474 3416 sidium
527 3339 876 3440 imponit,
933 3341 1094 3439 ipse
1133 3341 1673 3415 Temesvarum
1712 3339 2284 3436 oppugnandum
2320 3360 2444 3435 pe-

217 3470 351 3557 tiit,
369 3467 776 3565 iisdemque
815 3467 1103 3543 omnino
1144 3467 1401 3543 diebus
1424 3464 1985 3560 Camberbegus
2022 3466 2443 3564 praefectus

219 3596 531 3691 Naglaci
569 3595 903 3671 ducentis
942 3595 1309 3692 equitibus
1349 3597 1444 3670 ad
1485 3594 1830 3692 oppidum
1872 3594 2099 3667 Mako
2141 3593 2347 3665 dives
2369 3600 2441 3663 et

215 3721 528 3818 amplum
567 3722 981 3820 profectus,
1039 3721 1367 3818 illudque
1407 3721 1742 3819 cupidine
1783 3719 2165 3815 sangvinis
2206 3743 2297 3793 ex
2336 3717 2439 3789 in·

219 3849 362 3921 sita
417 3848 665 3943 gentis
719 3848 1042 3922 saevitia
1100 3847 1308 3924 caedi
1377 3853 1450 3920 et
1505 3845 1827 3943 praedae
1905 3845 2446 3928 destinaveram

217 3973 347 4048 sed
384 3976 537 4049 suis
577 3975 859 4049 viribus
899 3975 1215 4066 diffisus,
1255 3975 1604 4050 auxilium
1644 3999 1692 4049 a
1729 3971 2216 4069 Segedinensi
2256 3972 2448 4065 bego

216 4101 759 4200 opperiebatur.
819 4100 984 4191 Qua
1022 4125 1102 4175 re
1142 4101 1449 4176 occultis
1487 4099 1797 4189 indiciis,
1841 4122 1929 4173 ex
1954 4099 2153 4172 vultu
2183 4096 2446 4193 gestis-

215 4249 356 4322 que
393 4226 790 4306 hostilibus
831 4235 1242 4325 comperta,
1301 4226 1510 4300 missi
1569 4249 1885 4323 propere
1925 4223 2164 4299 nuncii
2203 4222 2299 4298 ad
2339 4222 2440 4294 vi-

216 4354 378 4428 cina
435 4354 708 4453 oppida
765 4354 1113 4451 vicosque
1173 4354 1467 4429 auxiliis
1518 4350 2014 4442 accersendis,
2053 4373 2145 4424 ex
2186 4349 2447 4447 quibus

219 4491 503 4562 armata
532 4483 909 4575 juventus,
950 4488 1024 4554 et
1062 4504 1152 4555 ex
1192 4481 1399 4576 agris
1437 4479 1707 4553 milites
1728 4475 2117 4575 (hajdones
2143 4478 2441 4559 vocant)

217 4606 355 4682 snb
391 4605 633 4701 signis
674 4605 1059 4704 compositi
1097 4627 1620 4704 properavere.
1701 4600 2216 4694 Camberbego
2272 4599 2442 4674 alba

306 4770 507 4808 m
541 4770 707 4810 mfl·
741 4770 881 4807 81ss-
913 4770 1110 4811 lom.
1143 4771 1254 4808 ΧΠ.
2075 4724 2124 4802 2
