3293 5219
2224 428 2227 429 f
2328 273 2487 399 495

241 537 427 612 rime
449 530 1195 629 congessissc11t.Qua
1215 528 1289 603 in
1311 554 1389 604 re
1413 539 1659 605 tantus
1682 540 1842 606 erat
1860 533 2129 629 ubique
2172 537 2485 611 omnium

244 663 471 737 ardor
509 668 583 735 et
620 659 985 749 celeritas,
1009 664 1086 732 ut
1107 658 1443 754 plerique
1484 656 1815 750 primarii
1856 657 2014 750 viri,
2057 666 2130 732 et
2166 661 2482 736 feminae

242 812 336 863 ex
358 787 863 864 sulthanorum
882 782 1164 858 familia
1185 806 1276 855 ex
1315 782 1610 879 privata
1630 783 1945 879 pecunia
1968 786 2305 859 certatim
2326 789 2482 883 plu-

241 914 471 988 rimas
548 912 887 987 triremes
946 915 1450 983 exornassent.
1508 910 1685 1005 Ipse
1745 906 2163 1008 Stephanus
2203 911 2485 986 Bathor

241 1064 288 1112 a
378 1035 653 1113 Selimo
712 1034 1048 1125 monitus,
1108 1041 1186 1109 ut
1222 1035 1459 1131 pretio
1500 1036 1888 1109 cannabim
1965 1035 2485 1111 conficiendam

244 1169 556 1255 curaret,
578 1160 778 1236 mille
811 1168 1097 1234 centum
1117 1158 1388 1267 pondia
1408 1159 1735 1255 gratuito
1795 1160 2108 1259 Lippam
2166 1163 2485 1255 secundo

243 1285 619 1363 Marussio
639 1286 856 1360 misit.
902 1284 1117 1376 Quod
1139 1285 1697 1381 eigratumvfuit.
1738 1288 1826 1360 In
1863 1293 2073 1361 tanta
2107 1287 2298 1364 enim
2339 1286 2483 1362 cla-

240 1411 331 1485 de
389 1435 549 1487 cum
604 1409 834 1486 multa
890 1417 1140 1483 essent
1194 1410 1642 1502 necessaria,
1688 1434 1875 1507 quae
1915 1433 2194 1486 summa
2233 1411 2486 1487 celeri-

236 1545 394 1613 tate
471 1546 682 1612 erant
727 1535 1083 1634 paranda,
1108 1534 1291 1609 nihil
1330 1543 1574 1611 tamen
1615 1560 1843 1634 supra
1864 1535 2157 1612 solitum
2193 1539 2481 1636 provin-

236 1664 373 1738 ciis
411 1671 486 1737 et
520 1662 778 1759 regnis
817 1662 1252 1759 imperatum
1293 1671 1427 1752 est,
1470 1685 1630 1737 cum
1671 1663 1967 1738 liberali
1984 1665 2221 1761 pretio
2244 1664 2487 1739 omnia

243 1796 870 1888 compararentur.
948 1785 1238 1862 Classis
1297 1810 1476 1881 ergo
1518 1784 1847 1863 CCVIII
1902 1790 2196 1863 navium
2252 1790 2486 1864 omnis

240 1917 544 2012 generis
581 1915 943 1990 instructa
965 1923 1098 2007 est,
1121 1914 1464 2011 adjuncto
1508 1914 1577 1987 ei
1619 1915 1957 1989 terrestri
1983 1938 2268 2012 quoque
2283 1939 2487 1991 exer-

235 2042 404 2134 citu,
426 2041 728 2116 duorum
750 2039 1009 2115 ducum
1029 2039 1341 2114 maxime
1384 2040 1627 2127 ductu,
1669 2036 1942 2114 Siausii
1982 2048 2054 2114 et
2092 2040 2482 2139 Huzaymi,

237 2191 541 2264 quorum
580 2167 772 2242 hunc
847 2165 1166 2241 Selimus
1207 2190 1297 2240 ex
1349 2167 1707 2261 magistro
1751 2166 2077 2261 equitum
2119 2167 2484 2241 Graeciae

236 2293 618 2368 absentem
673 2292 747 2366 in
806 2314 942 2365 sex
1002 2291 1203 2365 viros
1260 2299 1410 2365 tum
1449 2292 1759 2386 legerat,
1810 2300 1881 2365 et
1938 2291 2318 2367 ‘sexvirali
2357 2317 2481 2390 po-

231 2427 506 2494 testate
562 2416 989 2515 provinciae
1045 2417 1512 2513 praefecerat
1553 2444 1567 2488 z
1645 2416 1852 2489 illum
1927 2440 2019 2489 ex
2100 2419 2477 2514 praefecto

234 2542 871 2642 praetorianorum
951 2539 1387 2636 magistrum
1445 2541 1766 2638 equitum
1817 2540 2125 2616 dixerat.
2186 2545 2482 2618 Interea

238 2693 414 2745 orae
456 2667 894 2744 dalmaticae
954 2668 1401 2742 Venetorum
1459 2669 1882 2766 praefectus
1940 2665 2169 2742 Sarra
2224 2668 2479 2742 Marti-

232 2817 550 2891 nengus‚
609 2816 769 2868 cum
824 2792 1063 2867 tribus
1113 2793 1435 2890 peditum
1493 2792 1818 2867 millibus
1877 2788 2476 2868 Castellonovum

235 2945 399 2997 cum
420 2918 1105 3009 tentasset‚auxiliis
1147 2918 1556 2993 Turcarum
1595 2919 1980 2993 celerrime
2021 2919 2472 2995 accurrenti·

230 3050 370 3122 bus
427 3029 651 3119 facile
690 3043 1138 3119 retrocessit.
1182 3044 1288 3119 Ut
1325 3051 1570 3117 tamen
1610 3045 1703 3118 ad
1742 3066 1877 3117 sua
1916 3045 2188 3119 tuenda
2224 3045 2473 3141 potius

229 3171 562 3247 Venetos
623 3176 995 3263 cogerent,
1039 3191 1255 3265 quam
1331 3177 1409 3243 ut
1447 3169 1798 3244 invadere
1838 3192 2088 3243 eorum
2126 3169 2311 3243 fines
2352 3193 2474 3243 au-

234 3299 514 3388 derent,
610 3294 972 3391 simulque
1084 3292 1466 3368 obsidione
1541 3289 1954 3367 Catarenos
2028 3301 2473 3390 premerent:

228 3420 616 3497 castellum
673 3419 768 3494 ad
827 3417 1232 3494 Catharum
1272 3417 1866 3494 exaedificarunt.
1931 3419 2121 3491 Exin
2160 3417 2340 3491 Pius
2379 3419 2470 3494 V.

226 3548 551 3638 moritur,
591 3554 665 3621 et
723 3543 1137 3641 Gregorius
1180 3547 1398 3620 XIII.
1442 3551 1753 3638 creatum
1811 3544 1883 3616 in
1936 3566 2076 3640 quo
2117 3543 2469 3640 temporis

229 3674 429 3749 haud
520 3651 823 3747 multum
918 3674 1329 3747 absumtum
1387 3680 1520 3745 est.
1615 3669 1765 3745 Sed
1821 3678 2066 3743 tamen
2119 3669 2234 3742 vis
2293 3668 2471 3742 belli

223 3797 586 3894 refriguit.
626 3795 1011 3894 Hispanus
1049 3795 1342 3892 belgico
1388 3796 1579 3870 bello
1619 3794 2014 3892 implicitus
2074 3794 2168 3868 ad
2207 3794 2468 3868 Messi-

223 3948 395 4001 nam
436 3924 753 3998 classem
790 3923 1041 4016 tenuit,
1080 3922 1327 3997 missis
1387 3921 1615 3997 XXV
1671 3921 2092 3995 triremibus
2172 3916 2463 4019 Corcy-

225 4076 405 4145 ram;
448 4073 592 4147 quo
621 4053 781 4145 jam
812 4056 1078 4123 veneta
1118 4047 1387 4122 classis
1427 4056 1500 4122 et
1537 4046 1912 4144 pontificia
1949 4055 2463 4121 convenerant.

226 4178 526 4252 Marcus
566 4173 932 4250 Antonius
953 4171 1314 4249 Columna
1349 4173 1741 4251 universae
1780 4173 2067 4264 classis,
2096 4173 2170 4247 in
2206 4173 2469 4248 absen-

229 4302 335 4376 tia
371 4303 422 4376 J
428 4299 738 4388 ohannis
779 4298 1191 4389 Austriaci,
1252 4322 1343 4372 ex
1402 4297 1942 4374 conditionibus
1980 4296 2302 4370 foederis
2341 4297 2466 4369 im-

225 4434 545 4526 perator,
586 4447 747 4498 cum
787 4425 1062 4498 frustra
1120 4423 1240 4497 diu
1298 4430 1813 4521 exspectasset
1886 4422 2464 4518 conjunctionem

225 4551 499 4628 classis
590 4549 1042 4647 hispanicae,
1156 4557 1228 4622 et
1282 4549 1566 4623 turcica
1622 4556 1879 4645 portus
1937 4554 2158 4642 atque
2235 4545 2466 4620 maria
