3293 5219
709 327 869 402 406

713 540 1234 624 commisisset,
1255 537 1433 632 igne
1473 536 1922 631 expiaretur.
1946 533 2310 606 Extracto
2387 553 2569 627 ergo
2608 528 2979 624 sangvine

717 676 791 742 et
828 669 1316 752 concremato,
1381 668 1731 757 tanquam
1807 660 2151 757 expiatus
2210 665 2284 732 et
2320 683 2456 755 pro
2494 653 2777 752 ingenti
2815 675 2982 752 pec-

718 799 885 868 cato
925 787 1189 888 plexus
1229 792 1459 875 esset,
1491 785 1773 882 Judicio
1814 784 2283 859 satisfactum
2322 784 2476 858 fuit.
2537 779 2704 857 Hoc
2743 803 2982 877 genus

717 914 1212 1015 inquisitionis
1248 912 1326 986 in
1364 911 1759 1009 Hispaniis
1797 910 2135 1002 habetur,
2193 917 2751 1006 exerceturque.
2817 907 2984 981 Nos

718 1044 856 1119 sub
880 1040 1387 1139 captivitatem
1408 1036 1663 1112 Caroli
1686 1035 1997 1113 Genuae
2040 1039 2116 1111 in
2138 1037 2505 1134 quendam
2550 1034 2993 1110 monachum

721 1167 979 1244 Sancti
1050 1163 1439 1239 Benedicti
1517 1163 1800 1237 ordinis
1881 1162 2314 1258 generalem
2389 1160 2978 1236 commissarium

720 1295 1107 1388 hispanum
1173 1288 1583 1382 incidimus,
1625 1291 1750 1386 qui
1788 1290 2027 1364 Roma
2080 1289 2155 1362 in
2206 1288 2620 1386 Hispanias
2655 1293 2985 1361 reverte-

720 1421 960 1492 batur.
983 1412 1251 1490 Genua
1266 1415 1457 1489 enim
1471 1415 1891 1492 commodus
1913 1422 2030 1488 est
2066 1414 2142 1487 in
2179 1412 2593 1511 Hispanias
2629 1435 2765 1510 per
2783 1434 2988 1485 mare

721 1543 1100 1619 transitus.
1140 1539 1327 1616 Cum
1349 1564 1492 1637 quo
1514 1540 1746 1616 multa
1763 1539 2230 1617 familiariter
2269 1539 2669 1636 colloquuti
2706 1545 2781 1614 et
2816 1561 2983 1636 per·

723 1667 1424 1758 contati,affirmavit
1444 1690 1589 1743 sea
1608 1667 1745 1743 Pio
1784 1669 1878 1743 V.
1918 1667 2264 1766 pontifice
2276 1665 2596 1741 maximo
2635 1664 2990 1739 mandata

725 1794 1004 1870 habere
1022 1791 1119 1865 ad
1143 1790 2310 1890 Philippum,peterepontificem,
2332 1814 2425 1867 ne
2464 1788 2816 1866 Carolum
2854 1813 2983 1864 nn·

728 1942 945 2017 quam
1003 1917 1335 1991 libertati
1394 1917 1841 2009 restitueret,
1881 1916 2076 2014 quod
2115 1917 2306 1992 enim
2337 1915 2404 1990 si
2438 1916 2743 2006 faceret,
2779 1914 2983 1990 illum

724 2046 886 2119 fore
944 2042 1093 2139 qui·
1125 2041 1517 2116 ecclesiam
1610 2064 1989 2117 romanam
2051 2043 2504 2134 destrueret,
2563 2043 2774 2137 cujus
2819 2040 2984 2138 ipse

728 2177 931 2244 certe
971 2175 1227 2244 auctor
1264 2169 1555 2243 futurus
1595 2177 1819 2244 esset.
1880 2169 2131 2262 Quare
2159 2168 2645 2267 jureJurando
2683 2191 2983 2244 asseve-

727 2296 965 2387 rabat,
1003 2318 1373 2392 nunquam
1426 2295 1774 2388 futurum,
1811 2305 1893 2372 ut
1927 2295 2250 2373 Carolus
2289 2297 2479 2371 liber
2518 2297 2749 2371 fieret.
2788 2294 2986 2370 Nam

727 2421 850 2497 hic
922 2421 1325 2496 monachus
1383 2420 1495 2495 vir
1553 2421 1916 2512 eruditus,
1975 2430 2051 2496 et
2103 2444 2252 2498 non
2305 2428 2731 2520 postremae
2788 2419 2985 2517 apud

728 2545 1125 2643 religiosos
1184 2546 1669 2640 auctoritatis,
1730 2546 1847 2622 cui
1899 2547 2233 2647 pontifex
2290 2551 2585 2623 secreta
2634 2543 2988 2621 mandata

731 2672 1237 2765 commiserat,
1297 2674 1394 2747 ab
1433 2697 1523 2748 eo
1563 2673 1895 2771 Philippi
1930 2674 2137 2770 regis
2176 2674 2495 2749 animum
2531 2695 2719 2766 erga
2755 2671 2986 2747 filium

728 2797 1219 2872 intellexerat.
1280 2798 1400 2872 De
1437 2799 1928 2874 mutabilitate
1964 2799 2305 2875 fortunae
2342 2820 2489 2872 non
2528 2805 2647 2873 est
2682 2821 2984 2893 magno-

729 2945 909 3020 pere
951 2920 1402 3015 mirandum,
1465 2923 1641 3019 quia
1700 2923 1975 2998 similia
2030 2924 2374 3023 exempla
2411 2946 2559 2999 non
2597 2923 2836 2999 solum
2874 2923 2979 2997 hi-

732 3047 1010 3123 storiae
1040 3048 1256 3123 nobis
1275 3048 1594 3140 tradunt,
1616 3048 1752 3124 sed
1790 3049 2015 3125 etiam
2052 3058 2315 3127 nostra
2350 3057 2692 3148 tempora
2707 3048 2983 3139 videre,

730 3194 892 3248 cum
933 3172 1382 3249 Franciscus
1419 3198 1554 3249 rex
1592 3174 1963 3251 Franciae
2004 3182 2265 3275 captus
2302 3176 2588 3269 fuisset,
2642 3174 2982 3274 pontifex

730 3321 1077 3374 romanus
1136 3299 1395 3375 eodem
1449 3298 1705 3391 mod0,
1763 3301 1817 3377 J
1821 3300 2153 3377 ohannes
2209 3324 2345 3377 rex
2403 3300 2791 3397 Ungariae
2848 3301 2982 3374 ali·

732 3425 1080 3521 quamdiu
1116 3424 1377 3522 pulsus
1417 3425 1492 3499 in
1523 3424 1838 3501 Polonia
1874 3426 2268 3521 latitasset,
2324 3450 2459 3503 rex
2480 3450 2659 3503 vero
2682 3425 2983 3502 Scotiae

724 3557 896 3624 ante
916 3549 1286 3626 biennium
1307 3553 1404 3626 ab
1442 3575 1674 3627 uxore
1692 3560 2000 3628 necatus
2040 3560 2263 3646 esset,
2287 3561 2362 3629 et
2395 3554 2566 3653 ipsa
2606 3554 2702 3629 ab
2724 3553 2971 3649 tegni-

727 3674 914 3759 colis
973 3674 1290 3772 captiva,
1350 3683 1425 3750 et
1480 3676 1777 3751 tandem
1835 3678 2164 3753 evadens
2221 3660 2731 3778 captivitatem
2787 3701 2985 3753 nunc

730 3821 1021 3897 quoque
1076 3799 1154 3874 in
1210 3799 1488 3899 Aug-lia
1542 3804 1852 3879 exsulet.
1912 3802 2062 3879 Sed
2100 3805 2511 3882 mirandum
2549 3813 2665 3881 est
2713 3805 2984 3905 magis,

730 3925 926 4021 quod
999 3933 1217 4024 pater
1290 3928 1518 4003 filium
1557 3929 1935 4023 occiderit,
2014 3934 2391 4030 multoque
2465 3932 2708 4031 magis
2783 3934 2981 4029 quod

727 4051 1199 4147 unigenitum.
1297 4054 1489 4130 Nam
1601 4056 1694 4130 de
1787 4055 2258 4134 Ottomannis
2350 4081 2563 4136 nemo
2654 4060 2982 4151 miretur,

731 4175 927 4270 quod
983 4176 1096 4250 illi
1150 4176 1424 4252 nullam
1488 4188 1615 4256 aut
1699 4181 2070 4257 minimam
2118 4185 2615 4279 cognitionem
2654 4183 2983 4279 habeant

727 4299 1097 4399 virtutum
1138 4310 1216 4378 at
1253 4327 1391 4380 nos
1433 4305 1895 4385 heroicarum
1914 4310 2263 4386 virtutum
2302 4313 2644 4405 cultores,
2667 4320 2744 4389 et
2781 4317 2980 4411 quod

729 4427 968 4521 majus
1025 4436 1159 4518 est,
1211 4430 1624 4508 divinarum
1663 4435 1911 4531 legum
1950 4457 2119 4511 esse
2156 4437 2515 4511 volumus.
2576 4437 2792 4513 Haec
2828 4463 2976 4515 non

731 4572 820 4625 eo
859 4551 1046 4646 dico,
1085 4561 1165 4630 ut
1192 4557 1546 4653 ,iudicium
1587 4560 1762 4635 mihi
1802 4584 2081 4638 sumam
2119 4563 2211 4638 de
2231 4564 2456 4638 rebus
2476 4564 2974 4659 gravissimis,
