3293 5219
2389 363 2544 441 331

298 589 540 664 nostri
558 588 1133 685 conflagravere.
1155 587 1438 662 Eadem
1457 592 1673 663 nocte
1693 588 1766 662 in
1787 586 2057 686 oppido
2081 581 2541 659 Rima-Zom-

298 717 433 791 bat
467 723 995 815 pernoctatum,
1029 722 1104 790 et
1142 713 1646 789 scrutantibus
1687 719 2029 813 repertae
2067 711 2364 786 litterae
2405 709 2543 784 Be-

302 842 489 929 beci‚
531 842 739 940 queis
778 842 1071 918 Turcas
1111 849 1185 917 et
1231 842 1597 916 Tartaros
1636 839 2082 932 conciverat,
2112 838 2206 914 ad
2244 837 2549 912 circum—

301 969 711 1046 veniendos
751 977 825 1045 et
843 966 1197 1068 delendos
1235 976 1553 1044 nostros.
1592 966 1778 1043 Inde
1809 966 1924 1041 ira
1943 969 2223 1064 majore
2245 987 2551 1065 concep-

305 1107 407 1190 ta,
428 1098 745 1172 castella
769 1094 1084 1192 Georgii
1105 1097 1357 1170 Bebec
1376 1094 1758 1189 Pelseocz‚
1782 1089 2243 1188 Gombazeg,
2280 1070 2357 1167 et
2398 1089 2549 1168 Ga-

305 1247 434 1324 gy,
461 1229 748 1298 tentata
766 1228 1047 1297 tantum
1068 1223 1639 1319 oppugnatione,
1679 1222 1754 1297 in
1795 1221 2236 1295 deditionem
2256 1242 2550 1295 venere.

308 1347 708 1447 Comperto
750 1348 1013 1424 deinde
1051 1347 1462 1424 Turcarum
1497 1355 1571 1423 et
1592 1348 2083 1423 Tartarorum
2102 1346 2410 1422 consilio
2433 1370 2556 1422 ex·
2613 1339 2622 1346 ’

310 1475 655 1571 cludendi
691 1481 988 1550 nostros
1026 1470 1419 1567 Oassovia‚
1460 1474 1552 1548 ad
1609 1472 1957 1572 oppidum
1994 1472 2179 1548 Zina
2215 1481 2554 1568 promota

312 1601 811 1700 castra3illinc
851 1599 1146 1676 Svenda
1184 1598 1622 1677 Cassoviam
1660 1603 2060 1700 profectus,
2100 1597 2347 1675 Simon
2372 1600 2550 1676 For-

310 1729 505 1827 gach
547 1726 1140 1804 Craznahorcam
1161 1750 1407 1804 arcem
1445 1729 1771 1804 validam
1827 1736 1902 1804 et
1940 1750 2228 1824 magnow
2265 1726 2545 1826 praesi-

312 1856 431 1931 dio
492 1855 855 1931 firmatam
909 1854 1499 1952 oppugnandam.
1595 1853 2106 1929 Temerarium
2159 1852 2550 1929 videbatur

311 1981 716 2076 consilium,
740 1981 1035 2057 Bebeco
1094 1982 1388 2057 Turcas
1427 1982 1939 2079 Tartarosque
1958 1987 2263 2080 paratos
2290 1982 2446 2077 jam
2466 2002 2557 2056 ac

313 2110 734 2210 procinctos
772 2106 1251 2185 sollicitante:
1292 2108 1424 2184 sed
1473 2109 1545 2183 in
1578 2107 1992 2201 celeritate,
2031 2114 2555 2184 tormentorum

314 2240 408 2333 vi,
447 2261 538 2313 ac
574 2236 880 2312 militum
918 2236 1187 2312 virtute
1226 2258 1401 2333 spes
1439 2243 1621 2311 erat.
1646 2236 1854 2332 Ergo
1892 2235 2020 2311 ubi
2060 2257 2148 2311 eo
2173 2236 2392 2330 venit,
2414 2258 2550 2332 per

314 2372 603 2440 noctem
640 2370 1004 2439 tormenta
1043 2382 1276 2438 aenea
1317 2362 1699 2461 disposuit,
1723 2370 1799 2439 et
1832 2369 2139 2462 postera
2178 2361 2296 2436 die
2332 2383 2554 2436 unum

313 2489 949 2591 propugnaculum
986 2489 1234 2566 valide
1275 2490 1824 2588 conquassavit.
1890 2486 2044 2566 Ubi
2080 2486 2557 2587 praesidiarii

318 2619 521 2696 aliud
543 2641 831 2717 quoque
852 2617 1198 2717 quassari
1218 2626 1292 2693 et
1305 2617 1929 2716 oppugnationem
1939 2618 2095 2714 jam
2112 2615 2370 2716 parari
2389 2639 2557 2693 con-

318 2769 660 2846 spexere,
681 2744 1081 2853 deditionis
1119 2744 1408 2841 signum
1446 2745 1719 2838 fecere,
1760 2751 1980 2842 atque
2020 2749 2323 2841 recepta
2378 2763 2555 2818 arce

314 2874 721 2950 incolumes
778 2871 1061 2946 dimissi
1117 2878 1304 2946 sunt.
1344 2871 1509 2947 Nec
1543 2871 1743 2947 ultra
1777 2871 1882 2945 ibi
1920 2875 2298 2964 moratum,
2339 2892 2557 2967 quam

315 2999 772 3099 praesidium
790 2998 1210 3097 impositum
1250 3005 1387 3074 est.
1447 2999 1640 3074 Nam
1680 2998 2083 3074 exercitum
2122 2998 2553 3085 Turcarum,

320 3108 953 3222 Tartarorumque
1011 3125 1457 3218 adventare,
1531 3125 1583 3202 ,J
1588 3123 1947 3200 ohannem
2003 3124 2104 3199 II.
2172 3143 2557 3220 egressum

321 3279 481 3332 cum
521 3254 755 3353 copiis
834 3253 1427 3347 Transsilvauia,
1484 3253 1842 3328 incertum
1896 3251 2136 3326 adhuc
2191 3274 2333 3348 quo
2390 3270 2558 3324 con-

321 3379 509 3475 silio,
549 3379 1095 3456 Debrecenium
1130 3386 1300 3477 post
1338 3401 1422 3453 se
1459 3377 1855 3474 reliquisse
1888 3376 2395 3451 nunciabatur.

537 3506 830 3584 Octavo
905 3507 1024 3582 die
1115 3515 1504 3606 postquam
1571 3529 1835 3581 caesar
1891 3507 1942 3582 J
1947 3507 2279 3583 aurinum
2333 3506 2554 3593 venit,

325 3635 593 3712 castris
632 3635 849 3711 motis
888 3634 1204 3710 milliare
1243 3634 1673 3728 confectum,
1707 3634 2043 3732 sequenti
2085 3634 2261 3728 duo;
2300 3640 2373 3708 et
2408 3639 2561 3708 tum

318 3762 630 3860 primum
668 3761 1036 3838 exercitus
1091 3770 1167 3837 et
1222 3768 1495 3854 castra,
1535 3761 1810 3835 monitu
1848 3759 2342 3857 Ungarorum,
2381 3758 2561 3832 mili-

319 3889 577 3963 tariter
631 3890 1009 3965 instructa.
1070 3888 1362 3983 Ungari
1417 3888 1654 3964 tribus
1710 3886 2126 3983 agminibus
2181 3908 2315 3984 per
2368 3885 2562 3959 fron—

320 4023 464 4091 tem
504 4023 580 4091 et
618 4006 924 4092 levioris
965 4023 1383 4091 armaturae
1423 4014 1711 4111 equites
1748 4014 2152 4108 incessere3
2209 4036 2379 4089 mox
2415 4018 2563 4086 tor-

324 4151 572 4219 menta
630 4168 887 4237 aenea,
944 4143 1463 4243 impedimenta
1521 4148 1596 4217 et
1652 4140 1884 4231 carri,
1923 4146 1999 4215 et
2037 4148 2206 4238 post
2241 4138 2563 4237 peditum

326 4271 645 4365 ordineS‚
708 4280 780 4346 et
836 4270 1097 4346 deinde
1157 4293 1383 4367 eques
1443 4268 1700 4365 gravis
1759 4274 2196 4341 armaturae.
2295 4262 2567 4338 Castra

334 4402 527 4500 apud
616 4400 874 4476 villam
952 4398 1237 4475 Genieo
1313 4396 1461 4473 fixa
1535 4398 1675 4473 III.
1740 4394 2046 4470 Calend.
2105 4393 2566 4494 Septembris

330 4527 913 4624 quadrangulari
969 4528 1243 4622 forma;
1279 4548 1414 4619 pro
1456 4521 1921 4598 munimentis
1962 4520 2156 4597 carri
2196 4520 2563 4618 atqueim-

326 4654 744 4753 pedimenta
805 4653 1193 4754 disposita3
1214 4674 1435 4729 unum
1456 4651 1648 4727 latus
1672 4648 2065 4726 Danubius
2091 4645 2555 4743 defendebat3
