3293 5219
2337 260 2440 339 37

183 475 329 550 cius
387 495 555 548 cum
615 473 799 549 solis
851 482 1165 572 quatuor
1204 474 1576 572 equitibus
1611 476 2042 573 ingressus,
2102 500 2426 576 namque

198 599 632 676 auxiliorum
672 610 747 677 et
776 602 1151 701 copiarum
1173 603 1669 700 parandarum
1691 627 1921 681 causa
1945 606 2226 697 aberat,
2241 606 2432 680 mili-

204 734 342 801 tem
366 728 765 820 recensuit,
786 736 864 803 et
901 751 1094 803 novo
1139 738 1628 821 sacramento,
1667 754 1936 826 magno
1976 735 2288 807 omnium
2329 753 2447 808 as·

199 876 417 930 sensu
446 862 524 928 et
544 855 1064 950 gratulatione,
1086 856 1297 930 miles
1318 864 1395 931 et
1410 858 1817 955 imperator
1856 882 1938 933 se
1975 861 2288 934 invicem
2313 860 2439 932 ob-

197 981 579 1073 strinxere,
596 1004 756 1056 cum
774 1005 911 1081 pro
928 983 1273 1061 concione
1286 1007 1646 1082 quemque
1666 986 1765 1059 ad
1785 986 2168 1061 christiani
2187 984 2439 1059 militis

195 1107 475 1183 offcium
552 1107 890 1185 hortatus
931 1119 1153 1201 esset,
1212 1119 1407 1185 etse
1463 1110 1711 1202 vitam,
1761 1114 2273 1211 fortunamque
2350 1135 2439 1186 ac

194 1234 581 1308 thesauros
637 1258 770 1333 pro
832 1237 1021 1334 ipsis
1080 1245 1153 1311 et
1190 1238 1755 1314 christianorum
1816 1241 2191 1314 commodo
2231 1246 2437 1338 post·

192 1360 606 1437 habiturum
643 1361 1109 1440 affirmasset.
1159 1363 1473 1441 Postero
1494 1389 2022 1463 praecursores
2045 1368 2437 1468 advenere,

192 1511 338 1563 cum
357 1488 633 1587 quibus
653 1489 808 1564 acri
850 1480 1133 1590 praelio
1155 1500 1535 1583 certatum,
1553 1494 1801 1569 multis
1822 1494 2137 1570 hostium
2160 1499 2433 1592 caesis,

190 1638 268 1690 ex
304 1617 593 1691 nostris
632 1614 1055 1717 Stephanus
1092 1617 1358 1694 Suliok
1397 1619 1670 1694 nobilis
1709 1619 2166 1715 adolescens,
2191 1631 2264 1699 et
2299 1627 2432 1700 ali-

190 1751 355 1838 quot
401 1744 742 1839 gregarii
800 1744 1222 1821 desiderati.
1301 1744 1583 1836 Quarto
1637 1755 1813 1844 post
1870 1748 1988 1823 die
2042 1749 2431 1826 universus

187 1869 556 1946 exercitus
594 1871 670 1946 in
708 1880 1183 1971 conspectum
1221 1877 1440 1948 venit.
1480 1873 1721 1950 Erant
1757 1875 1831 1949 in
1851 1874 2225 1973 praesidio
2264 1876 2427 1975 ipse

189 1995 599 2073 Losoncius
617 2022 780 2075 cum
803 2000 1225 2097 quingentis
1246 2001 1636 2097 equitibus,
1660 2000 1989 2077 Alonsus
2010 2001 2246 2077 Perez
2268 2028 2428 2078 cum

186 2122 517 2200 ducentis
555 2126 924 2223 equitibus
961 2128 1292 2224 ungaris,
1315 2128 1485 2202 Don
1529 2125 1835 2227 Graspar
1876 2152 2040 2205 cum
2078 2132 2431 2205 trecentis

179 2252 552 2352 peditibus
575 2252 931 2352 hispanis,
953 2253 1242 2353 pedites
1264 2252 1559 2330 bohemi
1579 2276 1672 2328 ex
1692 2255 2022 2328 finitimis·
2044 2256 2426 2331 Moraviae

178 2380 510 2473 trecenti,
565 2379 865 2456 totidem
919 2380 1329 2478 hungarici,
1385 2380 1677 2480 pedites
1735 2381 2069 2477 germani
2121 2390 2425 2471 centum,

181 2509 710 2611 oppidanorum
767 2507 1056 2584 ducenti
1117 2515 1191 2582 et
1237 2507 1797 2606 quinquaginta,
1848 2507 2124 2583 auxilia
2181 2515 2425 2583 autem

182 2635 565 2712 Gabrielis
586 2633 883 2710 Perenii
920 2634 1211 2732 equites
1249 2641 1558 2724 centum,
1597 2634 1782 2709 duce
1823 2632 2249 2708 Alexandro
2273 2634 2427 2710 Wi-

179 2788 384 2864 zazy,
448 2758 763 2858 Georgii
820 2761 1108 2858 Seredy
1164 2760 1328 2860 pari
1383 2783 1709 2853 numeru,
1746 2761 1910 2860 ipse
1951 2758 2204 2836 Simon
2242 2760 2425 2836 For-

178 2892 363 2990 gach
403 2912 572 2966 cum
607 2888 916 2963 delectis
957 2896 1031 2963 et
1067 2887 1442 2964 veteranis
1482 2888 1915 2984 sexaginta,
1957 2889 2079 2986 qui
2117 2889 2424 2965 militum

178 3020 490 3096 omnium
526 3038 872 3093 numerus
909 3015 984 3091 in
1024 3040 1196 3092 arce
1236 3017 1541 3093 duorum
1579 3015 1885 3093 millium
1944 3015 2419 3092 ducentorum

181 3156 251 3222 et
285 3147 543 3223 decem
580 3166 936 3220 summam
974 3137 1363 3222 efficiebat.
1423 3140 1822 3220 Civitatem
1879 3166 2056 3219 vero
2108 3144 2311 3219 cives
2350 3151 2424 3216 et

182 3276 392 3373 plebs
431 3272 899 3356 tutabanturz,
939 3294 1157 3367 quam
1214 3269 1481 3347 flumen
1539 3271 1838 3354 Temes,
1899 3279 2124 3369 atque
2181 3293 2422 3346 arcem

178 3402 570 3477 ambiebat.
612 3397 985 3475 Suburbia
1021 3399 1117 3473 ad
1156 3400 1509 3475 orientem
1549 3396 1697 3472 sita
1735 3407 1810 3472 et
1845 3397 2416 3497 ipsamoenibus

178 3528 526 3625 fossaque
583 3524 1125 3600 muniebantun
1194 3527 1398 3601 Inter
1449 3547 1695 3599 arcem
1737 3547 1826 3598 ac
1864 3523 2236 3598 civitatem
2279 3544 2417 3596 arx

181 3655 339 3746 alia,
378 3676 574 3751 quae
614 3652 924 3751 aquaria
960 3660 1287 3745 vocatur,
1358 3649 1885 3747 interjacebat,
1928 3672 2117 3748 quae
2160 3648 2422 3723 ambae

180 3781 386 3857 simul
422 3779 843 3881 oppugnari
900 3787 973 3854 et
1011 3778 1397 3854 tormentis
1432 3775 1774 3877 quassari
1796 3785 2141 3875 coeptae,
2181 3796 2422 3871 neque

182 3910 393 3984 multo
471 3914 644 4006 post
717 3906 1166 3983 suburbanis
1241 3903 1603 3983 aedificiis
1663 3926 1756 3980 ex
1828 3926 2000 3978 arce
2075 3900 2421 3989 incensis,

184 4035 427 4111 eodem
465 4035 724 4109 hostes
760 4033 1161 4110 intulerunt
1195 4038 1578 4123 tormenta,
1621 4031 1889 4129 quibus
1907 4049 2421 4129 propugnacu—

183 4162 340 4252 lum,
413 4162 612 4261 quod
660 4160 979 4261 Hispani
1074 4160 1589 4251 defendebant,
1645 4157 2161 4236 subruebatur.
2237 4153 2420 4228 Inde

183 4288 537 4364 barbaros
598 4289 1000 4364 subeuntes
1039 4287 1362 4386 Hispani
1417 4283 1815 4385 pugnando
1852 4279 2103 4356 multis
2179 4279 2418 4354 caedi-

182 4414 333 4508 bus,
368 4415 766 4514 multisque
801 4414 1233 4491 vulneribus
1271 4413 1524 4504 illatis,
1580 4435 1664 4486 se
1703 4407 2038 4506 recipere
2076 4428 2414 4502 coegere.

184 4540 263 4614 In
298 4566 441 4641 qua
477 4543 770 4642 quidem
806 4542 1268 4622 contentione
1308 4539 1698 4637 Nicopolis
1739 4560 1873 4612 san
1888 4556 2149 4626 zacus,
2191 4554 2414 4629 quum
