3293 5219
2444 277 2595 353 507

369 518 627 571 omnes
650 496 1094 569 reformatae
1110 492 1492 588 religionis
1504 491 1835 573 homines
1847 496 2259 592 primariiet
2279 495 2606 592 capitain

344 621 721 698 custodias
805 619 1230 712 tradantur3
1271 619 1361 693 de
1420 622 1963 715 conjuratorum
2000 621 2415 695 nominibus
2472 642 2605 717 per

340 748 813 846 quaestiones
851 746 1417 841 interrogantor,
1457 754 1531 821 et
1579 768 1750 822 sese
1787 770 1924 844 pur
1950 756 2241 843 gantor.
2281 749 2400 821 Ita
2438 768 2603 820 con-

337 875 741 971 jurationis
778 872 1073 948 nomine
1150 872 1400 945 miseri
1455 873 1809 947 mortales
1864 873 2069 947 miris
2124 873 2359 947 modis
2412 874 2609 971 plec-

347 1002 729 1095 tebantur;
787 1023 921 1074 nec
962 1005 1179 1074 erant
1218 998 1314 1072 ad
1370 998 1876 1073 defensionem
1938 1000 2187 1074 valida
2223 1022 2606 1096 argumen-

341 1137 441 1219 ta,
498 1151 658 1203 cum
697 1126 846 1203 alia
884 1134 1083 1200 esset
1137 1148 1383 1218 causa,
1439 1126 1590 1200 alia
1643 1126 2025 1201 diceretur.
2066 1124 2404 1221 Parisiis,
2459 1126 2583 1224 qui

343 1277 598 1331 necem
710 1259 1125 1345 evaserant,
1186 1252 1760 1348 MongomeriuS,
1860 1261 1935 1327 et
2010 1254 2387 1330 Monsieur
2477 1252 2604 1327 Vi-

345 1382 567 1456 dame
609 1380 699 1455 de
740 1377 1120 1472 Ohartres,
1145 1377 1438 1475 aliique,
1482 1386 1875 1477 antequam
1935 1380 2132 1454 fama
2178 1381 2380 1455 necis
2418 1369 2632 1458 viro-‘

341 1533 503 1586 rum
524 1506 916 1584 illustrium
938 1504 1828 1603 praevenisset‚Rooellas
1851 1514 2594 1603 occupaveruntmon·

338 1635 692 1732 nullaque
769 1632 1085 1731 oppida,²1
1122 1640 1195 1705 et
1250 1654 1503 1705 omnes
1546 1632 1997 1724 sacerdotes,
2075 1632 2602 1733 religionisque

347 1761 763 1862 papisticae
796 1759 1126 1834 homines
1165 1758 1331 1855 pari
1370 1758 1813 1833 crudelitate
1862 1759 2410 1835 interemerunt.

561 1886 862 1962 Interim
920 1908 1081 1960 cum
1120 1884 1514 1981 equitibus,
1556 1885 1682 1981 qui
1735 1885 1996 1982 Belgis
2045 1887 2326 1961 auxilio
2382 1885 2599 1986 profi·

344 2014 834 2104 ciscebantur,
858 2011 1258 2087 Albaniani
1280 2010 1787 2104 conflixerunt,
1842 2011 2350 2110 viceruntque,
2389 2020 2463 2089 et
2483 2036 2599 2088 ca-

334 2149 511 2239 ptos
589 2162 838 2214 omnes
906 2138 1245 2213 Albanus
1320 2139 1394 2211 in
1466 2136 1873 2235 patibulum
1911 2141 2322 2237 suspendit.
2365 2138 2592 2216 Auxi-

337 2267 465 2341 liis
505 2266 798 2362 gallicis
856 2266 1140 2362 Belgae
1198 2265 1551 2359 destituti,
1607 2265 1896 2361 magnis
1952 2267 2426 2342 incommodis
2490 2268 2599 2342 af-

338 2391 515 2467 fecti
573 2398 778 2487 sunt;
848 2392 1303 2490 primumque
1361 2389 1702 2467 Albanus
1759 2391 2116 2466 Montium
2172 2393 2483 2485 obsidet,
2524 2402 2598 2468 et

341 2521 640 2596 tandem
679 2522 774 2595 ab
814 2520 1194 2595 Ludovico
1247 2520 1625 2596 Nassovio
1668 2542 1813 2619 per
1851 2520 2269 2618 pactionem·
2302 2543 2603 2620 recupe-

341 2655 477 2723 rat.
518 2645 621 2721 At
661 2645 887 2740 Galli,
929 2649 1051 2745 qui
1087 2649 1163 2721 in
1226 2648 1608 2745 praesidio
1650 2647 1975 2722 civitatis
2033 2655 2265 2740 erant,
2304 2648 2381 2722 in
2421 2644 2601 2723 Gal·
2722 2633 2725 2638 ⁵

345 2775 488 2849 lias
541 2774 827 2869 quidem
885 2797 1018 2872 per
1072 2774 1555 2871 praesidium
1594 2773 1871 2849 Albani
1910 2774 2199 2849 deducti
2254 2775 2350 2850 ab
2406 2775 2606 2871 regis

346 2897 650 2976 Galliae
711 2902 1063 2978 militibus
1121 2902 1325 2977 caesi
1364 2911 1552 2977 sunt.
1623 2903 2029 2978 Mechlinia
2079 2905 2174 2979 ab
2231 2904 2602 2992 praesidio

339 3026 752 3124 Orengiani
816 3029 1170 3128 principis
1227 3031 1546 3121 deserta,
1623 3051 1765 3126 quo
1799 3030 1845 3102 d
1905 3030 2001 3103 ad
2034 3051 2038 3064 ·
2076 3031 2605 3107 defendendum

337 3155 750 3230 consistere
791 3155 1223 3247 dubitasset,
1264 3178 1570 3252 cumque
1612 3178 1696 3230 se
1736 3156 2049 3231 tardius
2091 3157 2412 3246 dederet,
2435 3157 2607 3231 data

337 3281 435 3357 ad
491 3281 842 3379 praedam
878 3282 1192 3380 hispano
1223 3283 1464 3368 militi.
1511 3280 1663 3357 Ubi
1719 3289 2015 3377 praeter
2082 3283 2580 3357 miserabilem

349 3415 700 3503 stragem,
793 3408 1172 3483 trucidatis
1226 3409 1387 3483 fere
1479 3406 1813 3481 omnibus
1910 3407 2091 3482 viris
2149 3415 2223 3482 et
2310 3405 2602 3482 feminis

345 3533 518 3631 plus
613 3533 847 3608 minus
940 3530 1161 3624 OOC,
1259 3541 1332 3609 et
1406 3535 1765 3609 bonorum
1880 3533 2380 3632 direptionem,
2474 3530 2602 3608 ho-

344 3637 621 3736 nestati
674 3659 1126 3752 feminarum,
1220 3661 1416 3758 quod
1505 3661 1582 3733 in
1640 3659 1889 3758 captis
1984 3662 2205 3736 etiam
2295 3660 2599 3735 urbibus

348 3786 640 3860 servari
713 3788 923 3880 solet,
980 3810 1124 3860 non
1188 3786 1402 3861 modo
1461 3808 1605 3860 non
1664 3809 1800 3860 con
1829 3785 2230 3880 suluerunt,
2305 3785 2437 3860 sed
2508 3784 2603 3860 ad

340 3933 626 3985 omnem
662 3910 1042 3986 libidinem
1081 3934 1211 4008 per
1250 3912 1767 3986 effusissimam
1814 3912 2205 4002 licentiam,
2246 3911 2600 3987 matronis

346 4044 420 4112 et
459 4036 870 4133 virginibus
910 4039 1230 4136 pessime
1268 4038 1484 4113 abusi
1538 4044 1747 4112 sunt.
1814 4035 2167 4112 Similiter
2204 4037 2470 4112 accidit
2508 4037 2602 4111 ci·

338 4162 554 4237 vitati
611 4164 1182 4240 Terremondae.
1227 4163 1728 4239 Aldenardum
1747 4164 2079 4261 pecuniis
2137 4186 2218 4239 se
2259 4163 2586 4239 redemit.

345 4287 722 4389 Orangius
779 4291 1320 4368 Austerodamo
1357 4292 1856 4388 nequicquam
1901 4300 2343 4389 oppugnatO,
2406 4292 2601 4366 ultra

342 4417 633 4493 Mosam
671 4443 951 4494 amnem
990 4419 1164 4514 gelu
1202 4443 1289 4494 ac
1327 4419 1604 4515 frigore
1645 4418 1997 4493 exclusus
2070 4418 2484 4507 revertitur,
2528 4425 2602 4491 et

343 4544 823 4644 proditionem
916 4569 1208 4624 suorum
1263 4546 1752 4626 severissime
1827 4544 2243 4620 vindicavit.
2309 4543 2599 4622 Etenim
