3293 5219
2363 383 2515 459 129

255 609 445 677 rum,
477 597 610 668 aut
644 588 1092 683 ignominiae
1132 588 1521 684 utro-bique
1560 600 1913 688 acceptae
1968 621 2015 671 a
2050 620 2135 671 se
2172 597 2516 674 amolien-

247 715 416 805 dae,
430 715 510 787 in
541 737 819 810 eosque
839 713 1288 787 derivandae
1306 736 1534 787 causa
1554 714 2097 816 declamitante,
2119 718 2312 820 (per)
2336 726 2514 800 scri-

250 843 425 915 bam
499 841 936 918 accersitum
958 838 1249 914 litteras
1269 840 1343 913 in
1367 863 1527 914 eam
1557 845 1999 922 sententiam
2019 848 2117 923 ad
2136 871 2517 926 caesarem

249 975 565 1058 exarat3
605 966 1007 1042 secundum
1046 966 1232 1040 haec
1288 966 1529 1041 animo
1586 991 1680 1042 ex
1719 968 1852 1061 ira,
1895 996 2249 1068 moerore,
2287 977 2515 1075 pudo-

245 1118 484 1191 reque
525 1096 810 1193 accepti
848 1095 1104 1193 probri
1142 1094 1471 1184 confus0,
1524 1096 1896 1195 lacrymas
1948 1126 2041 1177 cx
2079 1105 2312 1180 oculis
2349 1129 2514 1203 pro-

244 1220 460 1296 fudit.
562 1223 756 1297 Dum
814 1222 1001 1297 haec
1074 1221 1264 1296 inter
1322 1223 1624 1298 bassam
1702 1225 2082 1326 begosque
2138 1240 2513 1326 geruntur,

247 1349 718 1425 bombardae
756 1348 1496 1448 Quinque-Ecclesiis
1556 1361 1901 1444 revectae
1940 1359 2512 1455 superveniunt:

248 1474 530 1570 quibus
607 1500 741 1573 per
836 1482 1246 1575 opportuna
1302 1477 1467 1550 loca
1560 1478 1963 1557 collocatis.
2054 1485 2343 1581 pedites
2419 1510 2512 1560 cx

264 1603 808 1676 munitionibus
865 1626 953 1678 ac
986 1603 1213 1678 fossis
1251 1604 1496 1678 subita
1534 1605 1916 1703 eruptione
1972 1631 2104 1684 eas
2139 1610 2515 1702 invadunt,

248 1728 936 1827 contrucidatisque
1010 1731 1125 1818 iis,
1185 1732 1309 1828 qui
1375 1734 1648 1807 circum
1703 1735 1915 1833 ipsas
1993 1738 2513 1814 confertissimi

249 1858 590 1948 stabant,
648 1880 932 1932 omnem
1008 1858 1528 1956 propemodum
1612 1861 1928 1938 bostium
1986 1867 2388 1940 exercitum
2441 1867 2516 1941 in

250 2007 424 2061 sese
448 1992 779 2060 vertunt:
827 2008 989 2059 cum
1010 2006 1152 2082 quo
1189 1986 1409 2076 facta,
1450 1987 1596 2061 Dei
1635 1979 2115 2087 benignitate,
2171 1994 2373 2069 felici
2413 1995 2514 2069 di-

255 2113 684 2202 micatione,
726 2112 1126 2187 incolumes
1203 2135 1284 2186 se
1350 2136 1638 2189 rursum
1714 2118 2096 2215 recipiunt.
2188 2119 2514 2212 Quorum

254 2238 686 2314 incredibili
741 2238 1011 2313 virtute
1070 2248 1144 2313 et
1182 2239 1410 2314 caede
1467 2263 1761 2317 suorum
1802 2242 2098 2319 ‘Furcae
2138 2248 2515 2343 perterriti

255 2390 638 2465 nunquam
713 2366 807 2439 ad
846 2365 1365 2464 experiendam
1421 2370 1845 2445 ulteriorem
1894 2373 2512 2471 oppugnationem

256 2496 423 2591 cogi
460 2500 876 2593 potuerunt.
936 2493 1104 2586 Qua
1142 2517 1439 2571 suorum
1477 2497 1972 2593 trepidatione
2010 2499 2244 2574 bassa
2281 2499 2510 2575 anim·

260 2624 608 2714 adversa,
682 2629 894 2696 nocte
969 2624 1365 2698 subsecuta
1434 2623 1615 2697 nihil
1693 2649 1746 2699 a
1818 2624 2152 2722 fugiente
2229 2625 2504 2702 discre-

262 2774 476 2849 pans,
524 2748 984 2825 obsidionem
1021 2750 1269 2827 solvit.
1307 2773 1598 2846 unoque
1636 2749 1937 2829 milliari
1974 2776 2135 2827 cum
2173 2754 2509 2831 omnibus

271 2875 817 2975 impedimentis
914 2875 1008 2949 ad
1086 2877 1468 2950 castellum
1547 2874 1623 2950 S.
1698 2877 2083 2954 Laurentii
2156 2879 2511 2957 consedit.

260 3004 446 3078 Inde
489 3002 752 3100 paucis
794 3001 1054 3076 diebus
1095 3002 1554 3100 interpositis
1615 3002 2383 3101 Quinque-Ecclesias
2425 3029 2509 3081 se

132 3240 136 3244 Δ
265 3129 600 3220 contulit,
642 3154 733 3205 ac
772 3136 1070 3227 captato
1109 3153 1201 3203 ex
1231 3130 1606 3228 copiarum
1646 3140 2064 3206 nostrarum
2105 3140 2306 3208 statu
2344 3156 2509 3208 con·

267 3257 458 3347 silio,
482 3257 927 3332 bosnensem
951 3256 1349 3330 exercitum
1379 3263 1451 3330 et
1472 3256 2005 3351 beglerbegum
2026 3257 2507 3355 exspectavit.

268 3384 574 3459 Marcus
648 3380 995 3456 Horvath
1033 3379 1456 3477 praefectus
1499 3379 1739 3477 Sigeti
1778 3382 1893 3455 vir
1933 3382 2260 3479 alioquin
2298 3383 2503 3483 impi-

270 3533 429 3606 ger,
492 3530 840 3604 magnam
898 3507 1041 3582 sibi
1095 3507 1385 3583 laudem
1428 3508 1739 3583 defenso
1779 3504 2038 3604 Sigeto
2094 3508 2506 3608 acquisivit.

474 3635 697 3710 Miles
761 3654 1158 3731 germanus
1213 3635 1340 3709 ubi
1404 3635 1601 3733 apud
1661 3632 2011 3710 Canisam
2087 3634 2505 3734 plusculum

258 3762 616 3861 temporis
656 3761 1086 3859 absumpsit,
1127 3761 1343 3838 simul
1364 3761 1513 3836 otio
1535 3760 2020 3858 petulantiam
2061 3762 2126 3836 ei
2167 3762 2503 3847 addente,

260 3889 480 3965 simul
558 3888 850 3983 defectu
944 3888 1474 3987 stipendiorum
1574 3888 2043 3987 disciplinam
2117 3889 2502 3966 militarem

258 4017 619 4105 solvente,
656 4016 915 4090 mirum
954 4022 1228 4112 quanta
1276 4014 1593 4104 licentia,
1654 4036 1871 4111 quam
1911 4014 2267 4089 dissolute
2301 4014 2499 4089 vive·

258 4164 381 4235 τος
420 4164 560 4241 per
580 4162 821 4239 pagos
861 4140 1256 4237 vinetaque
1294 4142 1390 4217 ad
1427 4141 1689 4216 vicena
1728 4141 1961 4215 millia
1997 4163 2349 4238 passuum
2387 4165 2503 4216 ca-

257 4267 608 4343 tervatim
666 4267 963 4364 vagari,
1022 4268 1291 4364 vulgus
1352 4267 1637 4366 passim
1694 4267 2044 4366 spoliare,
2084 4267 2502 4360 verberare,

259 4397 594 4484 caedere,
632 4396 1028 4472 facultates
1066 4394 1411 4494 diripere,
1448 4418 1588 4471 nec
1626 4393 1887 4488 aetati,
1917 4416 2053 4468 nec
2089 4394 2300 4469 sexui
2336 4418 2501 4492 par-

257 4547 462 4618 cere;
483 4522 582 4600 ad
602 4522 787 4599 haec
805 4525 1073 4599 victum
1096 4524 1415 4621 paganis
1437 4531 1769 4620 ereptum
1784 4521 1930 4620 ipsi
1951 4521 2027 4596 in
2055 4529 2303 4596 castra
2338 4543 2502 4620 por-

260 4659 442 4743 tare,
485 4660 1019 4750 quaestumque
1074 4650 1241 4726 inde
1300 4652 1551 4726 facere
1608 4648 1873 4746 coepit.
1917 4648 2206 4744 Vulgus
2245 4656 2504 4725 contra

368 4819 573 4856 101111.
610 4819 773 4856 HUNG.
824 4819 963 4856 msw.
996 4817 1196 4858 somn.
1229 4817 1340 4853 XVI.
2136 4775 2183 4848 9
