3293 5219
728 361 741 370 .
818 290 973 377 1⁷4

819 514 1153 605 nicabat3
1195 537 1287 586 ex
1327 512 1535 608 cujus
1629 510 1994 586 sententia
2030 512 2413 612 Telekesy
2453 521 2704 589 castra
2737 538 2875 590 sua
2908 533 3065 614 pro.

819 647 1086 730 movet,
1109 640 1214 713 ita
1248 646 1329 713 ut
1348 637 1604 713 hostes
1622 661 1758 735 per
1778 638 2144 733 obliquum
2181 639 2651 735 relinqueret,
2672 649 2747 717 et
2781 668 2829 716 a
2863 651 3064 738 tergo

823 775 1302 854 commeatum
1343 765 1632 840 illorum
1671 764 2074 862 impediret.
2113 767 2354 862 Igitur
2409 768 2770 845 Melchior
2809 771 3062 846 Balas-

813 916 902 969 sa
939 893 1152 991 quasi
1245 900 1542 968 coactus
1601 890 2053 966 obsidionem
2092 895 2339 986 solvit,
2398 903 2472 969 et
2509 896 2915 974 exercitum
2957 922 3061 973 re-

815 1019 1083 1095 ducere
1103 1018 1366 1117 coepit.
1391 1016 1541 1093 Sed
1595 1018 1704 1092 illi
1725 1042 1816 1093 ex
1854 1020 2314 1117 praescripto
2357 1020 2725 1098 Balassae
2762 1025 3060 1122 propius

813 1148 986 1222 illos
1013 1153 1436 1243 sequuntur,
1511 1154 1585 1220 et
1660 1153 1905 1221 castra
1943 1145 2212 1221 castris
2286 1145 2482 1221 haud
2540 1153 2798 1247 procul
2836 1153 2933 1227 ab
2961 1145 3067 1225 ‘in-

816 1274 1048 1348 vicem
1106 1273 1616 1372 opponebant:
1676 1280 1893 1368 atque
1965 1274 2317 1371 solopetis
2355 1299 2445 1349 ac
2499 1280 2886 1353 tormentis
2941 1301 3068 1376 per

816 1399 1111 1475 biduum
1151 1422 1312 1475 cum
1350 1397 1655 1497 aliquali
1689 1398 1946 1474 damno
1996 1399 2233 1498 partis
2269 1401 2651 1500 utriusque
2710 1413 3068 1480 certatum

817 1534 952 1602 est.
1020 1524 1311 1601 Deinde
1367 1525 1527 1599 sine
1600 1525 1883 1622 praelio
1937 1526 2279 1623 utrinque
2337 1540 2831 1606 recesserunt.
2891 1531 3063 1605 Fuit

811 1652 1180 1728 exercitus
1238 1651 1601 1727 Balassae
1640 1651 2029 1727 illustrium
2066 1651 2392 1726 virorum
2445 1657 2898 1750 praesentia,
2939 1658 3062 1733 mi-

806 1780 1016 1855 litum
1053 1777 1269 1878 copia
1302 1776 1638 1873 insignis,
1659 1785 1733 1852 et
1767 1778 2050 1874 praelii,
2076 1789 2373 1875 praetr-2·
2396 1803 2616 1857 unum
2639 1782 3060 1874 Balassam,

813 1904 1350 2003 cupidissimae,
1389 1904 1476 1978 et
1540 1902 1889 1977 victoriae
1926 1926 2161 2001 prope
2217 1926 2522 1981 securus
2562 1934 2579 1979 :
2619 1906 2824 1983 illius
2884 1933 3060 1985 vero

810 2056 903 2108 ex
941 2030 1125 2108 solis
1201 2028 1691 2108 auxiliaribus
1744 2029 2202 2122 collectitiae,
2243 2039 2316 2105 et
2391 2032 2572 2107 viris
2611 2042 2685 2110 et
2757 2058 3064 2112 numero

812 2184 960 2237 non
998 2160 1558 2259 comparandus.
1598 2155 1748 2235 Sed
1802 2158 2126 2233 Bal'assa
2164 2159 2560 2235 simulandi
2618 2169 2692 2237 et
2730 2163 3069 2240 dissimu-

814 2289 1015 2363 landi
1054 2289 1279 2363 mirus
1353 2289 1625 2366 artifex
1672 2294 1957 2384 tempus
2015 2287 2525 2385 exspectabat,
2565 2311 2708 2385 quo
2748 2313 3063 2365 commo·

811 2414 901 2490 de
993 2415 1315 2491 transire
1411 2423 1688 2513 posset.
1780 2413 2113 2510 Reginae
2180 2420 2424 2488 autem
2500 2437 2665 2490 eum
2741 2418 3062 2508 vocanti,

814 2546 943 2618 aut
978 2541 1377 2636 mandanti,
1418 2543 1651 2618 verba
1687 2542 1934 2618 dabat.

1022 2667 1210 2764 Ejus
1232 2667 1413 2742 belli
1432 2668 1818 2743 occasione
1858 2668 2155 2742 Turcae
2176 2690 2520 2764 mag-nam
2557 2667 3071 2767 depopulatio-

808 2816 972 2872 nem
1010 2816 1145 2892 per
1218 2794 1566 2870 ditionem
1603 2795 2117 2870 cassovianam
2153 2793 2506 2869 fecerunt.
2549 2794 2797 2870 Fuere
2875 2796 3068 2873 Tur·

809 2945 1059 2998 carum
1096 2945 1231 2997 sex
1267 2922 1499 2997 millia
1537 2922 1721 2998 duce
1760 2921 2320 3017 Velichanbego
2341 2919 2442 3010 ²⁸³).
2501 2922 2766 3019 Itaque
2842 2924 3064 2999 Tele·

803 3049 995 3148 kesy
1032 3048 1311 3125 auxilia
1364 3059 1759 3149 comparat,
1833 3057 1908 3124 et
1945 3045 2353 3142 Georgium
2428 3047 2692 3122 Bebek
2748 3058 3064 3145 evocat3

808 3186 1027 3275 atque
1058 3178 1338 3252 Turcis
1376 3178 1658 3254 onustis
1734 3177 2014 3276 praeda
2069 3174 2544 3250 redeuntibus
2597 3197 2757 3249 cum
2822 3176 3068 3252 tribus

803 3303 962 3379 fere
1016 3304 1339 3380 millibus
1394 3304 1683 3379 obviam
1738 3302 2097 3403 procedit,
2154 3302 2251 3377 ad
2302 3325 2576 3399 pagum
2633 3302 2936 3377 Kazam
2992 3305 3067 3379 in

807 3439 972 3506 ortu
1008 3431 1195 3508 lucis
1216 3456 1307 3508 ac
1326 3431 1559 3507 densa
1578 3431 1894 3527 caligine
1914 3430 2272 3531 praelium
2292 3429 2762 3505 commissum
2798 3430 3065 3522 est**)·

981 3609 1043 3679 ὓ)
1083 3607 1349 3680 Forgach
1377 3606 1434 3663 S.
1455 3609 1764 3682 Jegyzete:
1805 3606 2084 3662 Akkoron
2124 3603 2417 3673 Telekesy
2464 3603 2810 3661 Szereneset
2846 3606 3064 3677 akarja

803 3699 941 3755 vala
978 3697 1369 3772 moguntium,
1445 3697 1508 3754 es
1548 3695 1809 3753 Merdnal
1850 3713 1919 3751 az
1956 3695 2202 3752 reteken
2238 3695 2373 3751 vala
2411 3712 2482 3750 az
2528 3693 2905 3751 taborocska.

943 3789 1043 3861 fl)
1081 3789 1345 3861 For-gach
1365 3789 1421 3845 S.
1443 3791 1746 3863 jegyzete:
1771 3789 1910 3846 1200
1931 3790 2053 3847 lora
2074 3787 2288 3855 oszlott
2313 3804 2349 3841 a
2375 3786 2755 3858 kotyavetye3
2785 3802 2963 3858 maga
2993 3803 3065 3841 az

806 3880 1222 3954 gyermekekre
1260 3880 1309 3935 is
1345 3879 1537 3935 adtak.

1014 3970 1145 4041 Nap
1184 3969 1458 4040 enyeszet
1482 3970 1628 4026 οἰδεῖ
1663 3968 1766 4025 ket
1789 3967 1989 4026 ordval
2011 3968 2309 4025 kezdetett
2346 3969 2402 4024 el
2440 3966 2579 4040 πέρ
2619 3968 2797 4025 tiszta
2832 3968 3015 4025 idobe
3045 3987 3061 4035 ς

804 4062 876 4118 de
912 4063 1069 4136 hogy
1095 4062 1281 4136 egybe
1306 4061 1597 4133 indolank,
1635 4062 1818 4119 akkor
1854 4080 1966 4135 egy
2003 4061 2093 4116 kis
2131 4059 2390 4117 felhobffl
2431 4076 2544 4132 egy
2582 4059 2760 4132 πάροι·
2799 4060 3052 4117 eso'eskc

804 4152 999 4208 indola
1025 4152 1226 4222 reduit,
1266 4154 1325 4209 ki
1360 4155 1543 4226 ismeg
1580 4151 2046 4226 hertelenseggel
2085 4149 2352 4208 elmulek.
2877 4140 2880 4145 ’

1004 4242 1286 4301 ΤαῙίΙτιιΙι
1334 4242 1594 4300 Bebeket
1654 4243 1764 4300 0161
1825 4242 2063 4299 tobbvel
2114 4240 2214 4297 ket
2266 4239 2628 4297 mertffildnel
2654 4239 2957 4309 Kar-ahot,
2992 4242 3057 4298 ἑο

798 4341 1004 4407 egyfltt
1031 4335 1308 4390 mentonk
1328 4352 1398 4389 az
1422 4334 1716 4403 viadalra3
1742 4331 1871 4406 meg
1898 4335 2075 4404 penig
2134 4352 2205 4391 az
2233 4332 2373 4388 utba
2400 4329 2764 4403 elvegeztiik,
2793 4331 2937 4386 mint
2961 4338 3055 4388 ut-

806 4424 1107 4481 kozzenek
1142 4443 1178 4480 a
1214 4423 1476 4496 seregek,
1519 4423 1580 4479 es
1617 4425 1772 4498 hogy
1812 4424 1978 4480 senki
2016 4424 2220 4479 eleven
2261 4423 2430 4478 rabot
2468 4439 2540 4477 ne
2560 4420 2778 4495 fogjon‚
2820 4420 2936 4494 mig
2979 4440 3056 4477 az

806 4516 1000 4572 viadal
1040 4518 1094 4571 el
1132 4534 1259 4571 nem
1298 4514 1470 4579 valik,
1511 4514 1573 4570 es
1611 4517 1764 4587 hogy
1828 4534 1895 4570 az
1933 4512 2216 4585 nyereseg
2258 4513 2367 4568 koz
2404 4512 2636 4584 legyen.
2693 4510 2836 4567 Kire
2857 4529 3056 4583 ugyan

796 4607 1125 4678 megcsksstt
1150 4606 1285 4663 vala
1310 4606 1530 4675 Bebok‚
1554 4606 1624 4660 de
1651 4623 1781 4680 meg
1806 4624 1935 4662 nem
1976 4604 2105 4661 finnt
2146 4609 2293 4661 Mart
2329 4622 2399 4660 az
2439 4605 2474 4659 ὅ
2510 4602 2791 4677 Ῑοὶὼάςγί
2830 4604 3056 4661 kezebe
