3293 5219
667 203 823 279 312

667 445 785 495 um
824 430 1057 495 morte
1096 422 1265 518 ipsa
1303 421 1619 512 duriora,
1677 444 2043 518 necesque
2080 422 2418 497 crudeles
2458 420 2923 518 populabun-

671 549 767 622 da
805 548 1096 646 impune
1136 551 1572 644 vagabatur.
1613 551 1876 646 Itaque
1914 548 2203 625 Pertaff
2232 550 2465 625 bassa
2504 556 2720 624 sexto
2759 548 2925 622 No·

670 697 807 750 nas
826 675 1077 753 Julias
1102 672 1400 751 Giulam
1420 678 1544 753 ubi
1582 677 1937 776 pervenit,
1975 655 2285 775 primum
2321 678 2395 752 in
2434 674 2927 775 oppugnatio-

671 826 763 877 ne
799 802 956 878 fuit.
1001 803 1425 879 Tormentis
1463 805 1559 879 ab
1600 810 1914 902 quatuor
1957 804 2170 878 simul
2210 802 2529 878 diversis
2566 801 2912 900 partibus

672 927 1232 1028 propugnacula
1270 929 1610 1027 dejicere,
1690 939 1764 1005 et
1819 931 2179 1006 moenium
2219 953 2583 1023 coronam,
2621 953 2717 1004 ne
2756 951 2923 1027 pro-

676 1063 1129 1153 pugnatores
1182 1057 1589 1133 consistere
1641 1066 1969 1158 possent,
2033 1057 2446 1154 detergere3
2510 1081 2596 1131 ac
2633 1078 2779 1131 uno
2853 1062 2928 1129 et

676 1181 931 1258 eodem
972 1187 1303 1279 tempore
1360 1208 1493 1258 sex
1545 1186 1778 1261 moles
1838 1185 2168 1260 excitare
2210 1214 2226 1258 z
2279 1184 2462 1259 duas
2521 1183 2594 1257 in
2634 1181 2927 1256 modum

680 1306 968 1399 montis,
1009 1331 1197 1405 quae
1234 1310 1343 1385 ita
1398 1313 1710 1387 fiebant:
1765 1321 2036 1389 terram
2099 1319 2268 1386 ante
2328 1333 2410 1385 se
2466 1310 2810 1405 agebant,
2850 1321 2931 1384 ut

679 1456 771 1509 ea
842 1435 1045 1510 velut
1114 1437 1456 1513 incedere
1497 1440 1893 1531 videretur,
1957 1463 2094 1514 nec
2148 1438 2620 1514 laboratores
2698 1435 2928 1533 impe·

682 1560 823 1636 diri
859 1572 1187 1661 possent,
1263 1575 1336 1640 et
1371 1573 1654 1643 tantum
1710 1575 1913 1643 terra
1968 1569 2045 1640 in
2104 1563 2559 1642 altitudinem
2639 1584 2933 1659 semper

682 1697 1074 1783 cresceret,
1116 1701 1461 1788 quantum
1498 1696 1805 1793 propius
1845 1689 2271 1789 accederet3
2346 1692 2530 1765 duas
2572 1713 2670 1763 ex
2708 1696 2935 1763 mate·

682 1815 799 1891 ria
836 1820 1301 1916 superposito
1338 1822 1674 1896 tabulato
1715 1845 1809 1896 ex
1862 1821 2255 1898 roboribus
2313 1820 2388 1892 in
2425 1817 2752 1915 speciem
2787 1823 2940 1889 tur·

682 1943 891 2036 rium,
931 1966 1116 2040 quas
1136 1945 1380 2021 crudis
1420 1955 1547 2022 aut
1564 1949 1983 2024 recentibus
2020 1947 2241 2023 coriis
2265 1953 2516 2021 contra
2551 1940 2940 2017 missilium

687 2069 833 2143 vim
867 2069 1140 2165 ignium
1181 2076 1696 2170 contegebant.
1754 2075 2186 2150 Idemtidem
2246 2096 2337 2147 ex
2378 2069 2621 2145 saccis
2681 2066 2941 2142 manti·

692 2195 944 2293 cisque
982 2203 1185 2273 terra
1218 2196 1499 2297 plenis,
1543 2202 1726 2277 duas
1766 2202 2172 2300 ingentium
2210 2195 2941 2300 propugnaculorum

692 2322 980 2421 specie3
1040 2324 1253 2400 simul
1309 2351 1487 2425 pars
1525 2330 1826 2406 fossam.
1868 2329 2179 2404 materia
2237 2336 2310 2403 et
2365 2335 2566 2402 terra
2624 2323 2941 2420 comple-

693 2451 871 2527 bant
931 2449 1330 2530 Concussis
1386 2457 1967 2556 propugnaculis
2026 2456 2320 2531 subiere
2375 2452 2648 2527 milites
2686 2450 2950 2525 instru-

695 2578 958 2653 mentis
995 2579 1358 2676 fossoriis3
1401 2589 1475 2658 et
1510 2584 1822 2683 primum
1881 2588 2221 2659 extracta
2275 2589 2499 2672 terra,
2560 2576 2947 2654 materiam

698 2704 1171 2798 concipiendo
1238 2706 1390 2802 igni
1433 2709 1867 2807 subjiciunt3
1910 2711 2015 2784 ita
2073 2711 2367 2798 robora,
2409 2707 2675 2804 quibus
2715 2705 2945 2778 moles

695 2837 941 2905 terrea
995 2831 1528 2926 continebatur,
1620 2837 2159 2912 comburuntur.
2289 2835 2341 2912 J
2348 2858 2465 2908 am
2539 2831 2792 2907 statim
2852 2830 2944 2906 ab

698 2955 905 3030 initio
980 2962 1655 3056 propugnatoribus
1726 2963 1867 3039 duo
1927 2964 2248 3039 maxima
2286 2959 2749 3036 incommoda
2787 2980 2950 3033 eve-

701 3088 962 3160 nerant
1004 3112 1020 3157 :
1059 3085 1369 3163 alterum
1433 3089 1624 3184 quod
1662 3098 1820 3164 tres
1886 3091 2208 3186 majores
2248 3086 2633 3163 machinae
2677 3107 2956 3160 aeneae

705 3212 920 3288 simul
956 3211 1192 3311 prima
1226 3214 1678 3312 displosione
1715 3217 2000 3292 fractae
2066 3224 2252 3308 sunt,
2293 3221 2367 3289 et
2402 3211 2957 3312 praestantissi·

706 3360 865 3415 mos
974 3338 1536 3416 bombardarios
1646 3342 2173 3418 miserabiliter
2268 3341 2780 3432 confec-erunt3
2850 3337 2947 3412 al·

706 3473 940 3541 terum
996 3465 1191 3562 quod
1244 3469 1411 3544 loca
1469 3468 1971 3544 defensionum
2035 3469 2277 3546 omnia
2317 3487 2677 3544 concussa
2716 3465 2955 3540 adem-

709 3600 979 3691 ptaque
1016 3593 1331 3669 fuerunt.
1412 3596 1652 3692 Igitur
1710 3620 1872 3673 cum
1930 3603 2140 3673 tanta
2202 3602 2275 3670 et
2329 3601 2443 3669 tot
2480 3616 2713 3691 opera
2750 3591 2958 3667 simul

708 3739 941 3814 usque
979 3716 1238 3793 XIIII.
1264 3712 1569 3797 Calend.
1589 3720 1911 3819 Augusti
1951 3727 2346 3820 superante
2385 3719 2692 3794 militum
2732 3716 2959 3794 multi-

710 3826 958 3920 tudine
999 3846 1385 3940 effecisset,
1411 3853 1483 3922 et
1530 3848 1779 3924 multis
1815 3849 2124 3948 praeliis
2163 3848 2452 3922 hostem
2490 3845 2963 3922 lacessisset:

713 3973 809 4048 ad
848 3996 1263 4072 supremum
1292 3973 1543 4051 valida
1582 3977 2131 4076 oppugnatione
2154 3975 2466 4073 aggredi
2504 3972 2787 4048 statuit.
2826 3969 2957 4048 Po-

709 4107 908 4177 stero
983 4101 1207 4199 igitur
1266 4102 1384 4177 die
1441 4103 1739 4179 vixdum
1779 4113 1938 4181 orto
1998 4106 2177 4196 sole,
2254 4100 2453 4201 pleni
2491 4100 2698 4190 viris,
2739 4099 2957 4174 armis

715 4228 1069 4329 equisque
1132 4229 1411 4328 campi,
1476 4205 1997 4328 exercitusque
2077 4230 2349 4329 optimo
2404 4227 2749 4304 instructi
2821 4249 2956 4302 mu·

717 4379 841 4431 ros
898 4357 1228 4453 subiere3
1325 4365 1735 4455 pugnatum
1792 4366 1910 4434 est
1961 4382 2106 4437 uno
2146 4355 2360 4433 simul
2415 4364 2750 4453 tempore
2786 4377 2947 4451 qua-

715 4491 880 4558 tuor
954 4484 1137 4557 locis
1210 4484 1407 4558 ultra
1481 4485 1793 4559 medium
1835 4484 1996 4560 diei.
2043 4485 2311 4561 Turcis
2367 4481 2696 4557 recentia
2734 4487 2942 4576 atque
