3293 5219
797 294 944 373 146

786 514 1247 606 scendentes,
1324 517 1636 588 evocato
1718 507 2033 607 dataque
2088 502 2233 580 fide
2288 499 2638 578 Michaeli
2709 499 3027 596 Pereny,

785 645 994 742 cujus
1029 641 1264 718 frater
1283 639 1733 716 Franciscus
1772 635 2069 734 Pereny
2095 633 2189 710 ad
2209 632 2542 727 reginam
2581 629 3026 706 adducturus

787 778 1043 847 contra
1083 764 1501 844 Germanos
1555 763 1885 839 validum
1942 760 2347 838 exercitum
2384 757 2842 855 confugerat,
2915 785 3028 837 ar-

788 921 945 975 cem
1035 894 1381 991 Nag-Ida
1434 896 1883 992 oppugnant,
1914 887 2379 984 deditamque
2432 887 2792 985 vigesimo
2833 892 3030 968 obsi-

789 1020 1026 1098 dionis
1102 1020 1241 1111 die,
1331 1017 1538 1114 regio
1593 1015 1937 1093 mandato
1995 1022 2252 1090 curant
2308 1014 2533 1110 dirui,
2591 1025 2813 1115 atque
2869 1020 3029 1096 solo

782 1147 1075 1249 penitus
1167 1144 1493 1242 aequari.
1585 1143 1678 1217 In
1750 1140 2096 1216 ditionem
2184 1147 2447 1238 postea
2536 1141 3034 1220 Bebecianam

784 1277 1079 1369 intrant,
1137 1279 1209 1346 et
1265 1270 1360 1347 ad
1396 1293 1642 1346 arcem
1697 1265 2218 1344 Crasnahorca
2274 1267 2842 1365 oppugnandam
2919 1294 3037 1346 ca-

787 1411 945 1479 stra
981 1406 1429 1500 promovent.
1504 1398 1843 1473 Bebecus
1918 1418 2094 1470 vero
2154 1393 2437 1469 auxilia
2477 1394 2574 1469 ab
2613 1393 2766 1494 Aly
2802 1396 3035 1474 bassa

787 1529 1018 1628 petiit,
1057 1535 1130 1604 et
1166 1527 1328 1623 ipse
1365 1548 1552 1624 quas
1609 1524 1843 1624 potuit
1882 1521 2138 1620 copias
2178 1522 2583 1618 contraxit3
2639 1523 2840 1597 mille
2896 1524 3038 1599 cir-

795 1656 978 1731 citer
1070 1653 1357 1751 equites
1413 1653 1642 1727 bassa
1678 1650 1919 1742 mittit,
1981 1648 2410 1746 quibuscum
2467 1650 2866 1727 exercitum
2923 1674 3038 1727 re·

795 1783 997 1880 gium
1033 1778 1526 1878 obequitando
1567 1785 1845 1876 carpat,
1884 1784 1958 1851 et
2030 1783 2375 1872 quantum
2414 1776 2654 1874 possit
2689 1801 2735 1851 a
2768 1799 3040 1877 propo-

797 1910 938 1986 sito
996 1907 1382 2000 distineat;
1425 1906 1690 2003 quibus
1747 1901 1917 2002 plus
1972 1903 2269 1978 fortuna
2345 1902 2683 2000 opinione
2755 1926 3040 2004 speque

798 2059 934 2113 sua
987 2033 1196 2126 favit,
1269 2055 1401 2107 seu
1456 2030 1890 2106 infelicitate
1964 2029 2307 2126 quapiam
2362 2029 2441 2104 id
2495 2030 2908 2128 contigerit,
2962 2041 3045 2109 ut

799 2168 969 2239 sunt
1003 2182 1127 2236 res
1156 2160 1521 2235 humanae
1543 2156 1851 2232 incertis
1871 2156 2215 2254 fortunae
2234 2157 2618 2234 eventibus
2656 2158 3044 2253 obnoxiae,

800 2311 933 2365 seu
976 2287 1052 2362 in
1092 2309 1405 2385 poenam
1445 2285 1717 2382 nimiae
1752 2282 2119 2376 licentiae,
2177 2306 2320 2380 qua
2356 2282 2568 2360 miles
2614 2286 2690 2360 in
2727 2286 3041 2362 miseros

801 2421 1155 2512 agrestes
1230 2412 1515 2513 passim
1606 2411 2195 2510 petulantissime
2249 2412 2621 2508 utebatur,
2698 2412 3045 2491 divinitus

800 2541 988 2620 haec
1033 2541 1422 2618 calamitas
1469 2541 1567 2616 sit
1622 2540 1974 2616 immissa.
2030 2537 2361 2615 Profecti
2398 2540 2668 2640 quippe
2706 2563 2869 2619 cum
2906 2544 3044 2620 Be-

799 2670 983 2745 beco
1049 2675 1343 2743 nostros
1383 2668 1912 2766 oppugnationi
1947 2667 2268 2742 intentos
2323 2669 2737 2757 offendunt,
2775 2671 3042 2769 primo-

803 2817 944 2893 que
981 2794 1270 2870 levibus
1308 2792 1613 2891 praeliis
1655 2794 1950 2891 utrique
1988 2793 2185 2868 vires
2223 2791 2624 2892 periclitati
2658 2804 2847 2888 sunt,
2888 2797 3043 2871 vix·

804 2945 947 3020 que
999 2920 1413 2997 caesariani
1452 2919 1641 2995 diem
1663 2920 2166 3018 insequentem
2206 2921 2762 3019 exspectabant,
2799 2922 3046 3019 ignari

803 3048 1160 3123 maximas
1217 3046 1435 3122 etiam
1472 3069 1806 3144 quasque
1845 3047 2063 3139 vires,
2123 3045 2379 3120 ducum
2432 3046 2877 3146 imperitiam
2931 3051 3040 3124 fa-

806 3174 929 3250 cili
947 3182 1309 3249 momento
1363 3175 1439 3248 in
1478 3173 1871 3249 discrimen
1909 3172 2272 3249 adducere
2294 3170 2575 3269 solere3
2615 3196 2759 3270 quo
2794 3173 3042 3252 illuce-

805 3307 1076 3392 scente,
1087 3300 1441 3376 instructo
1458 3300 1842 3375 confestim
1856 3298 2147 3395 agmine
2160 3298 2429 3374 castris
2444 3298 3043 3399 excedunt,prae-

802 3423 978 3502 lium
1016 3448 1174 3501 cum
1211 3425 1425 3502 hoste
1462 3425 1750 3521 inituri3
1792 3447 2025 3522 eoque
2047 3431 2210 3498 erat
2249 3425 2459 3498 miles
2499 3425 2841 3519 alacrior,
2884 3449 3030 3524 quo

801 3553 1042 3630 hostis
1097 3576 1440 3629 numerus
1513 3553 1749 3626 minor
1824 3552 2237 3649 apparebat
2257 3546 2346 3648 ⁴⁸).
2407 3551 2667 3649 Itaque
2743 3554 3045 3652 equites

813 3682 1076 3778 ungari
1133 3704 1292 3755 cum
1365 3680 1736 3778 equitibus
1807 3678 2251 3774 germanicis
2311 3678 2666 3753 acerrime
2741 3679 2815 3754 in
2886 3682 3035 3779 pri·

802 3830 1000 3883 mam
1038 3805 1445 3881 Turcarum
1484 3808 1714 3882 aciem
1763 3806 2055 3899 invecti,
2096 3828 2182 3880 eo
2219 3815 2765 3903 processerant,
2804 3815 2884 3882 ut
2910 3808 3041 3884 ho-

813 3931 974 4025 stis,
1018 3932 1301 4009 viribus
1341 3931 1680 4009 diffidens
1722 3934 1971 4009 laxato
2009 3932 2282 4008 sensim
2321 3932 2576 4009 ordine
2614 3934 2870 4032 fugam
2903 3959 3050 4012 me-

906 4199 966 4267 st)
1008 4198 1271 4271 Fui-gach
1293 4199 1350 4256 S.
1370 4200 1679 4273 jegyzete:
1725 4204 1862 4278 Meg
1898 4219 2018 4260 sem
2051 4202 2384 4259 mozdultak
2411 4219 2480 4258 az
2518 4201 2786 4261 n¹imetek
2814 4202 3050 4278 helyek·

802 4288 928 4360 bal,
953 4289 1164 4347 hanem
1191 4292 1336 4347 mint
1354 4292 1655 4363 jiimborok
1684 4292 1891 4350 neztdk
1920 4312 1990 4349 az
2018 4295 2119 4349 mit
2145 4311 2216 4348 az
2241 4292 2418 4350 hoves
2447 4311 2688 4373 m'aoeyar
2712 4296 2930 4364 mivelt‚
2982 4296 3045 4354 ds

806 4381 995 4435 mikor
1043 4382 1116 4436 az
1143 4382 1454 4453 magyarok
1483 4401 1554 4439 az
1580 4385 1888 4442 terekeket
1932 4383 2255 4458 megtiztek,
2306 4383 2382 4438 ba
2401 4400 2465 4437 az
2491 4382 2757 4442 nemete}
2783 4385 3045 4444 utannok

801 4471 1040 4528 mentek
1062 4473 1255 4543 volun,
1280 4473 1612 4547 megvertdk
1638 4474 1815 4533 volna
1859 4475 2012 4531 &ket-
2075 4475 2160 4529 De
2187 4475 2324 4530 soha
2351 4491 2419 4530 az
2445 4476 2759 4547 magyarok
2784 4475 2885 4533 rea
2911 4495 3042 4535 nem

804 4559 1100 4626 vehet‘ek,
1126 4561 1282 4633 hogy
1303 4562 1562 4619 utfinnok
1590 4566 1914 4637 menjenek.
