3293 5219
745 334 900 413 472

725 577 966 654 neque
1004 577 1086 628 se
1123 557 1428 629 obstare
1481 549 1869 646 quominus
1914 551 2224 644 jamjam
2276 549 2442 645 ipse
2478 547 2556 621 in
2589 547 2997 645 principem

725 677 1162 765 declaretur,
1201 687 1277 754 et
1311 701 1360 775 p
1381 675 1764 752 remittere
1780 730 1805 764 ,
1845 673 2060 749 simul
2081 679 2307 768 atque
2329 672 2725 771 exequutio
2764 681 2993 749 testa-

728 805 953 883 menti
1006 812 1315 902 peracta
1380 802 1509 893 sit,
1549 822 1805 875 omnes
1862 821 2079 873 arces
2119 798 2511 893 omniaque
2548 798 2995 876 munimenta

724 930 1043 1008 tradere.
1077 927 1612 1005 Consentieute
1679 949 1860 1023 ergo
1901 922 2299 1021 Stephane,
2339 924 2436 997 ab
2473 923 2813 1021 utrisque
2840 929 2996 1022 jus-

717 1055 1119 1155 jurandum
1192 1055 1272 1129 in
1317 1076 1447 1128 eas
1487 1051 1947 1127 conditiones
2004 1059 2430 1147 conceptum
2469 1056 2605 1124 est.
2684 1048 2997 1152 Stepha-

729 1206 867 1259 nus
924 1180 1324 1258 accersitis
1384 1178 1714 1271 ducibus,
1743 1184 1818 1253 et
1877 1176 2219 1274 quaesita
2275 1177 2370 1250 ab
2427 1175 2578 1250 illis
2619 1197 2852 1251 causa
2884 1183 2999 1251 tu-

729 1311 1022 1399 multus,
1063 1306 1366 1404 illisque
1434 1308 1684 1401 palam
1734 1302 2358 1402 respondentibus
2412 1302 2769 1378 metuisse
2826 1325 3002 1378 sese

731 1455 875 1508 non
931 1431 1147 1507 modo
1204 1430 1372 1520 sibi,
1467 1429 1602 1505 sed
1659 1428 1843 1503 etin
1896 1427 2045 1524 ipsi
2100 1424 2483 1525 Stephano
2543 1434 2618 1502 et
2656 1428 3000 1503 omnibus

729 1557 963 1650 bonis,
1003 1557 1198 1656 quod
1251 1555 1565 1631 insidias
1620 1563 1929 1654 paratas
1969 1551 2555 1628 intellexissent:
2616 1553 2995 1628 silentium

732 1683 1019 1777 indixit,
1059 1682 1462 1778 eodemque
1519 1690 1850 1777 tempore
1907 1687 1981 1754 et
2035 1700 2389 1776 proceres
2429 1686 2504 1752 et
2563 1679 2999 1774 regnicolas

734 1808 1062 1886 unanimi
1103 1829 1473 1883 consensu
1530 1804 1986 1905 Stephanum
2023 1805 2473 1881 Bathoreum
2514 1805 2768 1879 XXV.
2811 1804 3004 1900 Maji

727 1933 1137 2035 principem
1191 1937 1668 2026 creaverunt3
1744 1932 2057 2028 denique
2112 1953 2195 2005 re
2251 1930 2609 2026 perfecta,
2661 1930 3001 2026 legatum

730 2058 1089 2134 turcicum
1148 2058 1244 2132 ad
1283 2055 1635 2132 Selimum
1675 2056 2137 2132 remiserunt.
2159 2053 2262 2129 At
2315 2054 2859 2130 testamentarii
2902 2054 3004 2129 ad

732 2184 1318 2260 Maximilianum
1414 2184 1708 2259 litteras
1749 2182 2127 2272 dederant,
2186 2181 2451 2279 quibus
2525 2180 3000 2276 significave-

733 2318 904 2387 rant
938 2308 1395 2408 Stephanum
1442 2310 1901 2387 alienissimo
1957 2310 2032 2384 in
2097 2309 2340 2406 ipsum
2389 2329 2559 2383 esse
2597 2307 2864 2399 animo,
2908 2332 3003 2383 ac

735 2445 969 2513 totum
1027 2437 1123 2512 ab
1185 2434 1458 2511 Selimo
1517 2437 1884 2535 pendere3
1945 2435 2214 2532 quibus
2253 2433 2610 2510 adductus
2670 2433 2766 2509 ad
2829 2432 3001 2512 Ste-

735 2564 1067 2666 phanum
1105 2561 1520 2660 rescripsit,
1558 2570 1641 2639 ut
1659 2562 1877 2638 fidem
1895 2570 1971 2638 et
1991 2560 2388 2637 amicitiam
2426 2582 2636 2637 suam
2674 2560 3002 2663 amplec-

733 2681 1052 2781 teretur3
1111 2696 1383 2785 quanto
1413 2690 1605 2764 enim
1643 2690 1886 2786 magis
1924 2696 2349 2787 praestaret
2402 2711 2562 2764 cum
2599 2686 2999 2787 imperato-

745 2838 827 2888 re
867 2814 1272 2889 christiano
1309 2837 1497 2912 pace
1552 2823 1776 2913 atque
1832 2814 1976 2890 fide
2030 2813 2435 2910 conjungi?
2474 2812 2789 2910 denique
2824 2835 3000 2912 pro-

740 2937 1032 3011 mittere
1078 2934 1359 3013 auxilia
1415 2946 1489 3013 et
1544 2961 1830 3014 summa
1895 2939 2143 3016 studia
2214 2938 2505 3036 quoties
2557 2938 2986 3016 necessitas

735 3061 1177 3161 postularet.
1239 3064 1359 3138 De
1400 3065 1759 3141 electione
1813 3066 2050 3165 ipsius
2105 3088 2190 3142 se
2228 3065 2451 3141 valde
2488 3065 2879 3161 gratulari,
2922 3075 3000 3142 et

733 3192 879 3267 sibi
926 3193 1171 3269 omnia
1205 3194 1408 3268 bona
1452 3193 1543 3268 de
1582 3215 1671 3269 eo
1691 3194 2050 3293 polliceri,
2108 3216 2323 3290 quem
2360 3192 2435 3267 in
2492 3193 3001 3289 legationibus

734 3327 964 3394 antea
1018 3320 1290 3395 bonum
1347 3319 1583 3394 virum
1641 3326 1717 3394 et
1775 3319 1987 3418 pacis
2042 3325 2449 3395 amatorem
2504 3339 2798 3415 semper
2877 3342 2998 3396 co-

734 3444 1138 3541 gnovisset.
1150 3442 1527 3540 Stephano
1542 3452 1808 3541 gratae
1826 3446 2126 3522 fuerunt
2141 3442 2318 3519 illae
2338 3443 2736 3538 litterae,et
2769 3467 3001 3542 quan-

733 3575 888 3643 tum
962 3570 1210 3656 caveri
1284 3571 1608 3667 suspicio
1650 3572 1933 3647 turcica
1989 3571 2248 3668 possit,
2306 3571 2668 3667 salvaque
2722 3571 2998 3670 patria,

734 3692 952 3769 fidem
988 3692 1279 3769 homine
1318 3694 1720 3773 christiano
1760 3720 1945 3794 erga
1963 3697 2372 3797 principem
2428 3695 2761 3771 vicissim
2799 3695 2997 3771 chri-

734 3819 1055 3896 stianum
1099 3818 1397 3915 dignam
1436 3822 1855 3920 spopondit.

949 3943 1272 4021 Peracta
1327 3946 1692 4023 electione
1746 3948 2156 4046 proximum
2216 3931 2421 4040 erat,
2473 3955 2555 4023 ut
2591 3947 2997 4024 secundum

736 4077 980 4169 pacta,
1019 4077 1538 4150 testamentum
1576 4074 1690 4150 illi
1765 4079 2326 4173 exequerentur.
2384 4070 2604 4149 Gaza
2639 4081 2806 4150 erat
2842 4098 2996 4148 ma·

733 4194 954 4283 xima,
1031 4204 1106 4270 et
1161 4197 1565 4295 cuicunque
1621 4220 1881 4297 regum
1935 4224 2097 4299 par.
2154 4200 2345 4275 Nam
2421 4197 2843 4296 Stephanus
2903 4201 2999 4277 de

733 4318 1050 4418 Zapolia
1123 4345 1329 4415 avus,
1385 4327 1582 4423 apud
1638 4327 1997 4403 Mathiam
2052 4350 2291 4424 gazae
2327 4329 2584 4426 regiae
2657 4330 2996 4427 praefec-

733 4452 875 4537 tus,
914 4445 1308 4524 thesauros
1371 4452 1625 4550 regios
1683 4453 1759 4528 in
1816 4453 2194 4552 proprium
2251 4462 2738 4530 converterat.
2796 4437 2992 4552 Ejus

734 4571 1063 4670 potentia
1091 4572 1250 4670 jam
1288 4583 1442 4655 tum
1479 4588 1821 4659 creverat
1857 4579 2065 4672 adeo,
2102 4588 2182 4659 ut
2203 4580 2486 4656 orbitas
2526 4580 2751 4656 etiam
2787 4581 2991 4682 prin-
