3293 5219
2443 343 2592 418 531

350 578 586 652 regna
647 555 1104 631 nobilissima
1179 562 1396 651 atque
1437 558 1995 654 opulentissima
2071 560 2595 657 accessissent,

347 680 544 756 haud
592 691 987 781 propterea
1044 682 1398 758 extulisse
1472 686 1826 776 animum,
1901 707 2044 759 nou
2084 686 2228 760 sibi
2268 688 2592 762 maiores

344 808 650 905 spiritus
689 809 1115 907 sumpsisse,
1173 833 1262 884 ea
1300 809 1594 904 inquam
1633 819 1920 902 aetate,
1963 833 2151 905 quae
2195 812 2373 886 ferri
2412 813 2593 887 faci-

342 932 509 1026 lius,
550 957 768 1030 quam
805 935 965 1030 regi
1004 934 1310 1008 consilio
1351 943 1617 1032 potest,
1683 958 1964 1010 summa
2013 945 2402 1034 praeterea
2439 939 2588 1013 for-

342 1067 563 1135 tunae
600 1058 1096 1157 indulgentia,
1173 1068 1452 1134 tantam
1526 1061 1716 1134 inter
1770 1060 2098 1136 homines
2139 1068 2586 1158 potestatem

343 1184 687 1285 adeptum
728 1187 914 1261 tueri
954 1186 1369 1260 constantia
1444 1187 1759 1281 quadam
1834 1187 2220 1283 singulari,
2263 1190 2584 1283 gravita-

337 1320 558 1410 teque
595 1313 942 1410 potuisse.
1006 1312 1119 1386 Ac
1148 1335 1409 1386 vereor
1445 1312 1828 1395 interdum,
1866 1337 1957 1387 ne
1997 1314 2160 1409 quis
2199 1323 2420 1412 putet.
2470 1338 2589 1389 se-

340 1446 579 1513 cutum
658 1460 769 1512 me
825 1462 1074 1514 eorum
1114 1460 1404 1529 morem,
1445 1439 1567 1534 qui
1608 1462 1913 1534 magnos
1952 1440 2283 1515 homiues
2323 1440 2583 1517 lauda·

339 1590 420 1640 re
476 1574 1045 1651 consueverunt,
1123 1565 1312 1638 hanc
1367 1573 1648 1640 tantam
1704 1567 2047 1642 virtutem
2108 1566 2584 1644 Ferdinando

340 1692 651 1771 Caesari
690 1696 1011 1769 tribuere
1067 1690 1278 1792 (nihil
1315 1694 1505 1766 enim
1544 1693 1682 1767 hae
1745 1717 1887 1768 una
1923 1695 1996 1767 in
2055 1716 2330 1768 summo
2372 1694 2583 1790 Rege

339 1823 609 1912 maius,
650 1822 1004 1913 divinius,
1046 1815 1584 1915 admirabilius)
1660 1820 1840 1895 illud
1880 1844 2012 1895 vos
2089 1821 2310 1896 etiam
2360 1828 2581 1916 atque

337 1949 556 2022 ctiam
614 1949 927 2024 monitos
995 1948 1250 2038 velim,
1313 1970 1470 2021 cum
1510 1947 1713 2021 illum
1771 1947 2228 2021 mitissimum
2289 1946 2577 2041 Regum

334 2076 671 2163 omnium,
702 2076 1176 2164 lenissimum,
1217 2074 1593 2171 aequitate
1633 2074 1854 2148 animi
1891 2074 2279 2170 singulari,
2323 2082 2396 2148 et
2435 2096 2580 2147 mo-

334 2199 710 2276 deratione
746 2201 977 2276 fuisse
1034 2199 1430 2291 contende,
1509 2223 1652 2275 non
1692 2224 1805 2274 me
1846 2201 1954 2275 rei
2012 2200 2572 2299 amplificandae

332 2350 582 2410 causa,
641 2351 730 2403 ac
767 2327 1169 2402 Rhetorum
1219 2349 1440 2418 more,
1520 2326 1651 2401 sed
1679 2326 2176 2424 explicandae
2217 2351 2305 2401 ac
2345 2326 2572 2420 sigui-

331 2452 661 2529 ficandae
700 2454 901 2550 loqui
963 2453 1419 2528 existimetis.
1498 2454 1689 2527 Nam
1764 2453 1944 2528 illud
1986 2453 2206 2526 etiam
2283 2451 2574 2526 minime

328 2602 497 2655 esse
552 2581 844 2657 silentio
900 2579 1510 2679 praetereundum
1581 2589 1804 2678 puto,
1879 2580 2002 2656 ubi
2062 2580 2155 2654 ab
2197 2579 2454 2654 eodem
2495 2579 2567 2654 in

326 2731 604 2782 summo
644 2709 950 2807 imperio
986 2709 1316 2783 iustitiae
1354 2718 1607 2807 partes
1646 2709 2140 2803 exigerentur,
2173 2716 2250 2782 ut
2290 2707 2362 2780 id
2403 2729 2570 2780 esse

325 2833 725 2908 voluntatis
765 2834 1002 2929 magis
1040 2844 1114 2908 et
1147 2834 1416 2924 iudicii,
1458 2859 1676 2930 quam
1716 2841 2025 2908 naturae
2103 2841 2323 2928 atque
2364 2833 2569 2927 inge-

323 2956 424 3032 nii
463 2958 851 3050 videretur,
901 2958 1257 3032 neminem
1313 2958 1674 3032 acriorem
1731 2981 2051 3054 unquam
2108 2956 2569 3030 vindicandis

322 3085 688 3159 hominum
729 3084 1162 3173 sceleribus,
1200 3085 1770 3159 constantiorem
1811 3086 2186 3174 neminem,
2226 3107 2363 3159 nec
2402 3107 2568 3177 gra-

321 3213 636 3298 viorem,
703 3220 782 3286 ut
836 3220 1079 3286 tamen
1136 3213 1357 3306 longe
1415 3211 1785 3285 acerbitas
1864 3211 2188 3300 abesset,
2251 3212 2390 3285 hoc
2426 3233 2568 3284 uno

319 3337 574 3412 fuisse.

530 3463 737 3554 Quae
776 3471 1019 3539 autem
1058 3473 1265 3539 tanta
1307 3472 1521 3561 parta
1561 3462 1921 3556 dignitate
1964 3463 2120 3536 eius
2198 3462 2554 3560 auspicia,

315 3590 891 3665 administrando
932 3591 1234 3689 imperio
1296 3589 1645 3665 fuerunt?
1723 3587 1907 3663 Cum
1952 3589 2242 3662 maximi
2287 3588 2561 3684 Reges,

316 3716 535 3790 bellis
573 3717 1045 3812 gravissimis
1103 3717 1451 3812 gerendis
1490 3717 1561 3789 in
1604 3727 1923 3790 mutuam
2003 3715 2397 3808 perniciem
2436 3738 2562 3812 pu-

312 3850 647 3938 gnarent,
690 3842 1172 3940 Hispaniam,
1216 3841 1583 3931 Galliam,
1665 3841 1957 3915 ltaliam
1999 3841 2378 3939 perpetuis
2417 3841 2562 3914 cla-

312 3969 555 4059 dibus,
593 3968 975 4060 incendiis,
1016 3968 1607 4066 populationibus
1649 3968 2122 4064 complerent,
2151 3967 2561 4041 Turcarum

309 4096 643 4194 tyrannis
682 4094 1164 4172 formidolosa
1203 4122 1409 4172 arma
1430 4093 1884 4169 Christianis
1909 4094 2226 4190 populis,
2268 4093 2561 4168 immen-

308 4243 435 4295 sas
474 4245 673 4318 opes,
713 4223 1117 4319 potentiam
1176 4246 1319 4299 non
1360 4222 1737 4299 ferendam
1777 4227 2208 4312 ostentaret,
2254 4219 2557 4307 ruinam,

306 4346 602 4422 exitium
643 4348 1053 4440 moliretur,
1094 4373 1275 4442 cum,
1356 4352 1689 4447 inquam,
1767 4371 1899 4444 per
1936 4346 2149 4420 unius
2187 4345 2393 4419 urbis
2433 4368 2554 4419 ex-

306 4474 609 4564 cidium,
668 4496 856 4570 quae
896 4477 1151 4550 eadem
1209 4486 1323 4552 est
1362 4474 1836 4550 Christianae
1878 4472 2364 4569 Reipublicae
2403 4472 2553 4544 uui-

308 4622 469 4673 cum
522 4602 1153 4697 propugnaculum
1207 4627 1295 4676 ac
1352 4603 1866 4688 firmissimum,
1908 4595 2357 4675 Germaniae
2417 4601 2549 4673 lm·

2201 4709 2339 4781 34*
