3293 5219
754 321 916 397 414

751 540 891 612 bus
928 537 1159 611 multa
1193 545 1503 635 possent
1539 536 2004 633 contingere,
2043 536 2227 611 nihil
2265 540 2492 614 statui
2528 559 2777 638 posse.
2819 540 3016 615 Tur-

753 664 859 737 cis
898 686 1074 738 vero
1131 663 1587 758 urgentibus,
1644 670 1731 736 ut
1784 661 1881 734 ab
1939 663 2134 735 omni
2180 662 2479 754 ditione,
2519 687 2712 761 quae
2752 664 3008 739 ambo-

750 790 890 865 bus
945 789 1223 863 tributa
1274 788 1672 885 penderet,
1733 787 1800 860 si
1859 786 1951 862 de
2007 810 2193 885 pace
2251 788 2377 884 agi
2432 788 2684 881 vellet,
2742 812 3012 866 manus

752 916 1126 1004 eximeret,
1187 913 1684 1010 promiserunt
1736 913 1972 1011 legati
2031 936 2414 990 caesarem
2452 918 2876 1008 facturum,
2934 925 3015 991 et

748 1043 1118 1117 trimestre
1176 1041 1271 1115 ad
1327 1040 1833 1138 exequendum
1869 1039 2358 1139 postularunt.
2420 1042 2578 1117 Nec
2636 1041 3010 1117 dubitavit

741 1191 1003 1243 caesar
1039 1167 1455 1265 pollicendo
1496 1174 1571 1242 et
1595 1166 2086 1265 promittendo
2128 1167 2447 1265 tempori
2502 1167 2790 1260 cedere,
2848 1189 3002 1240 mo·

741 1270 833 1366 do
872 1293 1293 1390 praesentis
1331 1293 1641 1391 periculi
1694 1300 1890 1369 metu
1927 1294 2520 1391 perfungeretur,
2560 1316 2722 1368 cum
2763 1291 3007 1368 adhuc

736 1419 1089 1494 incertum
1128 1425 1353 1511 esset,
1430 1440 1749 1516 quonam
1784 1418 1972 1494 tanti
2009 1420 2188 1495 belli
2246 1419 2590 1493 maritimi
2638 1427 2715 1495 et
2770 1428 3005 1495 terre-

735 1545 920 1618 stris
976 1550 1383 1643 apparatus
1420 1546 1898 1621 incumberet·
1951 1543 2137 1619 Cum
2196 1553 2439 1621 autem
2504 1544 2826 1621 Selimus
2866 1568 3007 1642 per

740 1670 1140 1746 budensem
1179 1672 1488 1744 bassam
1529 1670 1945 1767 postularet
1967 1670 2531 1766 exequutionem
2597 1679 3006 1763 pactorum3

743 1795 966 1870 etiam
1009 1801 1587 1891 conquereretur
1626 1800 1883 1869 contra
1959 1781 2333 1869 Simonem
2395 1794 2747 1890 Forgach
2786 1818 3004 1892 prae-

736 1923 1010 1997 fectum
1049 1921 1352 2018 agriens
1367 1942 1501 2013 em,
1580 1920 1778 2016 quod
1816 1941 2050 2016 nuper
2091 1919 2572 2016 praesidiarii
2608 1920 3005 2018 agrienses

741 2048 1036 2142 aliquos
1093 2047 1506 2120 Turcarum
1579 2045 1976 2142 cepissent,
2024 2041 2691 2142 trucidassentque:
2769 2047 3002 2122 misso

739 2171 1003 2245 nuncio
1042 2168 1424 2266 respondit
1459 2192 1557 2266 se,
1578 2171 1941 2244 facturum
1978 2170 2212 2245 fuisse
2249 2169 2366 2262 id,
2407 2171 2601 2267 quod
2639 2171 2715 2245 in
2755 2171 3001 2268 pactis

741 2322 876 2394 per
913 2300 1208 2393 legatos
1248 2296 1739 2394 promisisset;
1780 2297 1916 2370 sed
1957 2296 2317 2392 Ungaros
2374 2298 2699 2390 obstare,
2756 2321 2998 2396 neque

741 2423 1206 2520 permittere,
1285 2419 1477 2495 sicut
1523 2422 1746 2496 etiam
1803 2427 2025 2498 antea
2080 2445 2378 2520 semper
2453 2423 2999 2498 dissensionum

737 2559 1014 2627 'causas
1070 2548 1590 2645 praebuerunt,
1650 2557 1727 2624 et
1783 2546 2004 2623 iidem
2065 2547 2403 2624 inducias
2459 2570 2828 2645 nunquam
2871 2549 2998 2625 ob-

744 2675 1151 2768 servarint3
1190 2673 1357 2748 ideo
1414 2696 1498 2749 se
1534 2696 1728 2748 nunc
1766 2674 2150 2749 consilium
2189 2675 2501 2772 cepisse,
2540 2673 2878 2749 nimirum
2917 2683 2999 2748 ut

741 2801 1024 2878 eductis
1091 2799 1410 2895 undique
1473 2798 1807 2895 Ungaris
1846 2823 1940 2875 ex
1977 2800 2276 2875 arcibus
2313 2799 2639 2873 finitimis
2679 2797 2990 2874 Germa-

738 2949 874 3001 nos
913 2928 1259 3020 imponat,
1300 2922 1636 3001 homines
1677 2926 1773 3001 ad
1813 2926 2132 3024 quietem
2199 2933 2275 3000 et
2311 2924 2805 3001 obedientiam
2844 2949 2992 3000 ma-

740 3054 859 3149 gis
899 3057 1238 3143 asvetos3
1314 3058 1735 3127 curaturum
1773 3059 2041 3143 tamen,
2098 3058 2177 3124 ut
2215 3050 2600 3149 promissis
2649 3048 2994 3139 satisfiat,

736 3177 910 3252 etin
935 3175 1286 3271 Unga'ros
1305 3176 1813 3253 inobedientes
1851 3176 2414 3253 animadvertat.
2464 3175 2707 3251 Unum
2747 3183 2989 3251 autem

738 3326 822 3377 se
860 3301 1334 3376 vehementer
1372 3311 1645 3399 petere,
1721 3327 1815 3377 ne
1892 3302 2060 3378 dum
2133 3301 2404 3376 milites
2451 3300 2567 3375 sui
2621 3300 2721 3374 ad
2776 3302 2997 3376 casti-

734 3426 1021 3524 gandos
1096 3426 1607 3503 inobedientes
1683 3428 1951 3504 finibus
2015 3427 2315 3505 turcicis
2389 3426 2991 3524 appropinquare

731 3562 1189 3651 cogerentur,
1210 3555 1358 3629 vim
1396 3557 1493 3630 ab
1516 3557 1788 3632 Turcis
1806 3557 2203 3653 patiantur.
2228 3554 2708 3650 Intelligebat
2744 3562 2989 3628 autem

728 3681 780 3757 J
786 3680 1146 3756 ohannem
1203 3681 1632 3775 Balassam,
1710 3681 1905 3781 quod
1980 3704 2144 3757 eum
2219 3680 2760 3756 communicare
2818 3703 2981 3754 cum

726 3806 778 3883 J
786 3804 1070 3882 ohanne
1110 3808 1211 3883 ΙΙ.
1235 3806 1624 3911 consilium
1665 3809 2192 3907 suspicaretur,
2221 3828 2438 3904 quem
2477 3805 2767 3881 omnino
2805 3805 2987 3879 mul-

729 3940 935 4009 ctare
973 3938 1334 4010 statuerat
1407 3934 1473 4009 si
1527 3944 1805 4029 posset.
1865 3932 2017 4011 Sed
2054 3957 2216 4010 cum
2255 3932 2529 4007 'Parcis
2566 3931 2874 4006 finitima
2911 3935 2987 4008 in

731 4082 904 4136 arce
942 4062 1316 4154 Kekkeo,
1374 4062 1820 4160 patrimonio
1860 4084 2015 4157 suc,
2056 4061 2431 4160 praesidio
2480 4066 2876 4145 teneretur,
2914 4067 2992 4133 et

733 4209 979 4262 arcem
1018 4187 1320 4263 Veteris
1361 4186 1554 4263 Zolii
1609 4190 2131 4286 praefecturae
2167 4188 2455 4263 ratione
2510 4186 2733 4260 etiam
2771 4183 2988 4260 finiti·

735 4334 943 4406 mam,
984 4313 1245 4388 ambas
1283 4313 1532 4410 magni
1566 4315 1937 4407 momenti,
1958 4314 2342 4404 obtineret,
2379 4334 2523 4388 non
2552 4317 2715 4386 erat
2751 4318 2987 4386 tutum

730 4438 1188 4513 caesarianis
1243 4437 1616 4514 accedere.
1680 4437 1782 4514 Et
1821 4436 2274 4535 Stephanum
2330 4438 2573 4528 Dobo,
2630 4436 2745 4510 cui
2801 4458 2985 4533 opes

727 4586 862 4659 per
954 4566 1494 4660 praefecturam
1601 4565 2253 4641 transsilvanicam
2355 4584 2580 4640 avare
2693 4571 2985 4658 gestam
