3293 5219
2374 333 2527 411 287

278 551 717 645 veniebant,
795 549 928 625 sed
1001 557 1152 624 tum
1209 556 1410 624 motu
1484 548 2065 627 transsilvanico
2124 558 2199 626 et
2251 558 2530 626 tractus

266 678 618 753 tibiscani
660 685 821 751 orto
862 675 960 750 ad
997 676 1403 750 Isabellam
1454 674 1806 769 descivit,
1849 681 1944 752 ab
1984 701 2132 775 qua
2173 702 2350 783 aere
2400 679 2527 773 jus

268 801 711 879 hereditatis
753 802 947 878 emit.
1006 801 1296 877 Aberat
1334 799 1718 878 Sacmario
1757 805 2179 881 Erdeodum
2219 816 2531 903 quatuor

272 930 653 1022 milliaria,
695 938 770 1006 et
807 927 1187 1025 Georgius
1225 951 1486 1026 pacem
1523 930 1890 1005 firmatam
1929 932 2021 1005 iri
2079 932 2390 1006 credens
2429 930 2532 1003 ibi

269 1059 636 1152 agitabat.
735 1055 976 1151 Igitur
1035 1053 1403 1131 Svendius
1460 1055 1535 1128 in
1598 1078 1809 1155 spem
1884 1058 2242 1133 adductus
2315 1057 2532 1131 simul

267 1183 671 1281 potiundae
713 1183 934 1275 arcis,
977 1179 1295 1277 Georgii
1345 1190 1419 1256 et
1455 1182 1824 1277 thesauri,
1884 1208 2099 1281 quem
2139 1185 2535 1260 constabat

268 1310 372 1385 ibi
447 1332 641 1402 esse,
696 1309 870 1383 licet
924 1307 1226 1383 minima
1333 1308 1437 1383 ibi
1509 1332 1689 1407 pars
1764 1319 1928 1386 erat
1997 1311 2533 1396 thesaurorum,

276 1435 682 1536 praemittit
701 1436 1122 1528 Balassam,
1144 1442 1225 1510 ut
1261 1443 1710 1511 commeatus
1747 1437 2214 1533 intercludat3
2255 1461 2338 1513 se
2360 1461 2534 1536 quo-

284 1586 426 1661 que
485 1585 648 1637 cum
706 1561 941 1659 copiis
1002 1568 1639 1659 superventurum.
1692 1558 1844 1637 Sed
1880 1560 2005 1639 ille
2044 1563 2217 1655 otio,
2258 1584 2535 1653 somn0,

273 1688 545 1765 inertia
584 1688 903 1763 omnium
924 1687 1549 1785 corruptissimus,
1570 1686 1753 1762 nihil
1792 1688 1936 1764 nisi
1972 1712 2234 1764 nomen
2274 1688 2529 1765 claris-

269 1815 499 1891 simae
540 1814 906 1912 quondam
945 1813 1272 1889 familiae
1311 1815 1725 1905 retinebat,
1785 1840 1876 1890 ac
1919 1816 1995 1890 in
2035 1840 2315 1892 summa
2354 1838 2528 1913 opu·

267 1940 496 2017 lentia
554 1941 779 2017 animi
826 1941 1048 2016 etiam
1087 1964 1353 2016 vecors
1392 1941 1906 2040 turpissimam
1946 1943 2388 2020 deditionem
2427 1944 2530 2017 fe-

270 2068 384 2161 cit,
424 2067 633 2144 nulla
675 2067 1103 2144 defensione
1127 2064 1488 2158 adhibita,
1529 2074 1638 2144 tot
1667 2092 1902 2162 arces,
1926 2093 2359 2167 magnorum
2399 2068 2529 2143 eti-

273 2219 387 2270 am
407 2194 863 2270 exercituum
885 2194 1032 2267 vim
1075 2200 1299 2290 atque
1339 2193 1718 2269 obsidium
1741 2195 1864 2269 diu
1895 2196 2366 2286 toleraturas,
2387 2217 2529 2270 uno

271 2320 673 2418 eodemque
708 2328 1059 2418 tempore,
1102 2342 1241 2394 nec
1276 2320 1911 2418 virtutem,neque
1947 2321 2364 2420 propinqua
2402 2345 2525 2396 au-

274 2446 449 2521 xilia
502 2452 895 2544 spectans,
928 2493 931 2497 -
964 2444 1346 2520 tradendo.
1457 2446 1747 2542 Viginti
1801 2445 2036 2523 millia
2085 2447 2527 2522 florenorum

272 2571 343 2645 in
395 2569 704 2647 Erdeod
771 2577 1018 2664 nacta,
1091 2579 1400 2671 praeter
1480 2594 1909 2666 aureorum,
2005 2581 2523 2670 argenteorum

276 2720 667 2791 vasorum,
706 2697 1168 2795 vestiumque
1210 2697 1703 2798 pretiosarum
1777 2707 1851 2775 et
1884 2701 2189 2799 pellium
2227 2699 2531 2775 zebelli-

274 2847 527 2900 narum
585 2822 897 2922 copiam.
981 2821 1135 2898 Sub
1194 2823 1385 2898 idem
1423 2830 1711 2921 tempus
1751 2825 2147 2900 bosnensis
2185 2827 2417 2900 bassa
2453 2824 2527 2898 in

276 2948 576 3024 Oroatia
633 2956 958 3025 castrum
998 2946 1377 3047 Oruppam
1437 2949 1733 3025 Nicolai
1772 2948 2004 3025 Zrinii
2039 2951 2527 3050 oppugnavit,

286 3076 580 3153 Unnam
637 3099 924 3150 amnem
979 3077 1179 3151 ultra
1237 3076 1332 3151 ad
1386 3076 1663 3173 ripam,
1724 3100 1869 3173 qua
1917 3078 2351 3175 longissime
2388 3077 2531 3150 hac

277 3209 715 3301 tempestate
754 3203 1139 3277 confinium
1183 3201 1429 3299 Illyrii
1466 3203 2070 3300 protendebatur,
2110 3212 2185 3279 et
2219 3205 2530 3302 proden-

281 3337 349 3402 te
388 3352 533 3404 uno
571 3327 897 3427 inopiam
936 3349 1296 3421 annonae,
1319 3327 1590 3404 multos
1630 3336 1803 3427 post
1844 3329 2005 3404 dies
2041 3330 2434 3425 ingruente
2457 3329 2529 3401 vi

284 3461 730 3554 expugnata.
753 3452 857 3530 At
876 3451 1106 3529 Carni
1122 3455 1399 3530 auxilio
1423 3456 1631 3530 missi
1673 3457 1771 3531 ab
1800 3454 2095 3551 Carolo‚
2135 3479 2295 3531 cum
2333 3457 2528 3530 bano

283 3580 502 3657 Petro
524 3581 898 3681 Erdeody,
922 3588 1219 3681 pontem
1243 3584 1397 3658 arci
1422 3605 1827 3658 connexum
1847 3582 2141 3679 ingredi
2177 3604 2320 3656 non
2346 3580 2529 3673 ausi,

282 3709 513 3784 medio
555 3707 751 3783 amni
801 3732 1008 3784 arma
1047 3715 1541 3784 ostentavere.
1601 3709 1764 3783 Nec
1799 3709 1852 3785 J
1858 3709 2188 3784 ohannes
2227 3709 2530 3802 segnior

283 3845 458 3927 erat,
498 3834 636 3911 sed
673 3834 932 3910 eodem
968 3843 1299 3933 tempore
1340 3860 1548 3911 arma
1584 3835 1729 3908 huc
1764 3835 1944 3910 illuc
1981 3836 2529 3927 circumferens,

282 3961 558 4037 arcium
574 3961 627 4037 J
632 3983 837 4047 ene0,
861 3961 1131 4060 Dezny
1169 3971 1244 4037 et
1264 3961 1748 4058 Vilagoswar
1791 3961 2174 4059 praesidia
2210 3961 2285 4035 in
2324 3982 2533 4035 snum

281 4107 541 4161 nomen
566 4086 830 4183 jurare
854 4087 1118 4183 coegit.
1147 4085 1658 4162 Temesiensis
1698 4087 1937 4163 bassa
1976 4087 2382 4164 Pancotam
2411 4109 2533 4161 ex-

278 4209 672 4309 pugnavit,
732 4211 977 4286 caesis
1036 4219 1166 4287 aut
1223 4213 1466 4309 captis
1529 4212 1890 4288 omnibus.
1967 4213 2339 4289 Budensis
2376 4211 2531 4287 Ha-

282 4340 695 4434 zanbegum
729 4336 980 4412 valido
1023 4360 1183 4412 cum
1224 4339 1578 4421 exercitu,
1603 4339 2113 4436 beglerbegus
2138 4336 2529 4429 Graeciae,

287 4486 725 4561 quamquam
747 4469 1168 4559 revocatus,
1192 4487 1329 4539 sex
1348 4463 1582 4540 millia
1600 4464 1924 4540 miserat.
1949 4465 2393 4541 Debrecenii
2415 4487 2531 4538 co-

278 4591 443 4687 pias
484 4592 964 4685 conjungunt,
1008 4599 1081 4665 et
1120 4591 1217 4665 ad
1252 4591 1545 4666 hostem
1581 4600 1925 4689 pergunt.
1986 4588 2536 4691 Oppugnarunt
