3293 5219
2306 363 2456 442 139

246 580 366 651 lem
402 582 698 675 plagam
737 583 1021 684 itinere.
1066 606 1276 656 arces
1318 590 1584 677 stagno
1624 583 1991 657 Balathon
2030 585 2459 680 adjacentes

243 707 540 799 invadat,
614 709 854 806 iisqne
930 710 1310 807 occupatis
1382 711 1696 809 principi
1739 711 2031 786 obviarn
2070 710 2459 807 Zighetum

241 856 479 910 versus
517 836 946 912 contendat:
985 844 1189 912 tanto
1244 844 1531 911 terrore
1606 837 2057 912 consternati
2133 845 2322 930 sunt,
2381 846 2461 913 ut

236 961 395 1058 fuga
447 962 717 1060 dilapsi
776 965 1145 1039 desertam
1202 971 1277 1038 et
1313 986 1621 1040 vacuam
1671 965 1946 1041 nostris
2000 964 2455 1061 reliquerint.

238 1088 459 1164 Bassa
476 1112 655 1165 vero
684 1090 918 1188 copiis
938 1089 1337 1166 contractis
1359 1091 1676 1166 Tolnam
1699 1091 2044 1190 oppidum
2076 1091 2172 1167 ad
2201 1092 2456 1166 Danu-

240 1216 434 1308 bium,
470 1214 674 1291 nulla
711 1239 917 1291 mora
953 1201 1347 1312 interiecta
1382 1225 1590 1294 recta
1629 1217 2021 1310 contendit,
2079 1226 2459 1313 exspecta·

235 1344 455 1441 tisque
489 1344 592 1417 ibi
626 1367 764 1443 per
800 1345 1081 1440 aliquot
1117 1342 1275 1417 dies
1315 1340 1568 1421 Cazon
1624 1345 1858 1420 bassa
1923 1367 2083 1420 cum
2141 1346 2453 1422 bosnen-

235 1471 422 1546 sibus
456 1470 689 1570 copiis
726 1462 1425 1569 Quinqueecclesias
1467 1492 1729 1545 versus
1787 1471 2114 1547 nonnihil
2170 1493 2456 1570 promo-

239 1607 362 1690 vet3
415 1599 476 1673 si
533 1599 708 1696 quid
762 1599 1061 1674 interim
1093 1598 1259 1674 dum
1297 1597 1804 1696 beglerbegus
1824 1601 2094 1689 veniat,
2136 1607 2263 1675 aut
2299 1600 2456 1676 suis

238 1726 437 1801 animi
474 1727 744 1816 facere,
783 1733 911 1800 aut
946 1726 1221 1801 nostris
1258 1733 1525 1810 metum
1565 1713 2210 1825 incutere‘posset.

432 1852 669 1927 Fama
722 1851 1014 1927 interim
1070 1851 1430 1927 adventus
1463 1853 1902 1948 beglerbegi
1940 1853 2267 1951 quotidie
2305 1855 2460 1928 vul-

239 2004 320 2077 go
390 1979 627 2076 magis
703 2003 792 2052 ac
865 1978 1106 2075 magis
1179 1979 1736 2070 inclarescente,
1794 1982 2139 2079 princeps
2200 1959 2492 2057 coacto'

246 2130 520 2183 suorum
576 2106 911 2195 concili0,
974 2104 1145 2202 quid
1202 2129 1424 2204 porro
1481 2107 1867 2201 agendum,
1906 2131 2194 2206 quoque
2227 2116 2462 2207 vpacto

243 2234 577 2310 certitudo
616 2257 859 2309 rerum
901 2231 1340 2329 beglerbegi
1379 2235 1764 2332 explorari
1790 2242 2032 2332 queat,
2056 2235 2441 2332 inquirens

246 2361 566 2452 decernit,
625 2369 706 2435 ut
739 2354 1021 2459 ‘copiae
1074 2360 1504 2436 bohemicae
1581 2384 1741 2435 eum
1819 2370 2026 2435 certa
2086 2362 2460 2457 equitatus

243 2489 548 2585 ungarici
624 2494 838 2587 parte
897 2487 1289 2584 Zighetum
1364 2488 1873 2586 expediantur,
1954 2510 2450 2586 sermoneque

246 2616 555 2714 populari
593 2625 1017 2714 spargatur,
1040 2617 1398 2713 reliquum
1439 2638 1730 2714 quoque
1768 2618 2170 2692 exercitum
2212 2618 2465 2692 subse-

248 2750 545 2818 cuturum
619 2740 1320 2839 Quinqueecclesias
1384 2734 1975 2841 ¹cetera'que⁰ejus
2016 2752 2302 2819 tractus
2341 2766 2463 2817 ca-

250 2865 449 2943 stella
502 2878 1126 2967 expugnaturum,
1186 2855 1498 2967 denique
1537 2894 1696 2945 cum
1756 2871 2007 2961 bassa,
2050 2872 2125 2945 ni
2163 2879 2246 2945 se
2283 2872 2467 2945 reci·

251 2995 402 3091 piat,
456 3018 1046 3092 congressurum,
1108 3020 1188 3071 re
1226 2992 1491 3088 {autem
1527 2997 1729 3097 {vera
1766 2998 2215 3095 praesidium
2268 3019 2466 3071 com-

254 3131 654 3221 meatusque
693 3122 955 3219 Z-igeto
1031 3124 1535 3221 imponantur3
1595 3142 1738 3221 quo
1779 3124 2237 3199 obsidionem
2278 3123 2458 3219 beg-

254 3248 533 3348 lerbegi.
592 3253 656 3325 si
711 3253 903 3326 forte
943 3275 1105 3326 eam
1146 3253 1243 3325 sit
1280 3261 1716 3335 tentaturus,
1759 3253 2204 3328 commodius
2250 3252 2469 3326 susti-

258 3399 409 3451 nere
444 3379 715 3475 possit,
771 3382 980 3472 'cujus
1018 3379 1380 3452 adventus
1418 3379 1691 3452 indicia
1730 3401 1821 3453 ex
1863 3378 2249 3453 conatibus
2306 3381 2472 3452 bas-

262 3524 371 3577 sae
420 3527 559 3578 non
617 3507 934 3579 obscura
986 3505 1516 3580 indicabantur.
1559 3503 1837 3602 Copiae
1875 3528 2054 3580 vero
2092 3504 2471 3602 profectae

259 3629 542 3706 triduum
599 3632 795 3730 apud
851 3631 1068 3726 Ziget
1105 3632 1461 3723 mansere,
1485 3633 1772 3729 duoque
1807 3630 2248 3719 fortalitia*)
2289 3631 2475 3705 Tur-

264 3759 355 3830 eis
405 3768 591 3836 metu
648 3760 1172 3835 excedentibus
1245 3762 1318 3833 in
1375 3767 1815 3857 potestatem
1891 3781 2280 3856 recepere;
2336 3780 2474 3832 nec

266 3894 625 3980 praeterea
687 3896 814 3961 aut
871 3896 1318 3962 commeatus
1373 3910 1620 3961 curam
1662 3887 1888 3962 ullam
1925 3887 2275 3972 habuere,
2337 3893 2464 3959 aut

269 4012 421 4106 quid
469 4015 666 4090 aliud
703 4014 1180 4090 memorabile
1238 4016 1721 4112 praestitere:
1780 4015 1912 4088 sed
1951 4014 2172 4088 otiosi
2209 4014 2472 4087 saltem

270 4160 409 4212 cum
442 4149 721 4239 tempus
786 4144 1068 4218 frustra
1120 4143 1415 4227 trivere,
1475 4150 1620 4215 tum
1683 4149 1936 4215 castra
1972 4140 2471 4237 negligentius

271 4262 582 4341 habuere.
638 4267 846 4360 Quos
904 4270 1027 4343 ubi
1083 4273 1313 4344 bassa
1352 4280 1649 4367 praeter
1693 4271 2070 4364 vulgatum
2109 4290 2474 4343 rumorem

273 4393 545 4469 ulterius
601 4395 952 4494 progredi
996 4396 1189 4470 nolle
1230 4396 1790 4470 animadvertit:
1849 4396 2097 4469 missis
2138 4394 2477 4468 continuo

280 4528 552 4614 quatuor
607 4530 731 4598 aut
787 4523 1105 4618 quinque
1162 4522 1484 4595 millibus
1544 4544 1838 4596 suorum
1898 4520 2326 4597 lectissimis
2387 4520 2480 4596 ad

466 4666 517 4747 ’ἢ
544 4668 779 4736 Ιεῐύάυίὶ
800 4681 1075 4753 jegyzcte
1099 4700 1108 4731 :
1139 4680 1424 4752 Geresgal
1451 4687 1510 4735 et
1539 4681 1595 4735 S.
1626 4680 1992 4741 Laurentius.
