<?xml version="1.0" encoding="UTF-8"?>
<!DOCTYPE html PUBLIC "-//W3C//DTD XHTML 1.0 Transitional//EN"
    "http://www.w3.org/TR/xhtml1/DTD/xhtml1-transitional.dtd">
<html xmlns="http://www.w3.org/1999/xhtml" xml:lang="en" lang="en">
 <head>
  <title>
</title>
<meta http-equiv="Content-Type" content="text/html;charset=utf-8" />
  <meta name='ocr-system' content='tesseract 3.04.00' />
  <meta name='ocr-capabilities' content='ocr_page ocr_carea ocr_par ocr_line ocrx_word'/>
</head>
<body>
  <div class='ocr_page' id='page_1' title='image "./magyarhistorija00bpgoog/magyarhistorija00bpgoog_0144.png"; bbox 0 0 3293 5219; ppageno 0'>
   <div class='ocr_carea' id='block_1_1' title="bbox 891 341 998 423">
    <p class='ocr_par' dir='ltr' id='par_1_1' title="bbox 891 341 998 423">
     <span class='ocr_line' id='line_1_1' title="bbox 891 341 998 423; baseline -0.019 0"><span class='ocrx_word' id='word_1_1' title='bbox 891 341 998 423; x_wconf 78' lang='lat'><strong>36</strong></span> 
     </span>
    </p>
   </div>
   <div class='ocr_carea' id='block_1_2' title="bbox 875 550 3154 4453">
    <p class='ocr_par' dir='ltr' id='par_1_2' title="bbox 875 550 3154 4453">
     <span class='ocr_line' id='line_1_2' title="bbox 892 550 3150 652; baseline -0.003 -17"><span class='ocrx_word' id='word_1_2' title='bbox 892 580 1149 635; x_wconf 89' lang='lat' dir='ltr'><strong>currus</strong></span> <span class='ocrx_word' id='word_1_3' title='bbox 1186 557 1369 632; x_wconf 89' lang='lat' dir='ltr'><strong>solis</strong></span> <span class='ocrx_word' id='word_1_4' title='bbox 1407 554 1728 632; x_wconf 89' lang='lat' dir='ltr'><strong>hostium</strong></span> <span class='ocrx_word' id='word_1_5' title='bbox 1766 552 2136 652; x_wconf 74' lang='lat' dir='ltr'><strong>capitibus</strong></span> <span class='ocrx_word' id='word_1_6' title='bbox 2191 551 2593 650; x_wconf 85' lang='lat' dir='ltr'><strong>implevere</strong></span> <span class='ocrx_word' id='word_1_7' title='bbox 2646 550 3036 650; x_wconf 87' lang='lat' dir='ltr'><strong>hajdones,</strong></span> <span class='ocrx_word' id='word_1_8' title='bbox 3076 560 3150 628; x_wconf 85' lang='lat' dir='ltr'><strong>et</strong></span> 
     </span>
     <span class='ocr_line' id='line_1_3' title="bbox 890 677 3146 783; baseline -0.002 -24"><span class='ocrx_word' id='word_1_9' title='bbox 890 685 1106 761; x_wconf 89' lang='lat' dir='ltr'><strong>lectis</strong></span> <span class='ocrx_word' id='word_1_10' title='bbox 1137 683 1402 783; x_wconf 91' lang='lat' dir='ltr'><strong>spoliis</strong></span> <span class='ocrx_word' id='word_1_11' title='bbox 1443 681 1770 774; x_wconf 85' lang='lat' dir='ltr'><strong>reversi,</strong></span> <span class='ocrx_word' id='word_1_12' title='bbox 1811 681 2005 756; x_wconf 91' lang='lat' dir='ltr'><strong>haud</strong></span> <span class='ocrx_word' id='word_1_13' title='bbox 2042 680 2300 779; x_wconf 90' lang='lat' dir='ltr'><strong>procul</strong></span> <span class='ocrx_word' id='word_1_14' title='bbox 2338 677 2712 776; x_wconf 85' lang='lat' dir='ltr'><strong>Zegedino</strong></span> <span class='ocrx_word' id='word_1_15' title='bbox 2774 680 2971 755; x_wconf 88' lang='lat' dir='ltr'><strong>inter</strong></span> <span class='ocrx_word' id='word_1_16' title='bbox 3024 703 3146 755; x_wconf 86' lang='lat' dir='ltr'><strong>sa-</strong></span> 
     </span>
     <span class='ocr_line' id='line_1_4' title="bbox 894 805 3148 905; baseline -0.003 -18"><span class='ocrx_word' id='word_1_17' title='bbox 894 813 1117 887; x_wconf 87' lang='lat' dir='ltr'><strong>liceta</strong></span> <span class='ocrx_word' id='word_1_18' title='bbox 1155 810 1580 890; x_wconf 77' lang='lat' dir='ltr'>consedere,</span> <span class='ocrx_word' id='word_1_19' title='bbox 1620 809 1887 904; x_wconf 85' lang='lat' dir='ltr'><strong>ignari,</strong></span> <span class='ocrx_word' id='word_1_20' title='bbox 1930 832 2120 905; x_wconf 93' lang='lat' dir='ltr'><strong>quae</strong></span> <span class='ocrx_word' id='word_1_21' title='bbox 2148 810 2309 905; x_wconf 90' lang='lat' dir='ltr'><strong>jam</strong></span> <span class='ocrx_word' id='word_1_22' title='bbox 2346 808 2544 882; x_wconf 86' lang='lat' dir='ltr'><strong>facta</strong></span> <span class='ocrx_word' id='word_1_23' title='bbox 2580 807 2918 882; x_wconf 88' lang='lat' dir='ltr'><strong>fuissent.</strong></span> <span class='ocrx_word' id='word_1_24' title='bbox 2996 805 3148 882; x_wconf 87' lang='lat' dir='ltr'><strong>Sed</strong></span> 
     </span>
     <span class='ocr_line' id='line_1_5' title="bbox 892 932 3151 1034; baseline -0.003 -20"><span class='ocrx_word' id='word_1_25' title='bbox 892 938 1196 1015; x_wconf 89' lang='lat' dir='ltr'><strong>Blasius</strong></span> <span class='ocrx_word' id='word_1_26' title='bbox 1256 938 1430 1033; x_wconf 84' lang='lat' dir='ltr'><strong>Nag</strong></span> <span class='ocrx_word' id='word_1_27' title='bbox 1491 936 1637 1011; x_wconf 90' lang='lat' dir='ltr'><strong>dux</strong></span> <span class='ocrx_word' id='word_1_28' title='bbox 1661 943 2037 1034; x_wconf 81' lang='lat' dir='ltr'><strong>comperta</strong></span> <span class='ocrx_word' id='word_1_29' title='bbox 2071 958 2177 1026; x_wconf 88' lang='lat' dir='ltr'><strong>re,</strong></span> <span class='ocrx_word' id='word_1_30' title='bbox 2219 932 2608 1009; x_wconf 78' lang='lat' dir='ltr'><strong>Tibiscum</strong></span> <span class='ocrx_word' id='word_1_31' title='bbox 2646 934 3151 1009; x_wconf 88' lang='lat' dir='ltr'><strong>transmitten-</strong></span> 
     </span>
     <span class='ocr_line' id='line_1_6' title="bbox 894 1060 3148 1157; baseline -0.002 -16"><span class='ocrx_word' id='word_1_32' title='bbox 894 1068 1061 1141; x_wconf 89' lang='lat' dir='ltr'><strong>dum</strong></span> <span class='ocrx_word' id='word_1_33' title='bbox 1100 1064 1502 1157; x_wconf 82' lang='lat' dir='ltr'><strong>svadebat3</strong></span> <span class='ocrx_word' id='word_1_34' title='bbox 1542 1060 1653 1137; x_wconf 92' lang='lat' dir='ltr'><strong>illi</strong></span> <span class='ocrx_word' id='word_1_35' title='bbox 1694 1060 1997 1137; x_wconf 88' lang='lat' dir='ltr'><strong>salubre</strong></span> <span class='ocrx_word' id='word_1_36' title='bbox 2018 1061 2405 1137; x_wconf 90' lang='lat' dir='ltr'><strong>consilium</strong></span> <span class='ocrx_word' id='word_1_37' title='bbox 2422 1060 2885 1137; x_wconf 87' lang='lat' dir='ltr'><strong>formidinem</strong></span> <span class='ocrx_word' id='word_1_38' title='bbox 2923 1061 3148 1137; x_wconf 89' lang='lat' dir='ltr'><strong>inter·</strong></span> 
     </span>
     <span class='ocr_line' id='line_1_7' title="bbox 906 1188 3154 1291; baseline -0.002 -23"><span class='ocrx_word' id='word_1_39' title='bbox 906 1198 1290 1291; x_wconf 86' lang='lat' dir='ltr'><strong>pretantes</strong></span> <span class='ocrx_word' id='word_1_40' title='bbox 1313 1191 1680 1265; x_wconf 90' lang='lat' dir='ltr'><strong>abnuere:</strong></span> <span class='ocrx_word' id='word_1_41' title='bbox 1721 1212 2036 1286; x_wconf 84' lang='lat' dir='ltr'><strong>moxque</strong></span> <span class='ocrx_word' id='word_1_42' title='bbox 2076 1190 2353 1264; x_wconf 85' lang='lat' dir='ltr'><strong>affuere</strong></span> <span class='ocrx_word' id='word_1_43' title='bbox 2373 1189 2628 1266; x_wconf 90' lang='lat' dir='ltr'><strong>hostes</strong></span> <span class='ocrx_word' id='word_1_44' title='bbox 2651 1215 2668 1260; x_wconf 78' lang='grc' dir='ltr'><strong><em>ε</em></strong></span> <span class='ocrx_word' id='word_1_45' title='bbox 2689 1212 2863 1265; x_wconf 92' lang='lat' dir='ltr'><strong>acre</strong></span> <span class='ocrx_word' id='word_1_46' title='bbox 2881 1188 3154 1289; x_wconf 88' lang='lat' dir='ltr'><strong>praeli-</strong></span> 
     </span>
     <span class='ocr_line' id='line_1_8' title="bbox 899 1315 3145 1415; baseline -0 -21"><span class='ocrx_word' id='word_1_47' title='bbox 899 1343 1014 1395; x_wconf 92' lang='lat' dir='ltr'><strong>um</strong></span> <span class='ocrx_word' id='word_1_48' title='bbox 1059 1318 1545 1408; x_wconf 88' lang='lat' dir='ltr'><strong>commissum,</strong></span> <span class='ocrx_word' id='word_1_49' title='bbox 1605 1324 1681 1390; x_wconf 87' lang='lat' dir='ltr'><strong>et</strong></span> <span class='ocrx_word' id='word_1_50' title='bbox 1738 1318 1974 1412; x_wconf 89' lang='lat' dir='ltr'><strong>major</strong></span> <span class='ocrx_word' id='word_1_51' title='bbox 2031 1315 2349 1391; x_wconf 90' lang='lat' dir='ltr'><strong>hostium</strong></span> <span class='ocrx_word' id='word_1_52' title='bbox 2398 1316 2689 1410; x_wconf 90' lang='lat' dir='ltr'><strong>caedes,</strong></span> <span class='ocrx_word' id='word_1_53' title='bbox 2749 1342 2968 1414; x_wconf 92' lang='lat' dir='ltr'><strong>quam</strong></span> <span class='ocrx_word' id='word_1_54' title='bbox 3007 1340 3145 1415; x_wconf 89' lang='lat' dir='ltr'><strong>pro</strong></span> 
     </span>
     <span class='ocr_line' id='line_1_9' title="bbox 899 1442 3153 1542; baseline -0.002 -20"><span class='ocrx_word' id='word_1_55' title='bbox 899 1469 1208 1522; x_wconf 92' lang='lat' dir='ltr'><strong>numero</strong></span> <span class='ocrx_word' id='word_1_56' title='bbox 1305 1452 1768 1535; x_wconf 88' lang='lat' dir='ltr'><strong>nostrorum,</strong></span> <span class='ocrx_word' id='word_1_57' title='bbox 1845 1451 2166 1541; x_wconf 89' lang='lat' dir='ltr'><strong>patrata.</strong></span> <span class='ocrx_word' id='word_1_58' title='bbox 2264 1442 2655 1521; x_wconf 86' lang='lat' dir='ltr'><strong>Postremo</strong></span> <span class='ocrx_word' id='word_1_59' title='bbox 2759 1465 2997 1542; x_wconf 89' lang='lat' dir='ltr'><strong>usque</strong></span> <span class='ocrx_word' id='word_1_60' title='bbox 3056 1443 3153 1518; x_wconf 88' lang='lat' dir='ltr'><strong>ad</strong></span> 
     </span>
     <span class='ocr_line' id='line_1_10' title="bbox 890 1567 3149 1669; baseline -0.002 -22"><span class='ocrx_word' id='word_1_61' title='bbox 890 1572 1193 1647; x_wconf 86' lang='lat' dir='ltr'><strong>exitium</strong></span> <span class='ocrx_word' id='word_1_62' title='bbox 1232 1579 1651 1669; x_wconf 78' lang='lat' dir='ltr'><strong>pugnantes</strong></span> <span class='ocrx_word' id='word_1_63' title='bbox 1691 1569 1927 1663; x_wconf 81' lang='lat' dir='ltr'><strong>caesi3</strong></span> <span class='ocrx_word' id='word_1_64' title='bbox 1969 1569 2232 1666; x_wconf 82' lang='lat' dir='ltr'><strong>viginti</strong></span> <span class='ocrx_word' id='word_1_65' title='bbox 2270 1567 2535 1643; x_wconf 91' lang='lat' dir='ltr'><strong>saltem</strong></span> <span class='ocrx_word' id='word_1_66' title='bbox 2576 1568 2960 1646; x_wconf 82' lang='lat' dir='ltr'><strong>Tibiscum</strong></span> <span class='ocrx_word' id='word_1_67' title='bbox 2998 1577 3149 1645; x_wconf 89' lang='lat' dir='ltr'><strong>tra-</strong></span> 
     </span>
     <span class='ocr_line' id='line_1_11' title="bbox 886 1693 3145 1795; baseline 0 -23"><span class='ocrx_word' id='word_1_68' title='bbox 886 1707 1187 1787; x_wconf 84' lang='lat' dir='ltr'><strong>nantes,</strong></span> <span class='ocrx_word' id='word_1_69' title='bbox 1262 1700 1339 1772; x_wconf 91' lang='lat' dir='ltr'><strong>in</strong></span> <span class='ocrx_word' id='word_1_70' title='bbox 1394 1699 1604 1795; x_wconf 89' lang='lat' dir='ltr'><strong>queis</strong></span> <span class='ocrx_word' id='word_1_71' title='bbox 1680 1697 1844 1795; x_wconf 91' lang='lat' dir='ltr'><strong>ipse</strong></span> <span class='ocrx_word' id='word_1_72' title='bbox 1917 1693 2217 1772; x_wconf 89' lang='lat' dir='ltr'><strong>Blasius</strong></span> <span class='ocrx_word' id='word_1_73' title='bbox 2238 1753 2256 1775; x_wconf 79' lang='grc'>,</span> <span class='ocrx_word' id='word_1_74' title='bbox 2314 1696 2608 1794; x_wconf 84' lang='lat' dir='ltr'><strong>dilapsi.</strong></span> <span class='ocrx_word' id='word_1_75' title='bbox 2673 1695 3145 1772; x_wconf 83' lang='lat' dir='ltr'><strong>Multitudine</strong></span> 
     </span>
     <span class='ocr_line' id='line_1_12' title="bbox 888 1824 3147 1924; baseline 0 -24"><span class='ocrx_word' id='word_1_76' title='bbox 888 1849 1294 1915; x_wconf 87' lang='lat' dir='ltr'><strong>caesorum,</strong></span> <span class='ocrx_word' id='word_1_77' title='bbox 1338 1834 1413 1900; x_wconf 91' lang='lat' dir='ltr'><strong>et</strong></span> <span class='ocrx_word' id='word_1_78' title='bbox 1456 1827 1687 1901; x_wconf 89' lang='lat' dir='ltr'><strong>variis</strong></span> <span class='ocrx_word' id='word_1_79' title='bbox 1727 1826 2027 1901; x_wconf 84' lang='lat' dir='ltr'><strong>casibus</strong></span> <span class='ocrx_word' id='word_1_80' title='bbox 2066 1832 2630 1924; x_wconf 87' lang='lat' dir='ltr'><strong>peremptorum,</strong></span> <span class='ocrx_word' id='word_1_81' title='bbox 2669 1824 3147 1923; x_wconf 87' lang='lat' dir='ltr'><strong>captivorum,</strong></span> 
     </span>
     <span class='ocr_line' id='line_1_13' title="bbox 889 1951 3147 2052; baseline 0 -24"><span class='ocrx_word' id='word_1_82' title='bbox 889 1952 1225 2052; x_wconf 81' lang='lat' dir='ltr'><strong>praeliis,</strong></span> <span class='ocrx_word' id='word_1_83' title='bbox 1269 1975 1357 2027; x_wconf 93' lang='lat' dir='ltr'><strong>ac</strong></span> <span class='ocrx_word' id='word_1_84' title='bbox 1396 1953 1796 2029; x_wconf 84' lang='lat' dir='ltr'><strong>mutatione</strong></span> <span class='ocrx_word' id='word_1_85' title='bbox 1835 1952 2195 2046; x_wconf 84' lang='lat' dir='ltr'><strong>fortunae,</strong></span> <span class='ocrx_word' id='word_1_86' title='bbox 2237 1951 2422 2027; x_wconf 90' lang='lat' dir='ltr'><strong>haec</strong></span> <span class='ocrx_word' id='word_1_87' title='bbox 2457 1952 2724 2048; x_wconf 84' lang='lat' dir='ltr'><strong>ingens</strong></span> <span class='ocrx_word' id='word_1_88' title='bbox 2763 1959 2837 2027; x_wconf 89' lang='lat' dir='ltr'><strong>et</strong></span> <span class='ocrx_word' id='word_1_89' title='bbox 2874 1975 3147 2028; x_wconf 93' lang='lat' dir='ltr'><strong>memo·</strong></span> 
     </span>
     <span class='ocr_line' id='line_1_14' title="bbox 885 2078 3148 2179; baseline -0 -26"><span class='ocrx_word' id='word_1_90' title='bbox 885 2080 1152 2154; x_wconf 90' lang='lat' dir='ltr'><strong>rabilis</strong></span> <span class='ocrx_word' id='word_1_91' title='bbox 1193 2080 1446 2155; x_wconf 89' lang='lat' dir='ltr'><strong>clades</strong></span> <span class='ocrx_word' id='word_1_92' title='bbox 1487 2080 1774 2154; x_wconf 89' lang='lat' dir='ltr'><strong>accidit.</strong></span> <span class='ocrx_word' id='word_1_93' title='bbox 1797 2080 1898 2154; x_wconf 90' lang='lat' dir='ltr'><strong>At</strong></span> <span class='ocrx_word' id='word_1_94' title='bbox 1921 2078 2367 2179; x_wconf 85' lang='lat' dir='ltr'><strong>Solymanus</strong></span> <span class='ocrx_word' id='word_1_95' title='bbox 2398 2080 2516 2154; x_wconf 88' lang='lat' dir='ltr'><strong>his</strong></span> <span class='ocrx_word' id='word_1_96' title='bbox 2553 2087 2776 2176; x_wconf 88' lang='lat' dir='ltr'><strong>atque</strong></span> <span class='ocrx_word' id='word_1_97' title='bbox 2813 2078 2987 2154; x_wconf 87' lang='lat' dir='ltr'><strong>aliis</strong></span> <span class='ocrx_word' id='word_1_98' title='bbox 3026 2102 3148 2153; x_wconf 91' lang='lat' dir='ltr'><strong>ac-</strong></span> 
     </span>
     <span class='ocr_line' id='line_1_15' title="bbox 887 2206 3146 2305; baseline 0 -26"><span class='ocrx_word' id='word_1_99' title='bbox 887 2230 1175 2299; x_wconf 90' lang='lat' dir='ltr'><strong>census,</strong></span> <span class='ocrx_word' id='word_1_100' title='bbox 1252 2206 1618 2281; x_wconf 88' lang='lat' dir='ltr'><strong>vindictae</strong></span> <span class='ocrx_word' id='word_1_101' title='bbox 1714 2206 2054 2305; x_wconf 89' lang='lat' dir='ltr'><strong>cupidine</strong></span> <span class='ocrx_word' id='word_1_102' title='bbox 2110 2207 2442 2301; x_wconf 84' lang='lat' dir='ltr'><strong>ardebat,</strong></span> <span class='ocrx_word' id='word_1_103' title='bbox 2499 2228 2778 2303; x_wconf 84' lang='lat' dir='ltr'><strong>parvas</strong></span> <span class='ocrx_word' id='word_1_104' title='bbox 2852 2227 3146 2302; x_wconf 91' lang='lat' dir='ltr'><strong>quoque</strong></span> 
     </span>
     <span class='ocr_line' id='line_1_16' title="bbox 889 2332 3149 2431; baseline 0.001 -26"><span class='ocrx_word' id='word_1_105' title='bbox 889 2333 1200 2430; x_wconf 80' lang='lat' dir='ltr'><strong>injurias</strong></span> <span class='ocrx_word' id='word_1_106' title='bbox 1257 2357 1529 2429; x_wconf 83' lang='lat' dir='ltr'><strong>magna</strong></span> <span class='ocrx_word' id='word_1_107' title='bbox 1567 2334 1781 2407; x_wconf 91' lang='lat' dir='ltr'><strong>clade</strong></span> <span class='ocrx_word' id='word_1_108' title='bbox 1819 2357 2139 2431; x_wconf 92' lang='lat' dir='ltr'><strong>pensare</strong></span> <span class='ocrx_word' id='word_1_109' title='bbox 2195 2332 2484 2428; x_wconf 86' lang='lat' dir='ltr'><strong>solitus,</strong></span> <span class='ocrx_word' id='word_1_110' title='bbox 2540 2332 2806 2408; x_wconf 91' lang='lat' dir='ltr'><strong>nedum</strong></span> <span class='ocrx_word' id='word_1_111' title='bbox 2862 2334 3149 2407; x_wconf 87' lang='lat' dir='ltr'><strong>Trans·</strong></span> 
     </span>
     <span class='ocr_line' id='line_1_17' title="bbox 890 2459 3149 2558; baseline -0.001 -22"><span class='ocrx_word' id='word_1_112' title='bbox 890 2460 1213 2536; x_wconf 88' lang='lat' dir='ltr'><strong>silvania</strong></span> <span class='ocrx_word' id='word_1_113' title='bbox 1251 2469 1472 2556; x_wconf 89' lang='lat' dir='ltr'><strong>atque</strong></span> <span class='ocrx_word' id='word_1_114' title='bbox 1514 2460 1858 2557; x_wconf 84' lang='lat' dir='ltr'><strong>Ungaria</strong></span> <span class='ocrx_word' id='word_1_115' title='bbox 1899 2462 1952 2538; x_wconf 83' lang='lat' dir='ltr'>J</span> <span class='ocrx_word' id='word_1_116' title='bbox 1957 2485 2265 2537; x_wconf 91' lang='lat' dir='ltr'><strong>oannem</strong></span> <span class='ocrx_word' id='word_1_117' title='bbox 2303 2459 2849 2537; x_wconf 87' lang='lat' dir='ltr'><strong>beneficiarium</strong></span> <span class='ocrx_word' id='word_1_118' title='bbox 2889 2484 3149 2558; x_wconf 79' lang='lat' dir='ltr'><strong>reg-em</strong></span> 
     </span>
     <span class='ocr_line' id='line_1_18' title="bbox 884 2586 3150 2685; baseline 0 -23"><span class='ocrx_word' id='word_1_119' title='bbox 884 2586 1176 2684; x_wconf 90' lang='lat' dir='ltr'><strong>pulsum</strong></span> <span class='ocrx_word' id='word_1_120' title='bbox 1217 2595 1613 2684; x_wconf 88' lang='lat' dir='ltr'><strong>pateretur.</strong></span> <span class='ocrx_word' id='word_1_121' title='bbox 1685 2587 1923 2685; x_wconf 81' lang='lat' dir='ltr'><strong>Igitur</strong></span> <span class='ocrx_word' id='word_1_122' title='bbox 1965 2586 2240 2664; x_wconf 87' lang='lat' dir='ltr'><strong>Amhat</strong></span> <span class='ocrx_word' id='word_1_123' title='bbox 2276 2590 2548 2665; x_wconf 89' lang='lat' dir='ltr'><strong>bassae</strong></span> <span class='ocrx_word' id='word_1_124' title='bbox 2585 2587 2910 2665; x_wconf 89' lang='lat' dir='ltr'><strong>secundo</strong></span> <span class='ocrx_word' id='word_1_125' title='bbox 2949 2589 3150 2664; x_wconf 81' lang='lat' dir='ltr'><strong>vezi-</strong></span> 
     </span>
     <span class='ocr_line' id='line_1_19' title="bbox 886 2714 3152 2816; baseline 0.002 -29"><span class='ocrx_word' id='word_1_126' title='bbox 886 2714 997 2787; x_wconf 90' lang='lat' dir='ltr'><strong>rio</strong></span> <span class='ocrx_word' id='word_1_127' title='bbox 1075 2714 1615 2811; x_wconf 82' lang='lat' dir='ltr'><strong>expeditionem</strong></span> <span class='ocrx_word' id='word_1_128' title='bbox 1657 2715 1990 2812; x_wconf 79' lang='lat' dir='ltr'><strong>injunxit,</strong></span> <span class='ocrx_word' id='word_1_129' title='bbox 2049 2718 2431 2815; x_wconf 88' lang='lat' dir='ltr'><strong>utriusque</strong></span> <span class='ocrx_word' id='word_1_130' title='bbox 2470 2715 2887 2792; x_wconf 88' lang='lat' dir='ltr'><strong>Valachiae</strong></span> <span class='ocrx_word' id='word_1_131' title='bbox 2949 2718 3152 2816; x_wconf 86' lang='lat' dir='ltr'><strong>prin-</strong></span> 
     </span>
     <span class='ocr_line' id='line_1_20' title="bbox 891 2840 3148 2941; baseline 0.002 -28"><span class='ocrx_word' id='word_1_132' title='bbox 891 2840 1199 2937; x_wconf 75' lang='lat' dir='ltr'><strong>cipibuS,</strong></span> <span class='ocrx_word' id='word_1_133' title='bbox 1274 2848 1354 2914; x_wconf 89' lang='lat' dir='ltr'><strong>ut</strong></span> <span class='ocrx_word' id='word_1_134' title='bbox 1429 2849 1671 2916; x_wconf 90' lang='lat' dir='ltr'><strong>motus</strong></span> <span class='ocrx_word' id='word_1_135' title='bbox 1727 2841 2346 2921; x_wconf 87' lang='lat' dir='ltr'><strong>Transsilvaniae</strong></span> <span class='ocrx_word' id='word_1_136' title='bbox 2386 2844 2912 2937; x_wconf 79' lang='lat' dir='ltr'><strong>observarent3</strong></span> <span class='ocrx_word' id='word_1_137' title='bbox 2989 2842 3148 2941; x_wconf 80' lang='lat' dir='ltr'><strong>Aly</strong></span> 
     </span>
     <span class='ocr_line' id='line_1_21' title="bbox 891 2967 3152 3076; baseline 0.003 -35"><span class='ocrx_word' id='word_1_138' title='bbox 891 2968 1164 3042; x_wconf 89' lang='lat' dir='ltr'><strong>bassae</strong></span> <span class='ocrx_word' id='word_1_139' title='bbox 1227 2967 1577 3076; x_wconf 85' lang='lat' dir='ltr'><strong>budensi,</strong></span> <span class='ocrx_word' id='word_1_140' title='bbox 1656 2967 2002 3047; x_wconf 91' lang='lat' dir='ltr'><strong>finitimas</strong></span> <span class='ocrx_word' id='word_1_141' title='bbox 2071 2995 2285 3046; x_wconf 90' lang='lat' dir='ltr'><strong>arces</strong></span> <span class='ocrx_word' id='word_1_142' title='bbox 2342 2979 2562 3070; x_wconf 89' lang='lat' dir='ltr'><strong>atque</strong></span> <span class='ocrx_word' id='word_1_143' title='bbox 2628 2970 2946 3049; x_wconf 89' lang='lat' dir='ltr'><strong>castella</strong></span> <span class='ocrx_word' id='word_1_144' title='bbox 3022 2995 3152 3047; x_wconf 86' lang='lat' dir='ltr'><strong>ex·</strong></span> 
     </span>
     <span class='ocr_line' id='line_1_22' title="bbox 886 3097 3144 3191; baseline 0.003 -23"><span class='ocrx_word' id='word_1_145' title='bbox 886 3111 1241 3191; x_wconf 82' lang='lat' dir='ltr'><strong>pugnare,</strong></span> <span class='ocrx_word' id='word_1_146' title='bbox 1301 3103 1430 3170; x_wconf 90' lang='lat' dir='ltr'><strong>aut</strong></span> <span class='ocrx_word' id='word_1_147' title='bbox 1488 3097 1963 3191; x_wconf 81' lang='lat' dir='ltr'><strong>exscindere3</strong></span> <span class='ocrx_word' id='word_1_148' title='bbox 2040 3099 2145 3173; x_wconf 88' lang='lat' dir='ltr'><strong>ita</strong></span> <span class='ocrx_word' id='word_1_149' title='bbox 2202 3098 2486 3175; x_wconf 89' lang='lat' dir='ltr'><strong>hostem</strong></span> <span class='ocrx_word' id='word_1_150' title='bbox 2539 3123 2676 3174; x_wconf 91' lang='lat' dir='ltr'><strong>nec</strong></span> <span class='ocrx_word' id='word_1_151' title='bbox 2711 3100 2834 3176; x_wconf 92' lang='lat' dir='ltr'><strong>uni</strong></span> <span class='ocrx_word' id='word_1_152' title='bbox 2873 3099 3144 3174; x_wconf 83' lang='lat' dir='ltr'><strong>suffec-</strong></span> 
     </span>
     <span class='ocr_line' id='line_1_23' title="bbox 883 3220 3138 3323; baseline 0.005 -31"><span class='ocrx_word' id='word_1_153' title='bbox 883 3225 1143 3306; x_wconf 82' lang='lat' dir='ltr'><strong>turum,</strong></span> <span class='ocrx_word' id='word_1_154' title='bbox 1165 3220 1502 3318; x_wconf 81' lang='lat' dir='ltr'><strong>pluribus</strong></span> <span class='ocrx_word' id='word_1_155' title='bbox 1542 3222 1763 3297; x_wconf 91' lang='lat' dir='ltr'><strong>bellis</strong></span> <span class='ocrx_word' id='word_1_156' title='bbox 1802 3224 2019 3300; x_wconf 90' lang='lat' dir='ltr'><strong>simul</strong></span> <span class='ocrx_word' id='word_1_157' title='bbox 2040 3224 2490 3323; x_wconf 89' lang='lat' dir='ltr'><strong>implicatum</strong></span> <span class='ocrx_word' id='word_1_158' title='bbox 2532 3225 2938 3302; x_wconf 89' lang='lat' dir='ltr'><strong>distineret.</strong></span> <span class='ocrx_word' id='word_1_159' title='bbox 2979 3226 3138 3303; x_wconf 89' lang='lat' dir='ltr'><strong>Ah-</strong></span> 
     </span>
     <span class='ocr_line' id='line_1_24' title="bbox 881 3345 3136 3450; baseline 0.005 -32"><span class='ocrx_word' id='word_1_160' title='bbox 881 3354 1032 3420; x_wconf 90' lang='lat' dir='ltr'><strong>mat</strong></span> <span class='ocrx_word' id='word_1_161' title='bbox 1086 3345 1498 3421; x_wconf 90' lang='lat' dir='ltr'><strong>Mehemeto</strong></span> <span class='ocrx_word' id='word_1_162' title='bbox 1555 3348 2038 3447; x_wconf 74' lang='lat' dir='ltr'><strong>beglerbego,</strong></span> <span class='ocrx_word' id='word_1_163' title='bbox 2098 3373 2310 3446; x_wconf 93' lang='lat' dir='ltr'><strong>quem</strong></span> <span class='ocrx_word' id='word_1_164' title='bbox 2368 3350 2821 3450; x_wconf 80' lang='lat' dir='ltr'><strong>Solymanus</strong></span> <span class='ocrx_word' id='word_1_165' title='bbox 2879 3353 3136 3450; x_wconf 83' lang='lat' dir='ltr'><strong>digni-</strong></span> 
     </span>
     <span class='ocr_line' id='line_1_25' title="bbox 892 3471 3147 3581; baseline 0.005 -36"><span class='ocrx_word' id='word_1_166' title='bbox 892 3478 1047 3546; x_wconf 88' lang='lat' dir='ltr'><strong>tate</strong></span> <span class='ocrx_word' id='word_1_167' title='bbox 1086 3471 1535 3568; x_wconf 85' lang='lat' dir='ltr'><strong>privaverat,</strong></span> <span class='ocrx_word' id='word_1_168' title='bbox 1575 3472 1773 3570; x_wconf 92' lang='lat' dir='ltr'><strong>quod</strong></span> <span class='ocrx_word' id='word_1_169' title='bbox 1791 3473 2323 3551; x_wconf 84' lang='lat' dir='ltr'><strong>Temesvarum</strong></span> <span class='ocrx_word' id='word_1_170' title='bbox 2362 3478 2759 3568; x_wconf 86' lang='lat' dir='ltr'><strong>amisisset,</strong></span> <span class='ocrx_word' id='word_1_171' title='bbox 2793 3503 2928 3556; x_wconf 89' lang='lat' dir='ltr'><strong>nec</strong></span> <span class='ocrx_word' id='word_1_172' title='bbox 2965 3480 3147 3581; x_wconf 89' lang='lat' dir='ltr'><strong>Lip-</strong></span> 
     </span>
     <span class='ocr_line' id='line_1_26' title="bbox 881 3594 3142 3706; baseline 0.004 -32"><span class='ocrx_word' id='word_1_173' title='bbox 881 3621 1020 3695; x_wconf 90' lang='lat' dir='ltr'><strong>pae</strong></span> <span class='ocrx_word' id='word_1_174' title='bbox 1051 3594 1371 3673; x_wconf 92' lang='lat' dir='ltr'><strong>Uluman</strong></span> <span class='ocrx_word' id='word_1_175' title='bbox 1390 3599 1584 3696; x_wconf 85' lang='lat' dir='ltr'><strong>bego</strong></span> <span class='ocrx_word' id='word_1_176' title='bbox 1624 3601 1976 3678; x_wconf 87' lang='lat' dir='ltr'><strong>auxilium</strong></span> <span class='ocrx_word' id='word_1_177' title='bbox 2013 3602 2328 3698; x_wconf 90' lang='lat' dir='ltr'><strong>tulisset,</strong></span> <span class='ocrx_word' id='word_1_178' title='bbox 2350 3604 2670 3700; x_wconf 82' lang='lat' dir='ltr'><strong>gratiam</strong></span> <span class='ocrx_word' id='word_1_179' title='bbox 2687 3606 3142 3706; x_wconf 83' lang='lat' dir='ltr'><strong>impetravit,</strong></span> 
     </span>
     <span class='ocr_line' id='line_1_27' title="bbox 888 3727 3140 3825; baseline 0.005 -25"><span class='ocrx_word' id='word_1_180' title='bbox 888 3746 1280 3821; x_wconf 88' lang='lat' dir='ltr'><strong>secumque</strong></span> <span class='ocrx_word' id='word_1_181' title='bbox 1358 3727 1805 3825; x_wconf 75' lang='lat' dir='ltr'><strong>assumpsit,</strong></span> <span class='ocrx_word' id='word_1_182' title='bbox 1872 3737 2223 3825; x_wconf 84' lang='lat' dir='ltr'><strong>tanquam</strong></span> <span class='ocrx_word' id='word_1_183' title='bbox 2280 3732 2602 3809; x_wconf 90' lang='lat' dir='ltr'><strong>locorum</strong></span> <span class='ocrx_word' id='word_1_184' title='bbox 2679 3742 2753 3808; x_wconf 90' lang='lat' dir='ltr'><strong>et</strong></span> <span class='ocrx_word' id='word_1_185' title='bbox 2824 3732 3140 3812; x_wconf 88' lang='lat' dir='ltr'><strong>militum</strong></span> 
     </span>
     <span class='ocr_line' id='line_1_28' title="bbox 882 3848 3143 3953; baseline 0.006 -29"><span class='ocrx_word' id='word_1_186' title='bbox 882 3874 1217 3948; x_wconf 83' lang='lat' dir='ltr'><strong>gnarum.</strong></span> <span class='ocrx_word' id='word_1_187' title='bbox 1280 3848 1592 3927; x_wconf 85' lang='lat' dir='ltr'><strong>Centum</strong></span> <span class='ocrx_word' id='word_1_188' title='bbox 1631 3855 2028 3953; x_wconf 84' lang='lat' dir='ltr'><strong>sexaginta</strong></span> <span class='ocrx_word' id='word_1_189' title='bbox 2067 3854 2300 3932; x_wconf 90' lang='lat' dir='ltr'><strong>millia</strong></span> <span class='ocrx_word' id='word_1_190' title='bbox 2336 3867 2782 3936; x_wconf 87' lang='lat' dir='ltr'><strong>armatorum</strong></span> <span class='ocrx_word' id='word_1_191' title='bbox 2858 3860 3143 3946; x_wconf 74' lang='lat' dir='ltr'><strong>Ahmat</strong></span> 
     </span>
     <span class='ocr_line' id='line_1_29' title="bbox 880 3975 3139 4084; baseline 0.007 -32"><span class='ocrx_word' id='word_1_192' title='bbox 880 3979 954 4052; x_wconf 91' lang='lat' dir='ltr'><strong>in</strong></span> <span class='ocrx_word' id='word_1_193' title='bbox 1049 3979 1318 4054; x_wconf 89' lang='lat' dir='ltr'><strong>castris</strong></span> <span class='ocrx_word' id='word_1_194' title='bbox 1392 3979 1652 4055; x_wconf 91' lang='lat' dir='ltr'><strong>habuit</strong></span> <span class='ocrx_word' id='word_1_195' title='bbox 1710 3975 1819 4078; x_wconf 74' lang='lat'><strong>¹¹⁸),</strong></span> <span class='ocrx_word' id='word_1_196' title='bbox 1879 3983 2193 4058; x_wconf 88' lang='lat' dir='ltr'><strong>muralia</strong></span> <span class='ocrx_word' id='word_1_197' title='bbox 2284 3992 2660 4084; x_wconf 14' lang='lat' dir='ltr'><strong>tormenta,</strong></span> <span class='ocrx_word' id='word_1_198' title='bbox 2755 3988 3085 4066; x_wconf 89' lang='lat' dir='ltr'><strong>sedecim</strong></span> <span class='ocrx_word' id='word_1_199' title='bbox 3122 4050 3139 4084; x_wconf 87' lang='lat'><strong>,</strong></span> 
     </span>
     <span class='ocr_line' id='line_1_30' title="bbox 877 4103 3140 4217; baseline 0.007 -38"><span class='ocrx_word' id='word_1_200' title='bbox 877 4103 1026 4179; x_wconf 88' lang='lat' dir='ltr'><strong>alia</strong></span> <span class='ocrx_word' id='word_1_201' title='bbox 1100 4112 1464 4180; x_wconf 90' lang='lat' dir='ltr'><strong>tormenta</strong></span> <span class='ocrx_word' id='word_1_202' title='bbox 1501 4108 1827 4183; x_wconf 88' lang='lat' dir='ltr'><strong>currulia</strong></span> <span class='ocrx_word' id='word_1_203' title='bbox 1900 4110 2321 4206; x_wconf 89' lang='lat' dir='ltr'><strong>promiscua</strong></span> <span class='ocrx_word' id='word_1_204' title='bbox 2360 4121 2671 4191; x_wconf 91' lang='lat' dir='ltr'><strong>centum.</strong></span> <span class='ocrx_word' id='word_1_205' title='bbox 2713 4115 2858 4192; x_wconf 90' lang='lat' dir='ltr'><strong>His</strong></span> <span class='ocrx_word' id='word_1_206' title='bbox 2898 4121 3140 4217; x_wconf 89' lang='lat' dir='ltr'><strong>copiis</strong></span> 
     </span>
     <span class='ocr_line' id='line_1_31' title="bbox 879 4230 3136 4332; baseline 0.007 -28"><span class='ocrx_word' id='word_1_207' title='bbox 879 4230 1249 4328; x_wconf 84' lang='lat' dir='ltr'><strong>armisque</strong></span> <span class='ocrx_word' id='word_1_208' title='bbox 1315 4231 1390 4305; x_wconf 92' lang='lat' dir='ltr'><strong>in</strong></span> <span class='ocrx_word' id='word_1_209' title='bbox 1438 4230 1842 4330; x_wconf 82' lang='lat' dir='ltr'><strong>Ungariam</strong></span> <span class='ocrx_word' id='word_1_210' title='bbox 1902 4238 2121 4332; x_wconf 86' lang='lat' dir='ltr'><strong>venit,</strong></span> <span class='ocrx_word' id='word_1_211' title='bbox 2180 4249 2254 4315; x_wconf 91' lang='lat' dir='ltr'><strong>et</strong></span> <span class='ocrx_word' id='word_1_212' title='bbox 2309 4240 2523 4317; x_wconf 91' lang='lat' dir='ltr'><strong>VIII.</strong></span> <span class='ocrx_word' id='word_1_213' title='bbox 2564 4239 2945 4322; x_wconf 86' lang='lat' dir='ltr'><strong>Calendas</strong></span> <span class='ocrx_word' id='word_1_214' title='bbox 2983 4244 3136 4323; x_wconf 87' lang='lat' dir='ltr'><strong>Jul.</strong></span> 
     </span>
     <span class='ocr_line' id='line_1_32' title="bbox 875 4356 3132 4453; baseline 0.008 -25"><span class='ocrx_word' id='word_1_215' title='bbox 875 4356 1381 4453; x_wconf 89' lang='lat' dir='ltr'><strong>speculatores</strong></span> <span class='ocrx_word' id='word_1_216' title='bbox 1420 4356 1860 4437; x_wconf 85' lang='lat' dir='ltr'><strong>Temesvari</strong></span> <span class='ocrx_word' id='word_1_217' title='bbox 1880 4363 2205 4440; x_wconf 89' lang='lat' dir='ltr'><strong>adfuere.</strong></span> <span class='ocrx_word' id='word_1_218' title='bbox 2245 4365 2529 4441; x_wconf 88' lang='lat' dir='ltr'><strong>Eodem</strong></span> <span class='ocrx_word' id='word_1_219' title='bbox 2570 4368 2689 4443; x_wconf 91' lang='lat' dir='ltr'><strong>die</strong></span> <span class='ocrx_word' id='word_1_220' title='bbox 2729 4379 2805 4445; x_wconf 90' lang='lat' dir='ltr'><strong>et</strong></span> <span class='ocrx_word' id='word_1_221' title='bbox 2844 4372 3132 4450; x_wconf 86' lang='lat' dir='ltr'><strong>Loson-</strong></span> 
     </span>
    </p>
   </div>
   <div class='ocr_carea' id='block_1_3' title="bbox 882 4547 1397 4560">
    <p class='ocr_par' dir='ltr' id='par_1_3' title="bbox 882 4547 1397 4560">
     <span class='ocr_line' id='line_1_33' title="bbox 882 4547 1397 4560; baseline 0 659"><span class='ocrx_word' id='word_1_222' title='bbox 882 4547 1397 4560; x_wconf 95' lang='lat' dir='ltr'><strong> </strong></span> 
     </span>
    </p>
   </div>
   <div class='ocr_carea' id='block_1_4' title="bbox 1050 4618 2182 4695">
    <p class='ocr_par' dir='ltr' id='par_1_4' title="bbox 1050 4618 2182 4695">
     <span class='ocr_line' id='line_1_34' title="bbox 1050 4618 2182 4695; baseline 0.006 -21"><span class='ocrx_word' id='word_1_223' title='bbox 1050 4619 1110 4689; x_wconf 69' lang='lat'><strong>¹⁵)</strong></span> <span class='ocrx_word' id='word_1_224' title='bbox 1138 4618 1383 4677; x_wconf 70' lang='lat' dir='ltr'><strong>Istvanfi</strong></span> <span class='ocrx_word' id='word_1_225' title='bbox 1401 4621 1683 4695; x_wconf 74' lang='lat' dir='ltr'><strong>jogyzete</strong></span> <span class='ocrx_word' id='word_1_226' title='bbox 1707 4647 1719 4679; x_wconf 75' lang='grc' dir='ltr'><strong><em>ε</em></strong></span> <span class='ocrx_word' id='word_1_227' title='bbox 1750 4624 1925 4683; x_wconf 75' lang='lat' dir='ltr'><strong>Canis</strong></span> <span class='ocrx_word' id='word_1_228' title='bbox 1952 4628 2182 4684; x_wconf 81' lang='lat' dir='ltr'><strong>credat!</strong></span> 
     </span>
    </p>
   </div>
  </div>
 </body>
</html>
