3293 5219
870 331 1036 411 130

878 551 1272 649 impatiens
1343 556 1598 625 tantae
1655 547 2173 640 contumeliae,
2230 555 2306 624 et
2373 548 2615 646 ipsum
2651 569 2786 646 per
2825 555 3106 623 montes

879 678 1258 775 silvasque
1298 699 1564 772 magno
1602 698 1905 752 numero
1960 675 2198 766 coire,
2252 697 2389 773 per
2424 675 2816 770 angustias
2853 674 3125 749 viarum

882 812 1242 881 armatum
1294 802 1598 880 militem
1638 802 2008 895 obsidere,
2067 825 2160 877 ex
2233 823 2434 876 more
2474 802 2916 899 praedatum
2960 822 3123 875 eun-

878 939 1026 1007 tem
1062 929 1432 1030 persequi,
1470 929 1818 1029 spoliare,
1877 937 2251 1028 postremo
2309 928 2701 1019 trucidare,
2726 929 3123 1026 plerosque

877 1065 959 1132 ut
997 1065 1209 1133 erant
1248 1056 1513 1132 armati
1552 1058 1643 1131 de
1683 1056 2076 1131 arboribus
2106 1055 2593 1153 suspendere,
2634 1077 2871 1152 eoque
2910 1061 3129 1152 pacto

880 1191 1257 1281 acceptam
1296 1184 1634 1280 injuriam
1676 1183 1933 1258 ulcisci
1988 1183 2251 1282 coepit.
2316 1181 2527 1274 Quae
2568 1205 2692 1257 res
2732 1182 3126 1257 multorum

880 1318 1148 1409 postea
1219 1312 1573 1386 malorum
1651 1332 1950 1385 causam
2006 1310 2370 1409 praebuit.
2465 1307 2641 1398 Ubi,
2682 1308 2857 1404 quia
2895 1309 3120 1382 duces

880 1437 1155 1513 crimen
1190 1458 1549 1512 excusare
1604 1436 2025 1532 neutiquam
2080 1444 2408 1535 possunt,
2472 1433 2945 1511 Polbailerus
2983 1436 3130 1510 cul-

881 1587 1054 1661 pam
1112 1588 1392 1640 omnem
1468 1566 1544 1638 iu
1621 1564 1972 1664 stipendii
2010 1565 2433 1658 carentiam,
2490 1563 2825 1661 adeoque
2872 1585 3129 1659 regem

883 1692 1331 1785 conferebat,
1391 1692 1693 1787 militem
1729 1715 1864 1788 per
1919 1691 2399 1788 indigentiam
2455 1691 2818 1789 pecuniae
2856 1691 3126 1766 victum

880 1818 1025 1893 sibi
1064 1841 1423 1916 quaerere
1461 1817 1651 1914 cogi.
1689 1815 2078 1893 Palatinus
2116 1819 2261 1893 etsi
2307 1840 2466 1919 cum
2508 1817 2719 1892 initia
2756 1816 2945 1892 haec
2966 1840 3129 1914 per-

879 1943 1162 2020 niciosa
1197 1945 1358 2019 fore
1398 1942 2041 2036 animadverteret,
2086 1953 2239 2020 tum
2275 1943 2534 2019 militis
2573 1942 2963 2017 lasciviam
3004 1967 3124 2016 ca·

878 2068 1302 2168 stigandam
1342 2092 1512 2144 esse
1549 2080 1930 2145 censeret:
1969 2078 2218 2145 tamen
2240 2071 2412 2166 quia
2451 2093 2589 2144 nec
2624 2069 3016 2167 imperium
3056 2071 3127 2143 in

878 2196 954 2270 id
1009 2195 1321 2271 solidum
1378 2193 1728 2287 habebat,
1787 2204 1863 2270 et
1916 2195 2382 2270 manifestum
2438 2194 2683 2269 subito
2740 2197 3128 2271 tumultum

879 2324 1398 2422 copiarumque
1435 2323 1750 2397 omnium
1791 2330 2162 2397 cruentam
2173 2307 2744 2412 dimicationem,
2786 2320 3126 2420 adeoque

884 2451 1442 2528 dissolutionem
1479 2449 1649 2524 inde
1707 2449 2156 2525 exorituram
2213 2449 2532 2535 videbat,
2572 2455 2983 2548 temporum
3042 2472 3126 2524 se

876 2578 1147 2654 rationi
1202 2602 1347 2655 non
1402 2577 1902 2677 imprudenter
1975 2576 2580 2669 accommodavit,
2656 2577 2896 2653 satius
2951 2599 3125 2652 esse

876 2713 1082 2782 ratus
1136 2707 1428 2805 reliqua
1481 2708 1693 2805 regni
1747 2715 1960 2806 parte
2011 2714 2471 2793 conservata,
2514 2728 2680 2782 eam
2732 2706 3124 2804 regionem

879 2836 1253 2911 desertam
1343 2834 1525 2925 fieri,
1601 2856 1819 2931 quam
1876 2834 2226 2909 exercituw
2262 2832 2555 2933 dilapso
2592 2855 2901 2929 regnum
2930 2832 3122 2933 peri·

880 2962 1143 3038 clitari.
1182 2961 1487 3036 Interim
1525 2960 2046 3036 Ferdinandus
2102 2962 2319 3036 trium
2355 2968 2691 3037 natorum
2728 2961 2937 3055 regis
2976 2984 3121 3035 me·

879 3089 1065 3179 dius,
1100 3094 1307 3162 tanto
1381 3088 1543 3184 ejus
1607 3085 2101 3184 expeditionis
2175 3086 2688 3184 suscipiendae
2746 3085 3120 3160 desiderio

876 3215 1202 3310 flagrare
1231 3214 1523 3310 coepit,
1561 3221 1641 3288 ut
1686 3236 1835 3288 non
1890 3214 2104 3288 modo
2161 3212 2344 3310 ipse,
2400 3213 2535 3287 sed
2589 3220 2663 3288 et
2715 3212 3118 3289 amicorum

877 3340 1223 3441 precibus
1258 3347 1545 3437 patrem
1583 3340 1901 3439 supplex
1934 3324 2335 3437 flagitaret,
2373 3339 2633 3415 liceret
2666 3339 2812 3415 sibi
2857 3340 2933 3415 in
2973 3341 3123 3415 bel-

878 3470 1026 3544 lum
1067 3465 1468 3564 proficisci,
1526 3473 1990 3563 aetatemque
2065 3465 2278 3542 annis
2313 3472 2386 3539 et
2440 3464 2725 3541 viribus
2781 3466 3118 3557 solidam,

874 3615 1270 3690 regnorum
1306 3614 1623 3683 suorum,
1683 3592 1856 3689 quin
1877 3591 2335 3691 reipublicae
2366 3592 2820 3669 christianae
2857 3593 3119 3669 usibus

875 3720 1320 3819 impendere.
1380 3719 1591 3814 Rege
1628 3741 1854 3817 porro
1910 3718 2108 3795 haud
2147 3718 2386 3812 dubie,
2426 3743 2587 3796 cum
2622 3719 2865 3796 hostis
2904 3721 3119 3795 calli-

878 3847 1125 3940 ditate,
1162 3854 1321 3920 tum
1339 3845 1622 3944 *aetatis
1641 3844 2011 3949 imperitia
2066 3855 2288 3944 atque
2324 3846 2509 3922 adeo
2559 3847 2926 3943 ambiguis
2966 3846 3117 3923 bel-

875 3971 1112 4049 lorum
1151 3971 1541 4046 eventibus
1580 3971 1822 4049 animo
1862 3972 2244 4070 reputatis,
2316 3973 2539 4049 dubia
2586 3996 2720 4073 spe
2759 3973 3114 4071 aliquam·

877 4099 1003 4174 diu
1020 4099 1491 4197 producente,
1523 4106 1735 4175 tanta
1773 4100 1869 4175 ad
1906 4099 2514 4199 proficiscendum
2569 4099 2832 4198 cupido
2869 4098 3117 4176 adole·

876 4234 1202 4302 scentem
1231 4227 1556 4319 incessit,
1596 4235 1679 4302 ut
1695 4226 1949 4324 Praga
1985 4228 2273 4325 magnis
2311 4227 2698 4304 itineribus
2737 4226 3116 4302 velocissi-

878 4377 991 4427 me
1084 4355 1465 4447 advolans,
1553 4378 1919 4453 praesens
1998 4357 2194 4452 quod
2266 4363 2486 4432 antea
2523 4379 2659 4453 per
2693 4354 2988 4434 litteras
3044 4362 3117 4428 et

878 4481 1149 4555 amicos
1185 4489 1627 4574 tentaverat,
1667 4507 1715 4557 a
1749 4489 1964 4581 patre
2023 4481 2514 4558 contenderet.
2562 4467 2714 4559 Ubi
2756 4483 2978 4580 copia
3011 4480 3116 4555 di·

878 4609 1088 4682 cendi
1124 4609 1360 4682 facta:
1419 4609 1648 4697 „Nisi
1672 4632 1909 4704 regna
1948 4618 2021 4682 et
2074 4608 2516 4705 provinciae,
2575 4608 2698 4698 ait,
2738 4631 2927 4703 quas
2964 4630 3114 4680 am-
