3293 5219
2359 320 2521 398 445

134 643 139 648 .
275 543 603 619 amicum
641 541 976 618 retineat.
1034 537 1376 614 Ceterum
1430 539 1570 615 hae
1613 540 2068 617 conditiones
2119 540 2525 618 secretissi-

273 693 453 745 mae
490 670 683 744 inter
722 690 805 743 se
845 667 1030 760 sint,
1068 675 1150 742 ut
1184 667 1386 742 nulla
1423 666 1717 744 occasio
1753 668 1990 743 hostis
2044 667 2379 742 irritandi
2414 668 2520 742 fo-

271 797 391 871 ris
451 794 742 870 existat„
821 791 940 866 Ad
995 792 1530 869 confirmandas
1588 794 2060 888 conditiones,
2101 794 2519 869 amicitiam·

276 945 452 1018 que,
492 930 713 1018 atque
743 918 1194 1014 jungendam
1234 918 1705 1012 affinitatem,
1761 928 2099 1020 nepotem
2138 942 2231 995 ex
2266 942 2522 995 sorore

278 1070 664 1143 germana,
706 1043 933 1119 filiam
991 1043 1196 1118 ducis
1254 1053 1379 1119 aut
1431 1045 1839 1139 Bavariae,
1898 1054 2023 1122 aut
2084 1045 2521 1143 juliacensis

274 1171 482 1247 intra
519 1172 892 1248 trimestre
928 1173 1004 1246 in
1043 1170 1575 1247 matrimonium
1613 1181 2187 1269 procuraturum.
2225 1171 2508 1262 Johan-

276 1322 453 1374 nem
492 1317 669 1374 vero
710 1307 882 1375 ante
923 1299 1115 1374 diem
1154 1296 1461 1374 Calend.
1495 1299 1547 1375 J
1553 1322 1803 1374 anuar.
1840 1323 1976 1399 per
2013 1301 2308 1397 legatos
2349 1323 2515 1374 con-

284 1424 611 1501 ditiones
666 1426 874 1524 pacis
931 1426 1540 1521 confirmaturum.
1633 1424 1871 1525 Super
1943 1425 2059 1500 his
2118 1426 2519 1523 diplomata

286 1550 766 1627 conficiuntur
787 1611 804 1642 ‚
864 1551 1057 1627 ultro
1117 1551 1448 1648 citroque
1503 1551 1842 1627 manibus
1896 1551 2223 1627 caesaris
2278 1558 2517 1628 orato·
2643 1597 2657 1604 -

284 1699 591 1774 rumque
647 1678 968 1774 signata,
1026 1686 1248 1774 atque
1299 1677 1714 1752 interventu
1748 1675 2065 1775 publici,
2119 1685 2202 1752 ut
2236 1683 2521 1770 vocant,

287 1802 578 1895 notarii,
598 1803 862 1879 foedus
898 1810 1329 1901 perpetuum
1367 1803 1802 1901 percutiunt,
1842 1814 1916 1880 et
1954 1804 2328 1903 conceptis
2365 1827 2525 1878 ver-

289 1929 409 2004 bis
466 1935 862 2026 praeeunte
918 1929 1205 2005 notario
1263 1951 1529 2004 caesar
1602 1938 2083 2027 oratoresque
2163 1929 2380 2004 fidem
2455 1933 2530 2004 et

278 2052 796 2150 jusjurandum
832 2061 1235 2150 praestant.

506 2177 611 2252 At
649 2177 848 2253 aliud
887 2185 1051 2253 erat
1088 2178 1163 2252 in
1199 2178 1406 2253 fatis.
1453 2178 1749 2256 Interea
1788 2178 2105 2256 Selimus
2144 2205 2289 2256 non
2327 2181 2533 2278 igna-

293 2326 420 2378 rus
459 2327 742 2396 rerum,
785 2327 972 2401 quae
1012 2312 1431 2401 agerentur,
1474 2304 1660 2380 duos
1697 2307 2015 2402 legatos,
2057 2307 2367 2385 alterum
2401 2329 2535 2404 po-

293 2431 541 2504 lonum
597 2453 688 2504 ex
749 2453 1023 2527 genere
1082 2430 1316 2524 Stras‚
1381 2432 1691 2507 Abraim
1728 2430 2105 2508 chausium
2165 2431 2260 2507 ad
2313 2432 2530 2507 Polo·

300 2555 469 2630 niae
497 2578 772 2652 regem,
812 2554 1122 2633 alterum
1162 2580 1520 2655 ungarum
1565 2558 1660 2633 ad
1697 2558 1748 2635 J
1755 2558 2116 2636 ohannem
2170 2559 2535 2636 amandat.
2609 2653 2616 2661 ο

294 2681 439 2774 Qui
459 2680 555 2755 ad
594 2682 1036 2781 colloquium
1072 2684 1276 2780 regis
1313 2685 1418 2759 uti
1456 2685 1677 2778 venit,
1698 2693 1772 2760 et
1808 2686 1998 2761 sella
2035 2685 2381 2785 apposita
2420 2710 2531 2761 se-

297 2808 425 2902 dit,
484 2792 928 2907 semotisque
986 2810 1318 2885 omnibus
1386 2812 1912 2912 interpretibus
1987 2821 2208 2911 atque
2265 2813 2534 2893 ceteris

296 2936 620 3031 arbitris,
679 2937 824 3012 nisi
861 2960 1002 3013 uno
1034 2938 1394 3014 Michaele
1435 2937 1727 3015 Ohakio
1767 2943 2208 3018 ca'ncellario
2249 2971 2265 3016 ε
2326 2944 2536 3018 Duae

300 3084 425 3137 res
464 3069 654 3157 sunt,
694 3062 965 3160 inquit,
1026 3063 1120 3137 ob
1169 3087 1355 3162 quas
1402 3064 1721 3141 Selimus
1761 3048 2021 3143 caesar
2059 3092 2174 3143 me
2211 3070 2538 3164 legatum

308 3188 406 3264 ad
442 3197 639 3264 tuam
678 3192 1141 3287 majestatem
1178 3191 1393 3267 misit.
1456 3192 1800 3285 Primum,
1844 3193 2108 3290 quibus
2149 3193 2239 3269 de
2297 3192 2542 3268 causis

302 3316 754 3413 legationem
808 3317 881 3390 in
920 3314 1395 3393 Germaniam
1450 3318 1764 3411 miseris,
1821 3328 1901 3394 ut
1938 3320 2076 3394 abs
2114 3328 2187 3395 te
2226 3319 2390 3416 ipso
2427 3342 2542 3393 re-

301 3442 660 3518 scisceret
683 3498 699 3523 .
760 3466 926 3517 nam
984 3450 1058 3518 et
1113 3442 1556 3542 Solymanus
1614 3445 1722 3519 uti
1760 3453 1994 3542 pater,
2051 3452 2126 3519 et
2196 3443 2358 3539 ipse
2428 3442 2531 3517 uti

301 3569 557 3662 frater,
578 3591 848 3661 amore,
887 3568 1425 3663 benevolentia,
1446 3569 1710 3646 officiis
1750 3571 2084 3647 omnibus
2123 3569 2323 3646 nullo
2361 3577 2536 3644 tem-

298 3716 483 3794 pore
539 3701 667 3768 aut
720 3692 895 3768 loco.
941 3693 1076 3768 tibi
1128 3693 1533 3772 defuerunt.
1594 3695 1809 3788 Quod
1847 3697 1912 3772 si
1953 3720 2250 3795 quarum
2289 3717 2537 3771 rerum

301 3819 701 3914 indigeres,
758 3818 984 3894 multo
1042 3820 1315 3897 rectius
1353 3821 1429 3895 id
1470 3845 1624 3915 sua,
1684 3847 1898 3920 quam
1936 3830 2063 3898 tua
2099 3821 2539 3898 auctoritate

284 3946 635 4045 ,potuisse
709 3969 796 4022 ac
870 3968 1095 4044 posse
1166 3947 1443 4044 perfici.
1518 3948 1856 4026 Alterum
1931 3948 2346 4024 mandatum
2404 3964 2539 4049 est,

309 4094 453 4169 quo
488 4076 564 4145 te
602 4093 851 4145 amore
890 4070 1202 4168 quodam
1222 4072 1548 4150 fraterno
1569 4074 2104 4173 praemonitum
2122 4096 2290 4150 6666
2345 4066 2538 4157 vult,

305 4219 606 4272 uxorem
645 4219 737 4271 ex
779 4193 1182 4273 Germania
1218 4223 1311 4274 ne
1351 4201 1679 4277 duceres.
1716 4202 1913 4276 Esse
1951 4224 2173 4297 reges
2215 4198 2535 4289 Galliae,

309 4322 624 4412 Damae,
705 4331 779 4398 et
852 4320 1184 4416 Sueciae,
1279 4349 1777 4425 quamcunque
1854 4328 2048 4426 apud
2119 4327 2256 4403 hos
2319 4350 2540 4424 reges

308 4447 666 4545 elegeris,
744 4469 882 4522 sua
947 4449 1381 4526 auctoritate
1448 4451 1582 4526 tibi
1637 4452 2041 4527 confectum
2107 4453 2198 4527 iri
2256 4461 2540 4530 curatu-

307 4597 489 4649 rum.
531 4575 915 4652 Johannes
952 4576 1278 4652 breviter
1335 4585 1408 4653 et
1445 4580 1800 4678 perplexe
1859 4582 2240 4680 respondit
2277 4609 2293 4656 ε
2351 4579 2540 4659 8666
