3293 5219
2377 328 2531 405 :315

286 550 635 626 militibus
713 558 1267 643 remanserant3
1342 571 1643 644 quorum
1737 547 1990 645 plures
2066 551 2242 625 tabe
2318 573 2536 646 quam

284 675 535 773 gladio
601 674 995 773 perierunt.
1040 673 1654 750 Animadversum
1689 662 1825 764 est,
1866 676 2120 749 cumin
2157 677 2321 749 loco
2360 676 2535 750 alio-

280 802 399 898 qui
477 802 858 897 stagnanti
933 803 1127 876 intra
1184 808 1497 898 quatuor
1554 808 1683 876 aut
1729 802 2047 899 quinque
2125 801 2529 891 cubitorum

289 928 833 1005 subfossionem
853 952 1050 1026 aqua
1071 928 1498 1019 abundaret,
1520 935 1669 1002 tum
1692 928 1785 1002 ad
1823 928 2249 1003 immensam
2298 928 2539 1004 altitu·
2636 1008 2644 1016 ,

282 1054 521 1129 (linem
563 1056 685 1129 vix
724 1054 1009 1129 modica
1068 1063 1140 1129 et
1196 1079 1287 1129 ea
1325 1053 1746 1151 perniciosa
1802 1056 2295 1152 reperiretur3
2339 1054 2534 1129 dein-

283 1181 369 1255 de
483 1181 554 1255 in
688 1181 927 1279 prima
1055 1181 1311 1255 statim
1453 1186 1978 1255 tormentorum
2108 1181 2542 1280 explosione

279 1316 434 1381 tres
473 1306 1059 1405 praestantiores
1100 1306 1670 1380 bombardarios
1705 1306 2022 1381 adverso
2053 1307 2538 1382 maximarum

278 1433 599 1530 pilarum
636 1433 783 1506 ictu
826 1433 1146 1507 laniatos
1189 1455 1379 1525 esse3
1434 1455 1740 1528 quorum
1781 1455 2004 1507 unum
2044 1434 2546 1529 Baldegaram

278 1561 625 1650 italum*)
666 1558 1033 1655 insignem
1068 1556 1658 1651 architectum,et
1684 1560 1777 1633 ob
1835 1559 1910 1632 id
1951 1583 2036 1635 eo
2068 1560 2546 1635 fabricandae

279 1688 433 1762 arci
476 1686 801 1778 missum,
841 1686 1233 1759 maximum
1256 1693 1327 1760 et
1355 1687 1832 1785 praecipuum
1867 1696 2302 1763 tormentum
2383 1711 2543 1762 cum

281 1813 835 1902 inflammasset,
896 1812 1235 1888 continuo
1293 1813 1368 1886 in
1436 1814 1679 1889 frusta
1720 1814 2151 1913 disruptum,
2192 1816 2542 1890 miseran-

288 1942 383 2014 da
422 1962 605 2013 nece
647 1939 1117 2036 discerptum.
1166 1938 1359 2013 Illud
1401 1963 1692 2036 quoque
1739 1942 2055 2015 maximo
2096 1941 2548 2032 incommodo

296 2067 577 2141 nostris
617 2064 771 2153 fuit,
814 2064 1007 2161 quod
1066 2063 1505 2160 sagittariae
1562 2065 2025 2155 fenestellae,
2086 2091 2272 2164 quae
2314 2067 2408 2140 ad
2447 2069 2548 2141 la-

295 2202 459 2268 tera
537 2191 993 2265 defendenda
1068 2201 1377 2288 paratae
1490 2192 1824 2268 fuissent.
1922 2194 2016 2267 ad
2105 2196 2379 2292 primos
2451 2193 2552 2266 ic-

289 2331 433 2411 tus,
502 2343 659 2394 cum
736 2343 825 2393 ex
904 2319 1215 2393 materia
1291 2327 1754 2394 constructae
1848 2329 2136 2411 essent,
2267 2344 2554 2395 corrue-

284 2447 453 2537 rint,
558 2446 854 2520 inutiles
945 2468 1254 2542 prorsus
1382 2446 1733 2521 redditae.
1847 2446 2330 2538 Querecinius
2460 2470 2552 2520 ex

293 2571 698 2648 Sclavonia
792 2570 1082 2671 illyrica
1160 2573 1509 2649 oriundus
1586 2574 1840 2648 eadem
1899 2575 2136 2651 hieme
2191 2575 2551 2650 Viennam

286 2701 666 2799 profectus
706 2699 801 2775 ad
841 2723 1241 2792 caesarem,
1282 2701 1704 2776 missionem
1727 2700 2223 2798 flagitaverat,
2268 2701 2399 2776 sed
2441 2724 2551 2773 re-

287 2835 538 2903 tentus
578 2834 712 2918 est,
755 2835 826 2900 et
882 2832 1178 2903 texente
1219 2852 1384 2903 mox
1444 2831 1697 2903 varias
1758 2849 2022 2920 moras,
2065 2829 2134 2902 vi
2175 2828 2553 2926 impulsuS,

292 2952 462 3027 odio
502 2954 576 3027 in
617 2977 887 3040 onmes,
959 2961 1031 3028 et
1071 2955 1163 3028 ad
1204 2955 1655 3052 perdendum
1713 2956 1910 3048 fat03
1955 2955 2076 3050 qui
2152 2954 2275 3028 ubi
2317 2954 2390 3027 in
2431 2974 2555 3049 po-

294 3087 645 3155 testatem
686 3081 907 3170 venit,
948 3081 1397 3176 Belgradum
1439 3081 1712 3155 missus
1752 3089 1885 3168 est,
1927 3088 2000 3154 et
2042 3103 2123 3153 se
2163 3077 2552 3153 liberatum

295 3209 391 3282 iri
430 3231 567 3305 per
590 3208 1113 3282 redemtionem
1137 3209 1591 3306 captivorum
1630 3210 2007 3306 sperabat.
2049 3205 2197 3280 Sed
2239 3229 2397 3279 cum
2438 3227 2555 3278 ca·

296 3334 548 3433 ptivos
583 3334 821 3408 foedis
860 3334 1243 3408 tormentis
1285 3335 1739 3425 discruciari,
1782 3342 1854 3407 et
1893 3333 2182 3429 aliquos
2224 3330 2556 3405 excarni-

301 3461 512 3536 ficari
573 3483 808 3557 usque
870 3462 965 3535 ad
1021 3461 1406 3535 immanem
1465 3461 1973 3536 crudelitatem
2031 3465 2468 3534 consvesset
2489 3455 2558 3529 :ii

299 3588 397 3662 ad
436 3586 785 3663 Selimum
844 3610 1017 3663 suos
1076 3588 1444 3663 cruciatus
1498 3588 1916 3661 deferentes
1956 3586 2176 3660 facile
2215 3585 2558 3682 impetra-

298 3722 487 3804 runt,
526 3722 605 3788 ut
641 3712 806 3811 pari
846 3714 1171 3789 cruciatu
1212 3713 2133 3810 enecaretur.,Tautopere
2199 3711 2275 3784 in
2307 3731 2557 3783 omnes

302 3839 710 3930 saeviebat,
732 3849 811 3915 ut
833 3863 1017 3938 quos
1037 3842 1111 3915 in
1136 3841 1429 3939 oppidis
1457 3849 1530 3915 et
1549 3842 1769 3938 pagis
1791 3840 2014 3937 paulo
2038 3838 2364 3930 ditiores,
2388 3858 2560 3934 quo·

299 3992 460 4042 rum
479 3968 773 4042 nomina
813 3967 1206 4063 diligenter
1243 3966 1702 4062 investigare
1742 3965 2054 4057 solebat,
2093 3964 2562 4060 intelligeret,

307 4101 569 4191 captos
610 4093 814 4167 miris
855 4093 1091 4168 modis
1142 4092 1643 4176 discruciaret,
1676 4099 1750 4167 et
1806 4098 2212 4187 argentum,
2235 4091 2300 4163 si
2338 4090 2562 4164 habe-

304 4229 490 4314 rent,
526 4221 657 4296 ‘aut
714 4218 1010 4294 aliunde
1060 4229 1479 4312 mutuatum,
1542 4242 1701 4294 eum
1742 4220 2136 4293 immensos
2194 4215 2563 4291 cruciatus

307 4349 666 4450 redimere
723 4354 1182 4442 cogerentur,
1223 4352 1739 4443 extorqueren
1793 4351 1873 4419 ut
1947 4345 2019 4418 in
2095 4344 2565 4441 praefectura

513 4558 577 4630 ἰ)
605 4556 869 4632 Forgach
899 4555 956 4612 S.
977 4560 1254 4630 jegyzete
1279 4576 1292 4610 :
1322 4557 1465 4614 Nem
1516 4554 1855 4625 Baldegara
1892 4557 2029 4624 volt,
2083 4556 2296 4611 banem
2322 4550 2444 4608 nris
2471 4570 2562 4609 va·

301 4650 449 4720 laki3
499 4655 643 4705 mett
675 4647 996 4724 Baldegara
1017 4649 1264 4709 Octavio
1296 4647 1419 4723 egri
1444 4646 1799 4706 architectus
1827 4652 1976 4703 most
2000 4647 2048 4702 is
2077 4643 2147 4702 el.
