3293 5219
738 328 898 407 474

740 547 960 645 bant;
998 571 1186 624 unus
1227 547 1651 648 Stephanus
1709 571 1958 625 eorum
2015 550 2423 648 perfidiam,
2466 552 2591 648 qui
2624 555 2997 648 jusjuran-

740 673 906 751 dum
929 676 1286 774 stipulata
1305 699 1523 751 manu
1540 676 2116 772 praestitissent,
2155 677 2358 751 nolle
2379 677 2703 753 credere.
2730 680 2998 776 Itaque

738 826 954 878 arces
1015 803 1353 898 singulas
1432 802 1792 893 obeund0,
1871 802 2309 899 compilatas
2368 805 2591 878 rebus
2652 804 2991 878 omnibus

740 930 1302 1023 consignavere.
1366 926 1686 1001 Hustum
1762 950 1937 1002 vero
1961 927 2106 1002 sibi
2145 929 2219 1001 in
2258 929 2494 1003 XXX
2532 953 2831 1005 numum
2871 953 2989 1005 au·

735 1078 937 1131 reum
959 1052 1282 1129 millibus
1305 1053 1734 1150 inscriptum
1755 1054 2207 1150 praedicare.
2232 1056 2757 1153 Etpraefectis
2777 1057 2989 1131 novis

734 1183 1151 1259 constitutis
1171 1184 1247 1255 in
1269 1200 1477 1256 suam
1498 1182 1945 1278 potestatem
1965 1182 2433 1278 redegerunt.
2481 1181 2632 1258 Sed
2670 1184 2746 1257 in
2774 1185 2989 1259 comi·

734 1311 857 1403 tio,
898 1317 978 1385 ut
1014 1332 1243 1406 supra
1302 1308 1637 1390 diximus,
1699 1307 2059 1383 sancitum
2117 1316 2299 1399 erat,
2357 1314 2803 1406 potestatem
2862 1310 2990 1388 Jo-

736 1434 963 1509 hanni
1034 1435 1195 1510 fore
1251 1433 1674 1509 testamenti
1733 1434 2133 1530 condendi3
2206 1458 2451 1510 arcem
2546 1443 2797 1510 tamen
2872 1445 2995 1511 aut

740 1561 934 1660 quod
970 1560 1249 1660 publici
1268 1569 1471 1634 esset
1506 1560 1800 1657 peculii,
1823 1560 2294 1635 adscribendi
2315 1584 2805 1658 nequaquam.
2845 1564 2992 1658 Igi-

734 1696 850 1763 tur
890 1684 1313 1783 Stephanus
1370 1684 1639 1781 partim
1683 1708 1773 1759 ex
1803 1688 1995 1781 jure,
2036 1687 2308 1783 partim
2348 1708 2440 1759 ex
2473 1688 2989 1783 jurejurando,

736 1813 1006 1911 partim
1046 1836 1140 1886 ex
1196 1812 1586 1909 promissis
1628 1819 1703 1888 et
1761 1811 2105 1887 mandato
2147 1815 2501 1905 caesaris,
2562 1813 2682 1910 qui
2740 1812 2995 1888 itidem

734 1935 1151 2015 reddendas
1231 1944 1646 2028 censuerat,
1729 1937 2197 2034 reposcebat.
2262 1935 2412 2012 Sed
2486 1936 2706 2033 paulo
2801 1946 2994 2034 post,

736 2066 906 2162 quia
926 2086 1008 2138 se
1028 2064 1139 2138 illi
1161 2063 1570 2139 consistere
1592 2063 1669 2138 in
1709 2066 1874 2160 ejus
1894 2065 2375 2163 possessione
2396 2088 2540 2140 non
2583 2065 2997 2163 sperabant

734 2190 972 2281 aliter,
1013 2190 1108 2263 ab
1179 2189 1691 2264 Maximiliano
1750 2189 2379 2265 confirmationem
2425 2191 2619 2287 Juris
2675 2212 2811 2288 per
2889 2191 2993 2265 di-

735 2316 985 2414 ploma
1041 2315 1479 2412 impetrant3
1521 2321 1595 2388 et
1652 2339 1787 2412 per
1842 2316 2302 2414 publicorum
2367 2315 2811 2411 Judiciorum
2861 2316 2993 2389 mi-

730 2442 1007 2516 nistros
1043 2440 1294 2537 palam
1332 2442 2110 2537 exequuntur.Etenim
2149 2442 2995 2534 Maximilianus,contra

732 2591 951 2666 quam
962 2568 1229 2643 litteris
1246 2576 1464 2642 antea
1476 2569 2592 2666 constituerat,contestatusque
2617 2569 2990 2661 fuerat,ad

730 2694 986 2769 horum
1009 2695 1568 2793 persuasionem
1583 2697 1742 2792 jam
1764 2696 2156 2772 factionem
2217 2697 2446 2788 alere,
2506 2703 2580 2770 et
2637 2717 2802 2770 eam
2861 2719 2986 2770 au-

729 2842 907 2915 gere
965 2820 1390 2893 conabatur.
1473 2822 1740 2917 Itaque
1807 2811 1999 2896 cum*
2042 2843 2269 2918 saepe
2345 2820 2533 2896 alias
2610 2821 2984 2915 privatim,

729 2945 920 3020 alias
956 2944 1249 3043 publice
1292 2944 1381 3019 de
1425 2946 1667 3021 Husto
1689 2947 2039 3046 deinceps
2081 2969 2370 3044 quoque
2408 2955 2782 3043 ageretur,
2824 2946 2986 3020 Ma·

725 3069 1145 3147 ximilianus
1204 3071 1299 3144 ad
1353 3073 1953 3147 testamentarios
2011 3095 2095 3148 se
2151 3074 2550 3162 referebat,
2612 3073 2725 3148 illi
2804 3093 2982 3146 vero

728 3200 989 3274 iterum
1030 3218 1201 3271 sese
1243 3196 1338 3271 ad
1375 3220 1557 3272 eum.

940 3323 1059 3398 Ex
1175 3323 1471 3398 comitio
1527 3323 1761 3421 legati
1877 3322 1971 3398 ad
2049 3313 2406 3400 Selimum'
2518 3321 2739 3398 electi
2816 3335 2988 3401 sunt

717 3462 908 3527 tres:
949 3459 1024 3526 et
1062 3472 1222 3525 cum
1279 3473 1577 3526 munere
1654 3451 2023 3527 ordinario
2066 3452 2498 3526 ducatorum
2558 3473 2866 3527 numero
2908 3453 2985 3528 X

719 3576 1022 3651 millium
1064 3576 1413 3673 ablegati.
1457 3575 1604 3651 Per
1644 3557 1964 3663 eosdem,
2006 3577 2338 3672 legatum
2379 3584 2830 3653 testamento
2870 3601 2983 3653 re-

718 3703 1039 3796 missum,
1112 3704 1255 3780 hoc
1294 3710 1455 3779 erat
1491 3705 1780 3779 frenum
1822 3712 1894 3779 et
1934 3704 2145 3793 sella,
2190 3705 2434 3779 omnia
2491 3705 2805 3801 gemmis
2867 3728 2981 3780 or-

716 3837 911 3903 nata.
953 3828 1055 3905 At
1093 3836 1347 3905 orator
1388 3826 1666 3922 Selimi,
1722 3837 1803 3905 ut
1864 3831 1954 3906 de
2017 3831 2352 3908 omnibus
2393 3839 2599 3906 certa
2636 3832 2978 3908 referret,

721 3963 893 4029 ante
929 3937 1387 4053 praemissus
1407 3955 1562 4030 fuit.
1625 3955 1769 4046 Qui
1832 3978 1994 4030 cum
2033 3957 2474 4052 Byzantium
2510 3956 2867 4048 venisset,
2909 3965 2983 4032 et

717 4077 1036 4157 Selimus
1107 4081 1604 4158 intellexisset
1693 4106 1846 4159 rem
1922 4084 2113 4159 bene
2219 4091 2530 4181 gestam,
2609 4090 2979 4160 oratorem

716 4205 1086 4282 Mehemet
1123 4232 1363 4305 agam,
1405 4208 1697 4305 aucupii
1756 4208 1870 4282 sui
1906 4210 2385 4305 praefectum,
2446 4207 2517 4281 in
2580 4208 2801 4283 domo
2842 4230 2979 4285 sua

712 4332 1080 4421 nutritum,
1123 4331 1208 4408 et'
1236 4335 1328 4430 ob
1367 4332 1440 4406 id
1483 4333 1626 4407 sibi
1683 4331 2357 4423 familiarissimum,
2419 4333 2729 4407 solemni
2771 4332 2977 4429 lega-

711 4460 930 4548 tione,
1011 4457 1299 4554 qualem
1374 4467 1634 4534 nostra
1707 4467 2153 4557 tempestate
2232 4460 2326 4534 ad
2401 4458 2972 4534 christianorum

705 4585 1115 4681 principum
1170 4583 1528 4657 neminem
1596 4586 1926 4678 vidimus,
1950 4585 2263 4661 dimittit.
2324 4587 2422 4659 Et
2459 4584 2783 4681 equitum
2844 4608 2966 4657 nu-
