3293 5219
740 308 846 407 46

740 548 995 623 visset.
1054 546 1270 623 Unde
1308 545 1817 645 praecipitatis
1857 544 2154 618 vexillis
2197 543 2286 617 de
2327 545 2731 638 moenibus,
2773 550 2992 621 effra-

742 674 1029 772 ctisque
1049 674 1477 765 fornicibus,
1502 673 1767 769 quibus
1791 671 2122 768 pretiosa
2163 673 2500 769 supellex
2541 672 2995 772 episcopalis

740 810 816 877 et
852 802 1186 901 capituli,
1246 802 1777 895 multorumque
1815 797 2165 872 nobilium
2205 798 2528 873 virorum
2569 803 2994 875 contineba-

739 938 895 1021 tur,
981 939 1055 1004 et
1112 929 1419 1027 direptis
1471 925 1698 999 invito
1757 925 2125 999 Michaele
2184 924 2582 1022 diffugere,
2665 929 2787 1025 qui
2839 938 2995 1004 tum

740 1036 988 1132 statim
1028 1079 1305 1155 poenas
1344 1053 1700 1153 perfidiae
1741 1054 2287 1149 persolverunt,
2330 1077 2375 1127 a
2412 1055 2757 1130 barbaris
2799 1058 2996 1132 enim

738 1207 971 1283 usque
1010 1186 1105 1260 ad
1143 1208 1359 1259 unum
1400 1182 1602 1256 caesi
1644 1189 1832 1256 sunt.
1890 1180 2212 1255 Michael
2269 1182 2642 1278 paucitate
2691 1208 2995 1259 suorum

736 1312 812 1385 in
852 1310 1444 1411 desperationem
1484 1309 1865 1401 adductae,
1908 1309 2349 1383 deditionem
2386 1310 2583 1402 fecit,
2603 1319 2684 1385 ut
2721 1313 2998 1390 incolu-

738 1440 879 1513 mis
919 1461 1080 1513 cum
1120 1438 1341 1513 rebus
1382 1436 1892 1510 dimitteretur.
1916 1434 2132 1526 Quod
2152 1437 2621 1533 promittente
2643 1439 2995 1536 Alybas-

734 1589 841 1660 sa,
878 1566 1160 1640 turcica
1199 1572 1313 1639 est
1352 1571 1726 1638 servatum
1766 1561 1947 1656 fide3
1995 1586 2164 1635 nam
2204 1563 2594 1638 submissis
2635 1565 2821 1639 clam
2865 1569 2995 1640 mi-

730 1693 985 1768 litibus
1024 1716 1117 1766 ex
1153 1692 1415 1766 itinere
1455 1696 1844 1783 retractus,
1868 1697 2294 1787 captusque,
2321 1715 2408 1765 ae
2448 1693 2671 1767 rebus
2712 1694 2993 1792 spolia-

731 1830 851 1897 tus
887 1821 1043 1896 fuit.
1102 1821 1296 1894 Exin
1354 1817 1841 1894 Sicambriam
1898 1820 2135 1893 locum
2193 1820 2469 1893 veteris
2528 1821 2783 1920 oppidi
2842 1824 2994 1897 Bu-

736 1949 903 2023 dam
939 1971 1171 2045 prope
1210 1969 1581 2038 reversus,
1621 1942 1702 2019 et'
1730 1969 2007 2043 paucos
2047 1945 2206 2018 dies
2249 1946 2664 2041 colligendo
2706 1950 2991 2023 exerci-

733 2080 813 2149 tu
867 2074 1210 2171 belloque
1269 2071 1686 2148 meditando
1725 2079 2084 2163 moratus,
2146 2096 2306 2147 cum
2348 2071 2731 2148 duodecim
2771 2076 2989 2151 milli-

735 2202 874 2275 bus
896 2200 992 2274 ad
1012 2223 1258 2274 arcem
1285 2200 1571 2296 Dregel
1595 2198 2281 2298 archiepiscopatus
2305 2201 2827 2296 strigoniensis
2857 2216 2992 2299 opss

734 2326 1208 2427 pugnandam
1264 2335 1380 2403 est
1435 2348 1808 2400 reversus.
1894 2325 2356 2401 Praesidium
2413 2329 2689 2423 agebat
2746 2324 2988 2404 Geor-

734 2456 903 2551 gius
962 2454 1222 2553 Zondy
1280 2454 1378 2528 'ad
1415 2476 1698 2528 omnem
1741 2454 2043 2528 militiae
2080 2478 2332 2529 casum
2369 2457 2988 2554 promptissimus,

733 2603 972 2681 neque
994 2581 1230 2657 minus
1260 2581 1530 2657 milites
1552 2583 1822 2657 virtute
1844 2581 2346 2679 obsequioque
2365 2590 2838 2681 praestantes
2858 2611 2988 2683 pa-

739 2715 1059 2784 raverat.
1098 2711 1186 2783 In
1229 2709 1392 2807 ipso
1434 2732 1614 2805 ergo
1656 2733 2022 2784 murorum
2061 2709 2350 2805 dejectu
2388 2718 2462 2784 et
2499 2710 2714 2810 lapsu
2757 2713 2988 2787 turris

729 2837 803 2911 in
822 2837 1111 2912 modum
1132 2837 1507 2934 antiquum
1523 2839 1912 2936 praealtae
1932 2839 1984 2915 J
1989 2839 2320 2913 ohannes
2344 2838 2663 2937 Zolthay
2702 2840 2980 2915 nobilis
3041 2847 3048 2852 ’

735 2989 964 3062 eques
1004 2972 1120 3041 est
1157 2966 1487 3059 obrutus,
1529 2973 1603 3040 et
1637 2975 1905 3064 postea
1942 2966 2016 3040 in
2055 2967 2291 3063 prima
2332 2974 2406 3041 et
2442 2968 2807 3042 acerrima
2848 2990 2982 3066 op-

736 3093 1210 3191 pugnatione,
1280 3117 1466 3190 quae
1504 3096 1727 3192 paulo
1766 3102 1938 3193 post
1975 3102 2089 3168 est
2127 3095 2543 3189 subsecuta,
2602 3093 2982 3191 Georgius

731 3217 986 3293 hostes
1008 3243 1281 3316 magna
1319 3229 1574 3318 strage
1612 3221 1891 3317 rejecit.
1933 3221 2181 3295 Etiam
2220 3220 2724 3326 fraudemAly
2746 3224 2983 3297 bassa

727 3347 1065 3439 tentavit,
1106 3346 1474 3423 submisso
1515 3349 1902 3424 sacerdote
1939 3347 2399 3447 propinquae
2437 3349 2680 3442 villae,
2721 3351 2846 3448 qui
2882 3350 2981 3425 ad

730 3474 1173 3550 deditionem
1229 3476 1619 3572 promissis
1676 3477 2109 3569 adduceret,
2166 3477 2568 3552 vanitatem
2624 3478 2980 3552 turcicam

730 3601 890 3675 viro
932 3600 1235 3676 militari
1270 3602 1646 3678 irridente.
1725 3601 1909 3679 Cum
1966 3611 2208 3676 tamen
2251 3604 2699 3701 perfractam
2740 3614 2814 3679 et
2853 3629 2980 3680 ve-

734 3731 965 3803 terem
1005 3751 1269 3822 arcem,
1326 3728 1556 3825 longa
1594 3729 1853 3826 regum
1895 3726 2396 3823 hungarorum
2457 3731 2860 3806 securitate
2900 3740 2976 3806 et

725 3877 893 3929 mox
953 3854 1152 3929 civili
1207 3861 1280 3928 et
1338 3855 1691 3931 intestina
1748 3854 2108 3930 seditione
2165 3855 2525 3931 adversus
2582 3833 2975 3933 tormento-

722 4005 881 4056 rum
937 3981 1085 4055 vim
1140 3981 1336 4057 haud
1397 3983 1785 4077 munitam,
1844 3983 2162 4057 retinere
2213 3981 2616 4074 diffideret,
2675 3982 2972 4060 ultimae

724 4109 1127 4183 voluntatis
1164 4116 1683 4185 testamentum
1737 4110 1878 4186 hoc
1915 4109 2130 4184 modo
2159 4111 2503 4207 peragit:
2562 4112 2745 4188 duos
2800 4135 2972 4210 pue-

723 4259 850 4311 ros
926 4237 1499 4335 symphoniacos
1579 4238 1723 4313 sibi
1801 4238 2279 4313 charissimos
2350 4240 2702 4331 accersit,
2800 4240 2969 4314 duo-

724 4387 866 4462 que
926 4387 1019 4436 ex
1081 4366 1506 4465 mancipiis,
1567 4390 1752 4465 quos
1810 4391 1902 4441 ex
1959 4390 2202 4465 panno
2262 4368 2586 4442 scarlato
2637 4365 2971 4444 vestibus

720 4489 974 4583 induit,
994 4498 1071 4565 et
1091 4493 1404 4587 pecunia
1425 4493 1748 4589 donavit,
1772 4494 1867 4567 ad
1907 4493 2060 4591 Aly
2083 4495 2531 4591 bassamque
2555 4493 2817 4588 emisit,
2836 4518 2969 4591 per

722 4638 908 4714 quos
965 4639 1234 4714 corpus
1293 4642 1502 4693 suum
1558 4619 2058 4694 tumulandum
2135 4640 2270 4717 pro
2327 4621 2706 4717 utriusque
2767 4621 2970 4695 ducis
