3293 5219
887 321 985 399 18

879 539 1175 634 vexilla,
1213 539 1476 637 quibus
1515 536 1811 615 Turcae
1851 536 2164 611 libenter
2199 544 2519 630 utuntur,
2539 538 2796 636 procul
2835 535 3128 634 fulgen-

878 667 983 743 tia
1047 689 1139 742 ex
1196 664 1416 740 lineis
1453 663 1644 738 velis
1702 662 1972 760 raptim
2012 662 2350 738 confecta
2385 661 2605 737 fidem
2639 663 2887 739 fecere
2926 663 3129 738 veni-

880 792 1071 868 entis
1110 791 1387 869 auxilii.
1448 790 1665 867 Unde
1703 798 2073 867 maturare
2112 814 2320 865 arma
2374 798 2447 865 et
2473 813 2666 866 ‚sese
2705 792 3129 888 conjunctu-

877 942 1025 1008 rus,
1065 927 1137 995 et
1174 943 1342 994 mox
1381 918 1476 994 ad
1514 918 1817 993 exitium
1855 917 2290 993 miserorum
2326 940 2781 993 reversurus.
2825 916 2981 991 Vix
3018 925 3130 991 ta·

880 1070 1045 1122 men
1126 1044 1394 1145 oppido
1453 1044 1742 1139 egressi
1801 1043 2135 1119 hostibus
2174 1043 2693 1143 impinguntur,
2751 1050 2825 1118 et
2887 1042 3131 1141 primo

884 1171 1148 1249 statim
1187 1172 1460 1272 impetu
1497 1171 1648 1246 fusi
1689 1194 1779 1247 ac
1799 1170 1895 1245 ad
1915 1172 2203 1245 Marum
2226 1193 2511 1246 amnem
2533 1169 2849 1269 impulsi,
2872 1191 3133 1245 01111188

887 1306 1056 1375 811111
1113 1297 1353 1391 08881,
1414 1304 1539 1371 8111
1594 1295 1810 1371 11111118
1867 1297 2152 1392 11811811;
2223 1293 2744 1392 Camberbego
2802 1296 2995 1387 solo,
3059 1304 3135 1370 et

879 1433 1192 1523 quatuor
1250 1423 1419 1499 aliis
1476 1445 1613 1522 ope
1670 1423 1881 1498 unius
1943 1422 2342 1522 piscatoris
2381 1422 2731 1521 dilapsis,
2771 1421 2895 1519 qui
2932 1421 3133 1496 forte

878 1550 1173 1628 oblatus
1212 1550 1286 1624 in
1327 1550 1718 1624 adversam
1756 1550 1992 1648 ripam
2036 1558 2387 1647 exceptos
2426 1549 2501 1623 in
2539 1548 2953 1622 naviculam
2976 1603 2995 1640 ,
3060 1555 3135 1622 et

866 1680 1180 1776 jamjam
1236 1675 1603 1775 perituros
1665 1677 2040 1773 praesenti
2079 1676 2393 1775 pecunia
2429 1683 2962 1767 remuneratuS,
3006 1673 3133 1748 de-

873 1805 1059 1880 tulit.
1131 1803 1236 1879 At
1292 1803 1826 1878 Temesvarum
1872 1804 2030 1899 jam
2090 1801 2698 1900 oppugnabatur,
2779 1808 2852 1876 et
2912 1799 3123 1874 circa

878 1930 1056 2007 Idus
1106 1929 1457 2005 Octobris
1498 1935 1683 2023 erat,
1728 1929 1923 2026 quod
1980 1926 2404 2026 Stephanus
2443 1928 2811 2025 Losoncy,
2849 1926 3135 2001 illustri

881 2059 1280 2154 eademque
1340 2062 1638 2131 vetusta
1694 2054 2015 2149 familia,
2076 2064 2148 2130 et
2187 2054 2448 2131 militia
2486 2054 2731 2130 clarus
2783 2078 2827 2127 a
2866 2053 3133 2127 Petro-

875 2184 1064 2261 vicio
1112 2183 1503 2275 traditum,
1562 2182 1637 2255 in
1694 2182 2174 2279 temporalem
2230 2182 2445 2259 modo
2525 2205 2814 2274 curam,
2889 2180 3135 2256 donec

875 2309 1390 2387 Ferdinandus
1432 2309 1892 2401 decerneret,
1933 2309 2141 2385 initio
2183 2315 2570 2408 receperat
2603 2333 2620 2395 ς
2672 2329 2839 2381 mox
2877 2314 3136 2382 tamen

873 2439 1269 2516 inundante
1310 2437 1510 2513 velut
1549 2437 1749 2513 bello
1790 2460 2218 2535 oppressus,
2261 2436 2583 2527 militem,
2622 2440 3135 2527 commeatum,

878 2587 1229 2663 armaque
1292 2563 1811 2661 adjuvantibus
1871 2559 2230 2639 Gabriele
2289 2561 2645 2656 Pereni0,
2697 2566 2771 2635 et
2809 2559 3136 2636 Nicolao

872 2693 1209 2790 Bathory
1246 2691 1665 2766 illustribus
1713 2691 2112 2788 Juvenibus
2151 2689 2466 2789 paravit.
2527 2687 2941 2762 Addiderat
2980 2685 3132 2763 Ca—

877 2819 1168 2897 staldus
1261 2817 1708 2895 Bernaldum
1821 2817 2191 2893 Aldanam
2286 2827 2359 2892 81
2445 2815 2802 2891 Α1011811111
2880 2813 3131 2890 Perez

870 2944 1547 3024 Saiavedrarollam
1582 2943 1895 3037 fratres,
1955 2966 2261 3042 quorum
2298 2942 2428 3018 ille
2469 2942 2793 3019 cohortis
2832 2939 3123 3040 Hispa-

873 3098 1172 3166 norum,
1231 3072 1353 3146 hic
1410 3073 1882 3148 ducentorum
1945 3071 2265 3169 equitum
2322 3092 2768 3168 ungarorum
2824 3070 3124 3169 praefe-

876 3205 1129 3292 ctus,a
1166 3197 1368 3273 bello
1409 3207 1665 3274 contra
1686 3197 2164 3273 Melchiorem
2184 3197 2600 3290 Balassam,
2623 3204 2696 3271 et
2727 3193 3130 3272 Matthiam

876 3327 1119 3418 Baso,
1160 3324 1571 3400 latrociniis
1632 3334 1705 3399 et
1758 3324 2364 3423 praedationibus
2405 3332 2669 3399 cuncta
2706 3323 3126 3416 turbantes,

877 3461 951 3529 et
968 3452 1197 3530 totius
1218 3451 1428 3548 regni
1452 3474 1816 3527 consensu
1848 3451 2142 3550 publice
2162 3451 2645 3551 proscriptos,
2667 3450 2925 3549 paucis
2949 3462 3130 3529 ante

872 3580 1085 3655 annis
1125 3586 1379 3675 gesto,
1439 3580 1763 3654 moribus
1839 3587 1912 3654 et
1967 3578 2235 3653 militia
2292 3586 2548 3654 nostra
2584 3577 2842 3652 imbuti
2878 3589 3127 3655 erant.

870 3706 1386 3804 Beglerbegus
1427 3728 1646 3801 ergo,
1687 3727 2128 3802 quamquam
2166 3713 2367 3781 arcte
2406 3705 2817 3798 obsideret,
2858 3712 2934 3780 et
2970 3714 3125 3782 tor-

868 3832 1133 3907 mentis
1194 3838 1698 3930 oppugnaret,
1756 3856 1899 3908 non
1956 3838 2202 3908 tamen
2263 3855 2517 3908 arcere
2574 3832 2767 3907 intra
2828 3833 3128 3910 moenia

868 3960 1152 4036 hostem
1204 3957 1477 4058 potuit,
1536 3982 1681 4055 11110
1739 3957 1977 4033 minus
2033 3957 2444 4033 Losoncius
2501 3956 2822 4055 quotidie
2880 3980 3124 4033 erum·

865 4092 1113 4184 peret,
1171 4092 1245 4159 et
1306 4083 1693 4160 multorum
1733 4082 2142 4160 Turcarum
2182 4083 2446 4177 exitio,
2503 4084 2656 4159 acri
2714 4085 3121 4160 certamine

866 4210 1223 4307 praelium
1268 4209 1551 4303 finiret,
1608 4211 1772 4310 ipse
1815 4218 1987 4286 ante
2026 4211 2215 4286 alios
2255 4210 2808 4308 Beglerbegum
2845 4234 3117 4308 provo—

866 4357 1066 4429 cans,
1105 4345 1179 4412 et
1213 4346 1520 4434 paratus
1560 4339 1657 4414 ad
1695 4339 2073 4437 singulare
2113 4346 2507 4431 certamen,
2538 4338 2601 4414 si
2622 4336 2859 4412 hostis
2898 4337 3115 4413 dimi·

866 4487 1037 4541 care
1094 4464 1415 4542 auderet.
1499 4468 1804 4544 Interim
1861 4464 2306 4564 Georgium,
2368 4467 2492 4565 qui
2550 4489 2708 4541 cum
2750 4461 3121 4541 Castaldo

865 4589 1503 4668 Transsilvaniam
1542 4596 2049 4696 componebat,
2071 4596 2392 4670 adversa
2428 4593 2612 4669 belli
2646 4593 2944 4669 fortuna
2981 4592 3122 4667 mi-
