3293 5219
869 310 1029 387 204

862 526 1059 625 quod
1121 529 1278 622 jam
1332 523 1502 600 inde
1539 526 1634 599 ab
1671 523 1879 599 initio
1916 530 2123 598 tanto
2162 523 2490 616 consilio,
2530 531 2740 600 tanta
2795 526 3080 622 pruden-

859 654 966 730 tia
1001 653 1246 728 omnia
1299 652 1705 742 instituisti,
1746 658 1967 747 atque
2022 652 2329 748 parasti,
2370 650 2632 727 deinde
2671 653 2991 747 gessisti,
3023 662 3089 727 ut

860 778 1044 856 nihil
1139 779 1231 855 ad
1325 801 1679 853 summum
1770 777 2238 872 imperatoris
2313 776 2635 853 officium
2713 778 2885 854 addi
2987 778 3087 854 de-

859 906 1118 983 buerit.
1158 904 1374 979 Haec
1412 905 1535 1002 qui
1575 912 1926 1001 expertus
1966 903 2041 978 in
2078 903 2320 980 Marte
2357 929 2499 981 non
2524 913 2660 997 est,
2700 905 3085 1003 imperator

864 1040 980 1107 est
1068 1030 1350 1122 nullus;
1444 1036 1517 1104 et
1590 1029 1657 1103 si
1751 1052 2001 1105 omnes
2096 1029 2285 1105 alios
2378 1031 2687 1106 omnium
2785 1038 3082 1107 aetatum

859 1158 1346 1255 imperatores
1404 1163 1982 1252 praetereamus,
2057 1157 2109 1232 J
2115 1156 2275 1230 ovis
2350 1156 2478 1231 ille
2519 1157 2825 1256 olympii
2879 1158 3082 1248 filius,

865 1282 1100 1358 victor
1190 1290 1554 1357 terrarum
1631 1281 1857 1373 orbis,
1931 1281 2117 1355 vidit
2189 1289 2435 1357 tamen
2472 1305 2646 1359 suas
2723 1284 2922 1358 acies
2959 1283 3083 1358 vic-

865 1416 1004 1501 tas,
1116 1406 1300 1481 vidit
1352 1407 1677 1502 fugatas,
1728 1414 2101 1503 postremo
2159 1428 2241 1481 se
2299 1429 2586 1504 quoque
2642 1409 2738 1483 ab
2813 1407 3081 1482 fortuna

864 1535 1132 1610 victum
1173 1541 1246 1608 et
1283 1531 1468 1606 vidit
1527 1539 1602 1606 et
1623 1530 1877 1606 sensit.
1919 1533 2038 1607 Tu
2078 1556 2257 1629 ergo
2298 1536 2621 1609 celocem
2660 1533 3070 1620 conscende,

867 1668 941 1735 et
966 1659 1150 1756 jube
1227 1658 1349 1754 qui
1422 1664 1498 1731 te
1572 1657 2028 1732 comitentur.
2104 1658 2269 1753 Ego
2330 1658 2505 1732 mihi
2544 1657 2682 1733 hoc
2721 1659 3079 1734 castellum

861 1782 1474 1883 propugnandum
1548 1783 2008 1881 provinciam
2038 1786 2193 1879 jam
2249 1807 2439 1860 nune
2474 1785 2667 1860 ultro
2746 1784 3087 1883 suscipio:

866 1909 1061 2009 quod
1098 1916 1173 1983 et
1249 1909 1505 1984 ducem
1578 1932 1892 2004 magnae
1931 1909 2414 2000 auctoritatis,
2488 1918 2569 1984 ut
2604 1910 2671 1984 si
2710 1910 2950 1985 omnia
2984 1910 3094 1983 mi-

865 2037 1114 2125 simus,
1156 2056 1247 2107 ne
1288 2033 1460 2132 quid
1502 2034 1990 2110 committatur
2046 2034 2415 2127 indecore,
2474 2036 2668 2133 quod
2695 2034 2819 2110 vel
2856 2058 3088 2110 nomen

865 2165 987 2238 vel
1039 2162 1310 2238 famam
1384 2162 1570 2236 tanti
1662 2160 1865 2255 regis
1956 2168 2432 2257 nostramque
2503 2163 2927 2250 macularet,
2994 2183 3091 2234 re-

866 2289 1125 2388 quirit3
1167 2296 1242 2363 et
1279 2286 1472 2384 quod
1512 2286 2080 2362 fortissimorum
2124 2285 2449 2379 militum,
2489 2287 2612 2384 qui
2649 2288 2811 2362 sive
2867 2287 3090 2362 volun-

865 2416 1077 2507 tarie,
1116 2415 1275 2489 sive
1352 2412 1719 2510 stipendio
1786 2434 1902 2487 me
1975 2412 2264 2508 sequuti
2339 2419 2527 2503 sunt,
2568 2412 2903 2488 desertor
2940 2434 3087 2487 esse

868 2542 1058 2616 noIO.
1155 2536 1570 2637 Supersunt
1642 2539 1914 2613 multae
2007 2537 2367 2631 triremes,
2407 2560 2635 2615 evoca
2697 2538 2749 2615 J
2754 2538 3090 2614 ohannem

861 2665 1302 2740 Mendozam
1357 2687 1518 2739 cum
1595 2663 1845 2739 classe
1880 2662 2379 2762 hispaniensi3
2440 2664 2738 2757 enitere,
2779 2664 2968 2761 quod
3000 2664 3092 2736 fa-

866 2812 1034 2864 cere
1071 2789 1345 2887 possis,
1386 2795 1467 2863 ut
1524 2789 1864 2863 hostibus
1958 2789 2259 2863 brevem
2314 2787 2673 2865 laetitiam
2733 2788 3091 2877 concedas,

865 2913 1007 2988 tibi
1065 2934 1242 2988 vero
1320 2915 1842 3011 sempiternam
1901 2913 2215 3009 gloriam
2251 2937 2668 3013 recuperes.
2710 2911 3092 2990 Consilium

862 3038 1198 3135 generali
1253 3039 1556 3137 placuit,
1655 3047 1729 3114 et
1783 3038 2090 3132 Alvaro,
2149 3061 2362 3136 quem
2420 3063 2667 3116 secum
2704 3064 2854 3116 una
2890 3039 3090 3140 profi-

861 3163 1040 3239 cisci
1094 3171 1475 3257 statuerat,
1535 3165 1787 3240 multis
1845 3166 2258 3241 rationibus
2316 3189 2404 3240 ac
2454 3167 2800 3263 precibus
2839 3168 3088 3242 adduc·

860 3297 1002 3381 tus,
1074 3289 1383 3364 liberam
1419 3289 1854 3366 electionem
1913 3290 2271 3388 permisit.
2312 3290 2604 3365 Deinde
2662 3293 3078 3388 praestituto

856 3424 1189 3512 tempore
1226 3438 1387 3490 cum
1422 3415 1476 3492 J
1483 3415 1770 3493 ohanne
1846 3414 2084 3490 Auria
2130 3424 2205 3490 et
2240 3396 2616 3514 plerisque
2665 3417 3085 3515 praecipuis,

864 3564 1025 3617 cum
1121 3541 1304 3617 solis
1359 3564 1628 3617 novem
1668 3542 2044 3617 celocibus
2100 3543 2285 3617 mari
2381 3563 2464 3616 se
2520 3543 2902 3618 commisit.
2964 3540 3094 3617 Sed

873 3666 1136 3740 timore
1177 3666 1514 3762 quodam,
1554 3690 1649 3740 ne
1688 3669 1783 3742 ab
1822 3669 2037 3742 hoste
2077 3668 2338 3765 quovis
2379 3668 2591 3744 modo
2613 3670 3096 3767 conspiceren-

873 3798 1012 3881 tur,
1054 3789 1174 3863 vel
1215 3791 1687 3889 sentirentur,
1730 3794 2052 3892 correpti
2108 3802 2279 3868 ante
2318 3795 2553 3869 lucem
2590 3804 2997 3890 revertere3
3032 3799 3095 3868 et

861 3908 1124 3989 iterum
1197 3915 1292 3989 ad
1349 3939 1740 4015 vesperam
1816 3920 2072 3996 eadem
2114 3917 2317 4013 hora,
2395 3943 2539 4016 qua
2615 3929 2809 4011 ante,
2887 3940 3091 3997 naves

865 4041 1178 4132 solvunt,
1220 4049 1292 4116 ct
1366 4043 1528 4118 sine
1564 4044 1896 4141 periculo
1975 4045 2305 4120 Melitam
2341 4046 2798 4142 perveniunt.
2837 4046 3095 4122 Eadem

875 4161 1060 4240 hora
1098 4190 1411 4261 magnus
1433 4170 1795 4265 magister
1836 4173 2157 4247 celocem
2181 4169 2276 4244 ad
2314 4168 2674 4246 Alvarum
2711 4173 3000 4264 dimisit,
3032 4176 3094 4241 et

868 4290 1254 4367 certiorem
1290 4278 1499 4381 fecit,
1572 4295 1625 4371 J
1630 4294 1993 4371 ohannem
2048 4294 2296 4372 Cerda
2333 4318 2558 4393 super
2595 4297 2935 4373 triremes
2971 4315 3091 4370 me-

859 4410 1177 4488 litenses
1208 4415 1466 4490 eadem
1489 4419 1608 4492 die
1645 4418 1721 4493 in
1761 4417 2091 4495 Siciliam
2130 4422 2593 4514 transivisse,
2635 4429 2709 4496 et
2745 4444 2830 4497 se
2869 4423 2962 4498 ad
2993 4442 3088 4494 re·

865 4558 1033 4628 gem
1069 4536 1606 4634 Hispaniarum
1670 4540 2202 4619 Guimaranum
2257 4544 2630 4644 expedire,
2670 4554 2750 4620 ut
2824 4546 2878 4623 J
2883 4548 3092 4623 ohan·
