3293 5219
754 220 913 298 320

750 436 1239 513 tabernacula
1277 438 1750 537 amplissima,
1791 446 1865 514 et
1901 436 2324 513 libertatem
2359 437 2735 514 mirificam
2759 494 2777 530 ,
2834 458 2997 512 cum

750 590 843 641 ne
896 565 1200 640 verbum
1258 565 1551 663 quidem
1608 589 1828 640 unum
1885 565 2120 640 minus
2182 574 2472 661 gratum
2530 592 2575 640 a
2634 586 3000 663 quoquam

755 692 1079 769 auditum
1120 693 1257 783 sit,
1315 692 1534 767 certis
1574 716 1666 767 ac
1704 693 1972 768 debitis
2011 693 2215 767 horis
2255 693 2436 767 miro
2478 694 2732 768 ordine
2791 699 2867 766 et
2903 691 3001 764 si-

754 821 1005 913 lentio,
1062 818 1289 915 ligna,
1351 842 1638 915 aquam,
1698 819 1942 893 ovium
1980 842 2278 914 greges,
2320 844 2410 895 ac
2446 819 2542 894 ad
2578 821 2785 919 ipsas
2826 841 3003 916 quo-

755 970 897 1044 que
937 944 1246 1031 delicias
1289 944 1525 1019 omnis
1565 945 1866 1037 generis
1905 945 2294 1033 lenocinia,
2352 946 2658 1044 insuper
2708 944 3002 1045 pecuni-

706 1070 714 1079 ’
754 1098 875 1149 am
929 1095 1074 1147 non
1132 1071 1231 1147 ad
1284 1078 1754 1169 praesentem
1790 1070 2003 1147 modo
2045 1094 2274 1164 usum,
2309 1071 2441 1145 sed
2485 1071 2580 1146 ad
2616 1069 3003 1170 superflui-

749 1207 980 1275 tatem
1013 1204 1270 1295 usque‚
1306 1203 1385 1271 ut
1424 1197 1713 1272 domum
1761 1220 2052 1295 quoque
2128 1199 2485 1297 pleraque
2558 1198 3008 1281 attulissent,

749 1324 1245 1424 praebuerint.
1306 1324 1406 1399 Et
1460 1321 1904 1421 Solymanus
1964 1324 2425 1399 condimenta
2470 1347 2562 1399 ex
2619 1324 3006 1410 saccharo,

754 1450 1024 1543 musco,
1102 1459 1176 1526 et
1232 1450 1550 1526 diversis
1609 1450 2063 1525 aromatibus
2101 1450 2643 1548 pretiosissima
2681 1451 2900 1525 simul
2936 1458 3011 1524 et

756 1575 1286 1653 delicatissima
1342 1575 1535 1649 inter
1594 1572 1856 1673 epulas
1907 1576 2198 1673 magnis
2240 1576 2591 1652 fictilibus
2635 1576 2844 1652 vasis
2885 1576 3011 1648 mi-

754 1704 956 1779 serit.
1012 1703 1218 1778 Inter
1255 1725 1599 1796 magnam
1639 1702 1808 1797 ejus
1839 1687 2320 1800 imperatoris
2363 1704 2816 1800 opulentiam
2862 1725 3012 1777 non

760 1839 875 1908 est
918 1828 1465 1904 ommittendum
1520 1828 1634 1917 id,
1697 1829 1891 1925 quod
1929 1827 2161 1921 sella,
2202 1853 2348 1927 qua
2385 1830 2760 1905 insidebat
2799 1829 3009 1926 Soly-

757 1980 1037 2047 manus,
1116 1955 1548 2031 admiranda
1606 1955 1888 2029 dicitur.
1969 1956 2160 2030 Nam
2217 1957 2453 2031 solido
2492 1981 2583 2031 ex
2623 1980 2805 2032 auro
2846 1980 3008 2030 cae-

757 2086 910 2158 lata
964 2083 1119 2175 fuit,
1160 2081 1386 2178 longa
1440 2082 1757 2157 hominis
1815 2082 2029 2157 unius
2085 2084 2579 2179 longitudine3
2639 2084 3012 2182 posterior

760 2232 960 2311 pars,
1000 2233 1145 2307 qua
1199 2217 1415 2307 tergo
1453 2208 1898 2302 inclinabat,
1936 2219 2419 2318 supra—caput
2455 2212 2530 2284 in
2571 2212 2864 2287 modum
2902 2232 3017 2284 so-

761 2338 841 2414 lii
878 2339 999 2411 vel
1039 2337 1286 2411 throni
1325 2337 1636 2428 elevata,
1679 2337 2015 2411 omnibus
2078 2360 2171 2411 ex
2215 2338 2555 2435 partibus
2631 2346 2704 2412 et
2742 2363 2790 2412 a
2827 2360 3015 2412 sum·

764 2490 882 2540 mo
923 2458 1272 2539 ad'imum
1348 2464 1825 2539 admirandae
1867 2464 2386 2559 magnitudinis
2446 2472 2519 2539 et
2555 2464 3021 2540 radiantibus

760 2591 1152 2666 unionibus
1209 2592 1316 2665 ita
1355 2599 1736 2684 exornata,
1775 2597 1855 2664 ut
1892 2589 2073 2665 nihil
2113 2615 2429 2689 unquam
2467 2592 2873 2690 pretiosius
2910 2602 3020 2667 at-

768 2742 911 2814 que
970 2717 1426 2817 splendidius
1475 2718 1711 2793 videri
1769 2742 1859 2792 ac
1895 2719 2039 2792 dici
2091 2719 2352 2816 possit.
2412 2720 3023 2794 Transmittendo

763 2845 1012 2941 itaque
1068 2844 1419 2919 exercitui
1459 2846 1800 2935 intentUS,
1843 2845 2132 2920 asiatici
2172 2846 2542 2941 equitatus
2583 2848 3023 2943 magistrum

766 2993 927 3043 cum
965 2977 1279 3066 quatuor
1318 2978 1390 3044 et
1416 2971 1665 3045 decem
1687 2971 2007 3045 millibus
2029 2971 2299 3046 Albam
2319 2971 2702 3067 Regalem,
2746 2973 3025 3048 Musta·

763 3096 987 3193 pham
1041 3096 1307 3191 begum
1347 3097 1786 3172 bosnensem
1860 3071 1936 3171 in
1989 3099 2525 3195 praefecturam
2599 3099 3027 3196 hildensem,

770 3223 1089 3297 classem
1128 3223 1559 3296 universam
1603 3222 2053 3319 Strigonium
2093 3225 2495 3323 praemisit3
2557 3227 2678 3322 qui
2717 3227 2848 3300 ubi
2886 3227 3027 3301 Bu-

777 3348 939 3423 dam
997 3351 1236 3442 venit,
1299 3349 1607 3425 Arslani
1684 3351 2163 3427 secretarium
2211 3354 2750 3449 strangulavit,
2827 3354 3023 3451 quod

773 3475 964 3550 idem
1024 3478 1119 3551 ad
1174 3501 1555 3553 caesarem
1610 3478 1960 3574 fugiendo
2010 3487 2160 3552 tum
2217 3480 2518 3570 vitavit,
2579 3480 2710 3553 sed
2771 3481 2874 3554 ibi
2932 3482 3023 3555 ob

775 3604 1125 3678 amissam
1219 3603 1491 3679 Tatam
1528 3701 1533 3708 ο
1567 3612 1640 3677 et
1731 3605 2241 3699 Besprimium,
2342 3631 2430 3680 ac
2490 3608 2684 3704 quod
2762 3608 3026 3705 praeli·

768 3757 889 3809 um
929 3731 1363 3828 diffugisset,
1403 3731 1686 3806 evitare
1709 3755 1851 3805 non
1890 3731 2144 3828 potuit.
2175 3729 2407 3828 CuJus
2444 3733 2739 3808 tandem
2779 3757 2907 3809 res
2938 3758 3024 3809 ex

772 3881 995 3947 more,
1075 3857 1364 3954 quando
1422 3857 1824 3955 imperator
1890 3855 2184 3954 aliquos
2242 3859 2572 3956 plectere
2623 3862 3020 3935 consvevit.

769 3983 1212 4059 confiscatae
1270 3983 1365 4057 ad
1406 3991 1658 4057 castra
1706 3977 2217 4075 transmissae,
2260 3986 2354 4060 ab
2396 3983 2731 4081 ngaris
2775 4011 3018 4062 excur-

773 4111 1133 4203 santibus,
1171 4110 1551 4207 pecuniae,
1590 4119 1864 4204 vestes,
1906 4113 2096 4209 equi,
2140 4120 2213 4186 et
2287 4113 2653 4211 mancipia
2694 4123 2914 4211 capta
2947 4113 3016 4185 in

775 4238 1044 4324 castris
1120 4261 1255 4334 pro
1325 4236 1660 4312 auctione
1756 4238 2072 4312 veniere.
2167 4239 2501 4314 Tandem
2577 4239 3015 4338 Solymanus

774 4358 1126 4436 Calendis
1200 4360 1519 4457 Augusti
1558 4356 1920 4464 Sigetum]
1959 4364 2334 4462 pervenit·
2359 4363 2522 4441 Arx
2560 4375 2783 4464 atque
2820 4366 3013 4464 oppi-

774 4485 938 4561 dum
982 4493 1191 4561 erant
1228 4488 1438 4563 fossa
1475 4497 1756 4565 tantum
1798 4490 2165 4584 discreta3
2225 4493 2427 4568 rivus
2468 4494 2657 4568 enim
2698 4518 2737 4569 e
2776 4492 3012 4592 proxi-
