3293 5219
779 336 935 415 276

775 554 936 631 auri
973 552 1249 651 signati
1307 558 1380 627 et
1415 547 1884 647 non'signati
1922 548 2038 623 vis
2098 570 2413 645 magna3
2475 547 2572 623 ad
2628 546 2818 622 haec
2853 567 3027 620 vasa

776 687 1133 778 argentea
1188 701 1583 774 aureaque,
1634 674 1946 752 mundus
2004 673 2408 767 muliebris,
2459 682 2533 749 et
2571 673 2879 772 copiosa
2918 696 3025 746 su-

778 805 1054 906 pellex,
1133 828 1323 903 quae
1363 828 1498 902 per
1558 824 1771 877 omne
1810 824 2045 898 genus
2096 799 2553 896 flagitiorum
2628 799 3031 875 cumulave-

779 939 919 1008 rat.
1033 931 1348 1006 Rivulus
1443 928 1884 1003 minerarum
1998 926 2320 1002 secundo
2343 921 2412 1023 ²⁸)
2506 925 2855 1001 milliario
2941 924 3036 997 di·

783 1058 1058 1150 stabat,
1135 1056 1343 1132 dives
1421 1054 1791 1153 oppidum,
1866 1061 1943 1130 et
2016 1054 2332 1130 secturis
2390 1054 2553 1130 auri
2611 1054 3038 1150 argentique

780 1186 1003 1280 longe
1114 1180 1789 1281 opulentissimum,
1902 1181 2060 1255 sine
2152 1181 2440 1279 praelio
2552 1180 2874 1256 traditur
2947 1179 3036 1251 ab

782 1308 1210 1408 oppidanis,
1304 1331 1557 1384 arcem
1667 1327 1845 1381 vero
1954 1314 2126 1404 post
2231 1329 2631 1404 paucorum
2765 1305 3035 1379 dierum

786 1435 1412 1534 oppugnationem
1427 1432 1546 1524 **)
1571 1456 1707 1529 per
1730 1432 2172 1508 deditionem
2195 1434 2416 1531 capit.
2442 1429 3045 1508 Secundisinitiis

788 1584 927 1635 nec
962 1561 1015 1637 J
1021 1560 1354 1635 ohannes
1394 1581 1476 1633 se
1555 1557 1931 1649 continuit,
1990 1559 2126 1633 sed
2164 1559 2254 1633 de
2327 1559 2445 1633 his
2478 1558 2751 1634 certior
2807 1558 3043 1630 factus

785 1683 1087 1759 militem
1163 1683 1582 1776 conscribit,
1661 1683 2045 1758 duodecim
2118 1682 2487 1760 hominum
2538 1681 2770 1759 millia
2849 1682 3045 1757 brevi

787 1818 1203 1909 comparat3
1243 1818 1317 1885 et
1368 1810 1684 1908 primum
1723 1810 1998 1885 Hadad
2035 1813 2495 1904 occurrebat,
2552 1809 2855 1886 infamis
2893 1831 3046 1904 pro-

787 1937 987 2012 xima
1021 1937 1254 2012 clade.
1295 1934 1447 2011 Sed
1486 1944 1637 2010 tum
1675 1961 1811 2034 per
1871 1937 2094 2013 duces
2156 1939 2431 2014 bellum
2487 1937 2825 2019 duxerat,
2868 1956 3046 2011 nunc

790 2087 1043 2139 coram
1080 2071 1155 2137 et
1191 2061 1683 2160 imperatoriS,
1724 2071 1799 2138 et
1817 2063 2071 2138 militis
2112 2064 2358 2138 munia
2399 2065 2675 2140 obibat.
2720 2063 3046 2139 Mathias

793 2189 1208 2287 Szenniesy
1280 2188 1396 2262 vir
1470 2212 1642 2264 acer
1722 2196 1796 2264 et
1869 2191 2178 2265 militiae
2236 2191 2608 2266 exercitus
2682 2200 3047 2289 praeerat.

792 2327 868 2395 et
923 2317 1227 2416 egregie
1282 2317 1649 2391 tuebatur.
1746 2316 1851 2392 At
1905 2318 2033 2391 ubi
2069 2310 2611 2393 'tormentorum
2667 2318 3048 2393 muralium

791 2445 1124 2543 potentia
1181 2442 1442 2518 dirutis
1499 2442 1725 2518 muris
1787 2443 1999 2518 militi
2074 2444 2383 2542 patebat
2442 2446 2604 2518 via:
2658 2445 2711 2520 J
2715 2445 3044 2520 ohannes

792 2574 1167 2673 paululum
1205 2570 1558 2645 militibus
1607 2570 2041 2664 cohortatis,
2089 2592 2337 2647 muros
2392 2572 2756 2647 scandere
2806 2572 3051 2669 jubet}

794 2699 967 2773 hinc
1004 2707 1079 2773 et
1132 2698 1341 2772 illinc
1397 2697 1601 2772 multi
1639 2697 1933 2782 cadunt,
1991 2699 2198 2773 multi
2248 2700 2694 2793 sauciantur,
2750 2698 3047 2775 tandem

797 2823 1312 2899 deficientibus
1404 2825 2086 2922 propugnatoribus
2144 2826 2615 2922 [Johannitae
2697 2826 3053 2901 interiora

798 2951 994 3026 arcis
1031 2949 1471 3048 pervadunt,
1527 2950 1865 3026 omnibus
1921 2952 2437 3049 praesidiariis
2480 2961 2605 3028 aut
2643 2952 3053 3027 interfectis

801 3084 928 3152 aut
967 3077 1227 3174 captis.
1267 3076 1594 3151 Mathias
1633 3078 2010 3176 Zenniesy
2065 3079 2279 3153 vivus
2318 3079 2393 3153 in
2447 3085 2904 3177 potestatem
2942 3101 3052 3151 ve-

799 3205 944 3298 nit,
985 3227 1198 3300 quem
1236 3204 1310 3277 in
1348 3206 1779 3301 praesentia
1818 3205 2066 3280 multis
2090 3206 2518 3281 vulneribus
2562 3207 2911 3281 affectum
2946 3205 3058 3276 be-

799 3330 1025 3427 nigne
1065 3331 1456 3407 fovendum
1514 3332 1913 3424 mandavit,
1971 3340 2236 3429 postea
2294 3333 2491 3408 bello
2553 3334 2898 3408 confecto
2938 3330 3056 3404 ho-

803 3464 1141 3532 noratum
1235 3466 1309 3532 et
1364 3459 1787 3534 muneribus
1846 3467 2137 3534 auctum
2211 3460 2524 3534 liberum
2564 3460 2868 3534 dimisit.
2926 3460 3055 3532 Ea-

801 3584 965 3658 dem
980 3583 1252 3656 virtute
1290 3590 1364 3657 et
1384 3585 1765 3660 celeritate
1788 3585 2121 3659 castellis
2144 3585 2426 3661 Bathor
2448 3593 2523 3659 et
2564 3583 2847 3662 Sancto
2872 3587 3058 3661 Mar·

798 3710 952 3784 tino
993 3711 1463 3806 expugnatis,
1524 3709 1967 3787 Cisvardam
2026 3721 2429 3810 oppugnat.
2508 3711 2655 3788 Sed
2695 3737 2791 3786 ne
2835 3734 3053 3809 oppu-

804 3834 1153 3931 gnatione
1194 3836 1514 3910 munitae
1554 3837 1750 3912 arcis
1809 3839 2267 3929 attineretur,
2329 3841 2615 3935 maj0ra
2654 3839 2855 3912 enim
2914 3837 3061 3913 ani·

803 3981 921 4035 mo
962 3960 1484 4053 destinaverat,
1545 3972 1618 4037 et
1672 3963 1909 4038 hiems
1968 3964 2385 4055 timebatur,
2461 3964 2578 4038 his
2638 3963 3066 4040 conditioni·

803 4087 943 4163 bus
983 4087 1178 4163 datis
1236 4090 1750 4187 acceptisque:
1794 4092 1888 4165 ad
1929 4099 2263 4166 octavum
2323 4092 2500 4166 Idus
2538 4091 2857 4168 Januar.
2900 4116 3059 4166 ven·

802 4220 1041 4288 turam
1079 4214 1176 4287 ad
1214 4215 1678 4308 deditionem,
1710 4218 1775 4292 si
1815 4207 2094 4294 auxilia
2133 4218 2574 4292 caesariana
2612 4218 2690 4291 in
2727 4228 3059 4318 tempore

802 4360 948 4413 non
1004 4339 1364 4433 adforent,
1425 4341 1520 4418 ad
1574 4343 1933 4418 ulteriora
1986 4344 2376 4442 processit.
2438 4343 2618 4418 Inde
2677 4342 3061 4418 Tibiscum

1018 4512 1078 4582 ἐ·)
1109 4511 1347 4567 lstvnlnfi
1366 4516 1638 4587 jcgyzete
1670 4535 1681 4569 τ
1712 4518 1925 4586 quinto,

1014 4601 1114 4671 m⁶)
1141 4600 1384 4657 Ietvrinfi
1398 4605 1678 4674 Jegyzete
1702 4625 1716 4661 ε
1745 4608 1865 4661 Imo
1893 4609 2093 4663 eadem
2126 4615 2313 4664 nocte.
