3293 5219
2327 292 2450 356 LX
2466 292 2562 356 xl

291 479 549 546 tenore
611 474 1138 570 praesentium,
1200 475 1467 571 quibus
1526 474 1829 571 expedit
1889 474 2276 549 universis.
2346 473 2564 566 Quod

292 620 449 672 cum
497 599 668 694 Jam
724 598 917 674 inter
973 621 1152 690 nos,
1214 621 1308 674 ex
1362 622 1545 689 una,
1609 606 1685 673 et
1740 600 2031 675 nomine
2092 598 2563 677 Serenissimi

289 721 671 822 Principis
728 724 1025 799 Domini
1086 726 1430 815 Joannis,
1490 723 1966 801 Serenissimi
2025 727 2196 801 olim
2234 727 2559 805 Joannis

291 847 524 944 Regis
569 848 1034 946 Hungariae,
1074 850 1521 938 Dalmatiae,
1555 848 1912 926 Oroatiae
1952 860 2087 926 etc.
2128 852 2329 945 Filii,
2354 852 2561 927 Prin-

291 974 473 1071 cipis
534 974 1138 1067 Transilvaniae,
1201 984 1275 1049 et
1330 976 1648 1073 partium
1709 977 2166 1075 Hungariae,
2228 975 2558 1054 Consan-

295 1101 572 1198 guinei,
595 1111 671 1176 et
708 1102 955 1176 affinis
996 1102 1230 1177 nostri
1269 1102 1712 1192 charissimi,
1753 1127 1886 1201 per
1919 1104 2335 1180 dilectionis
2375 1126 2558 1179 suae

291 1247 714 1323 supremum
772 1223 1342 1314 Cubicularium,
1401 1223 1952 1321 Consiliarium‚
2008 1235 2082 1303 et
2141 1227 2556 1318 Oratorem,

295 1348 769 1447 Magnificum
791 1348 1207 1448 Casparum
1229 1350 1485 1426 Bekes
1517 1351 1608 1425 de
1640 1351 2047 1450 Kornyath
2085 1353 2182 1428 ad
2219 1354 2294 1429 id
2332 1355 2556 1453 pleno

292 1499 447 1551 cum
505 1477 880 1567 mandam,
940 1483 1016 1550 et
1071 1483 1440 1574 potestate
1502 1477 1828 1571 missum,
1890 1477 2133 1554 altera
2183 1501 2276 1553 ex
2317 1489 2555 1577 parte,

293 1610 730 1678 conventum
785 1602 940 1676 sit:
986 1602 1181 1699 quod
1239 1626 1375 1677 nos
1433 1602 1759 1701 propriis
1821 1603 2133 1697 litteris,
2193 1604 2555 1680 Dominos

294 1726 691 1821 Primores,
713 1726 1248 1818 Summates,in
1288 1750 1562 1823 genere
1600 1736 1846 1802 autem
1870 1728 2202 1822 Nobiles,
2241 1753 2330 1805 ac
2365 1730 2555 1806 alios

293 1851 549 1931 Status
606 1863 682 1930 et
736 1853 1062 1929 Ordines
1102 1852 1707 1944 Transilvaniae,
1750 1861 1823 1928 et
1874 1852 2203 1930 Partium
2246 1854 2554 1952 Hunga·

292 1979 464 2067 riae,
507 2000 700 2076 quas
730 1976 1264 2054 Serenissimus
1294 1978 1653 2077 Princeps
1695 1978 2053 2077 possidet,
2092 1988 2348 2055 nostro
2384 1981 2557 2057 hae-

299 2106 695 2203 redumque
767 2111 1189 2179 nostrorum
1264 2104 1555 2179 nomine
1631 2103 2231 2179 assecurabimus
2275 2133 2290 2177 ε
2338 2103 2555 2197 Quod

293 2231 385 2305 ob
417 2230 674 2306 fidelia
736 2230 1047 2306 servitia
1101 2231 1252 2329 ipsi
1290 2227 1793 2307 Serenissimo
1834 2230 2165 2328 Principi
2205 2232 2551 2308 moderno

297 2356 662 2454 praestita
700 2378 832 2431 eos
888 2379 1033 2431 non
1073 2357 1517 2448 infestaturi‚
1557 2379 1797 2452 neque
1835 2354 2276 2453 impedituri,
2314 2381 2555 2458 neque

295 2483 602 2580 injurias
657 2482 895 2574 nobis,
956 2491 1083 2558 aut
1140 2482 1420 2557 nostris
1473 2481 1674 2555 forte
1729 2480 1983 2556 illatas
2040 2481 2194 2556 ullo
2230 2505 2549 2582 unquam

297 2616 623 2709 tempore
662 2608 905 2702 ulturi,
944 2631 1184 2706 neque
1221 2606 1298 2681 in
1337 2606 1578 2697 bonis,
1617 2605 1670 2682 J
1674 2603 2079 2705 uribusque
2135 2611 2549 2707 possessio-

298 2737 546 2831 uariis,
603 2744 733 2813 aut
786 2737 864 2811 in
917 2735 1263 2835 personis
1320 2735 1415 2808 ob
1462 2732 1539 2806 id
1578 2732 1819 2831 ipsum
1860 2756 2152 2833 quoquo
2192 2735 2409 2811 modo
2446 2735 2550 2811 in-

300 2864 793 2957 terturbaturi,
834 2871 1054 2962 atque
1110 2864 1255 2936 hac
1295 2861 1386 2936 de
1423 2883 1504 2935 re
1542 2859 1835 2934 litteras
1891 2869 2189 2937 nostras
2254 2884 2552 2939 assecu-

302 2989 637 3080 ratorias,
694 2989 805 3063 ita
857 2996 938 3064 ut
991 2986 1291 3064 Domini
1350 2984 1730 3060 Primores
1788 2981 2208 3061 Summates
2276 2987 2564 3084 singuli*

306 3139 472 3193 suas
528 3114 895 3215 proprias,
954 3120 1029 3189 et
1083 3110 1422 3203 Nobiles,
1481 3106 1740 3185 Status
1800 3117 1875 3184 et
1930 3107 2257 3186 Ordines
2293 3110 2371 3186 in
2407 3134 2549 3187 uno

306 3264 585 3341 quoquo
626 3238 997 3316 Comitatu
1035 3237 1283 3314 itidem
1325 3257 1502 3312 suas
1554 3235 1958 3329 obtineant,
1999 3233 2418 3336 expeditur-i
2455 3239 2551 3312 si-

306 3391 477 3446 mus.
537 3368 824 3445 Idcirco
880 3367 1214 3443 volentes
1273 3364 1442 3440 huic
1500 3362 1906 3439 conditioni
1958 3363 2416 3452 satisfacere,
2456 3388 2551 3441 ex

308 3504 500 3572 certa
537 3502 802 3571 nostra
835 3491 1169 3583 scientia,
1208 3490 1451 3565 animo
1509 3491 1700 3564 bene
1740 3488 2188 3579 deliberato,
2228 3511 2319 3564 ac
2357 3489 2551 3564 omni

308 3620 584 3697 meliori
622 3620 837 3695 modo
876 3627 951 3695 et
985 3619 1248 3711 forma,
1291 3617 1559 3716 quibus
1596 3615 1994 3715 potuimus,
2031 3628 2108 3691 et
2146 3614 2550 3708 debuimus,

307 3746 769 3842 Magnificum
810 3745 1292 3823 Franciscum
1330 3741 1706 3838 Forgach,
1744 3765 1882 3841 pro
1922 3742 2140 3818 nobis
2181 3749 2257 3818 ct
2293 3743 2552 3819 haere-

306 3872 512 3949 dibus
568 3871 848 3950 nostris
906 3868 1521 3959 assecuravimns,
1562 3873 1637 3940 et
1690 3866 2281 3961 certificavimus,
2321 3891 2412 3943 ac
2452 3869 2552 3943 vi-

307 4022 477 4098 gore
533 3997 1038 4098 praesentium
1095 4015 1636 4086 assecuramus‚
1698 4000 1772 4068 et
1828 3993 2339 4085 castificamus,
2386 4016 2553 4091 pro-

309 4125 676 4202 mittentes
715 4125 854 4199 sub
893 4123 1057 4212 fide,
1102 4130 1176 4197 ct
1215 4121 1443 4196 verbo
1483 4127 1745 4195 nostro
1768 4115 2146 4196 Caesareo
2165 4117 2554 4215 Regioque

309 4276 435 4349 pro
468 4251 689 4327 nobis
728 4258 805 4326 et
843 4245 1419 4326 successoribus
1473 4244 1753 4320 nostris
1801 4269 1937 4320 nos
1977 4246 2072 4320 ob
2112 4243 2361 4321 fidelia
2401 4267 2556 4320 ser-

308 4376 502 4461 vitia,
560 4399 696 4475 per
753 4374 1063 4452 eundem
1102 4372 1583 4448 Franciscum
1643 4370 2000 4467 Forgach
2038 4370 2185 4469 ipsi
2223 4366 2555 4445 Serenis-

317 4503 496 4581 simo
520 4502 849 4601 Principi
878 4500 1229 4580 moderno
1266 4497 1629 4598 praestita
1666 4518 1832 4574 cum
1870 4521 2015 4574 non
2052 4498 2553 4584 infestaturos,
