3293 5219
2356 255 2461 334 95

225 482 360 551 tum
393 477 584 554 iram
603 473 988 573 effugeret.
1028 475 1117 552 In
1136 478 1300 573 ejus
1338 478 1577 550 locum
1615 472 2014 550 Amhatum
2053 473 2473 567 substituit3

228 625 436 696 aegre
512 601 810 700 quidem
868 600 999 676 ille
1060 601 1415 701 suscepit,
1493 608 1567 675 et
1625 607 2048 675 curaturum
2126 622 2210 675 se
2265 601 2471 676 vices

230 727 547 803 Rustemi
587 726 977 820 offerebat,
1037 728 1172 802 sed
1230 727 1672 823 dignitatem
1726 747 1877 800 non
1935 732 2469 823 suscepturum.

224 853 401 929 Nam
433 852 891 944 Rustemum,
960 853 1087 950 qui
1129 876 1363 951 gener
1420 854 1581 949 ejus
1621 860 1846 945 esset,
1886 850 1955 924 si
2010 852 2108 926 ad
2144 850 2469 949 priorem

226 986 483 1055 statum
556 978 948 1076 reciperet,
1042 977 1121 1052 id
1192 978 1340 1052 nisi
1414 1001 1497 1052 se
1534 977 1747 1075 prius
1786 977 2083 1053 sublato
2122 976 2286 1050 fieri
2324 998 2469 1051 non

229 1111 486 1202 posset.
539 1102 663 1177 Ad
698 1101 843 1176 hoc
953 1100 1422 1203 Solymanus,
1517 1102 1846 1192 videsne,
1885 1102 2143 1199 inquit,
2182 1101 2257 1175 in
2295 1104 2468 1177 vola

229 1252 468 1305 manus
524 1231 562 1317 s
563 1253 783 1327 quam
840 1223 1311 1326 ostendebat)
1350 1228 1547 1327 pilos
1568 1227 1605 1302 ⁴?
1642 1227 1776 1303 illo
1831 1234 2183 1323 negante,
2221 1249 2461 1323 neque

231 1354 639 1430 Rustemum
729 1376 1050 1451 unquam
1105 1352 1419 1429 vizirum
1493 1353 1855 1445 futurum,
1912 1375 2152 1448 neque
2192 1375 2275 1427 se
2297 1374 2461 1426 eum

233 1488 446 1556 morte
482 1482 914 1556 affecturum
953 1478 1081 1554 ait.
1120 1481 1245 1555 Ita
1299 1477 1579 1554 Amhat
1615 1478 1906 1574 gratias
1945 1479 2122 1576 egit.
2143 1473 2210 1576 ²⁸)

420 1607 663 1682 Morte
717 1605 850 1680 filii
888 1601 1247 1680 Circassa
1299 1605 1778 1681 vehementer
1818 1605 2200 1703 exagitata
2272 1604 2465 1680 litte-

234 1755 346 1806 ras
382 1731 471 1808 ad
510 1732 940 1808 Hebraeam
980 1739 1057 1807 et
1091 1753 1398 1806 uxorem
1436 1730 1783 1806 Rustemi
1821 1732 1968 1825 dat,
2008 1732 2274 1829 quibus
2314 1757 2464 1809 mu·

228 1857 426 1931 liebri
474 1882 678 1934 more
737 1879 869 1932 eos
946 1857 1496 1949 insectabatur,
1576 1879 1818 1954 neque
1875 1880 1958 1931 se
2016 1858 2255 1935 adhuc
2309 1857 2463 1934 filio

232 1982 542 2058 orbatam
599 2004 809 2074 esse,
863 2005 1026 2058 cum
1065 2007 1160 2059 ex
1233 1981 1644 2082 Mustapha
1682 1982 2176 2059 Mehemetum
2233 1986 2463 2061 filium

228 2109 294 2185 in
328 2110 553 2187 locum
593 2111 922 2188 defuncti
955 2111 1292 2188 haberet.
1333 2111 1540 2203 Quas
1579 2111 1758 2186 illae
1780 2134 1940 2186 cum
1980 2113 2079 2187 ad
2117 2109 2455 2211 Solyma-

232 2259 383 2311 uum
437 2238 850 2326 misissent,
911 2237 1314 2312 Ibraimum
1369 2236 1682 2311 remittit
1734 2235 1810 2309 in
1866 2233 2341 2312 Carmaniam
2381 2245 2458 2312 et

231 2363 602 2454 Natuliam,
659 2371 741 2439 ut
777 2384 862 2438 se
910 2362 1223 2438 absente
1298 2383 1429 2436 eas
1485 2360 1913 2459 provincias
1978 2367 2294 2453 curaret,
2372 2386 2462 2437 ac

228 2488 690 2566 Mehemetum
746 2496 1092 2588 nepotem
1152 2488 1228 2564 in
1299 2496 1562 2562 tenera
1602 2492 1851 2562 aetate
1891 2486 2371 2562 constitutum
2423 2514 2462 2563 e

232 2617 445 2693 medio
501 2616 820 2693 tolleret.
916 2619 1215 2692 Interea
1289 2613 1741 2714 Solymanus
1797 2637 1959 2690 cum
2015 2615 2090 2689 in
2147 2637 2454 2711 gravem

231 2744 622 2819 catarrhum
660 2743 1069 2833 incidisset,
1110 2750 1185 2816 et
1222 2764 1470 2817 rumor
1509 2741 1769 2816 mortis
1808 2741 2251 2839 Byzantium
2287 2764 2454 2838 per-

230 2868 554 2955 volasset,
595 2867 956 2945 Hebraea
1027 2866 1467 2962 Bajazetem
1521 2867 1618 2942 ad
1656 2868 2173 2967 occupandam
2212 2867 2462 2943 sedem

229 2990 396 3066 clam
451 2993 785 3069 arcessit.
828 2992 979 3068 Sed
1015 2993 1092 3066 id
1115 2992 1489 3089 cognitum
1528 2994 1623 3067 ab
1685 2992 1918 3069 Sinan
1941 2995 2192 3081 ,bassa
2244 3017 2460 3091 prae-

229 3118 398 3195 fecto
431 3122 636 3197 urbis
695 3121 1149 3221 prohibitum
1223 3128 1360 3195 est.
1418 3121 1942 3197 Verumtamen
1980 3118 2455 3219 Solymanum

226 3252 551 3338 metuens,
609 3253 785 3322 ante
825 3268 1042 3344 quam
1098 3245 1399 3339 rediret,
1460 3269 1749 3323 veneno
1806 3247 1953 3322 sibi
2007 3247 2237 3322 vitam
2291 3246 2455 3344 ipse

222 3374 589 3472 praeripit3
631 3396 949 3470 namque
1005 3372 1292 3449 necatis
1350 3374 1550 3450 bona
1606 3396 1901 3471 quoque
1938 3372 2453 3461 confiscantur,
2514 3452 2524 3459 ,

226 3505 292 3572 at
322 3499 438 3595 qui
476 3499 623 3575 sibi
660 3499 808 3598 ipsi
845 3500 995 3574 vim
1051 3499 1397 3592 inferunt,
1453 3500 1653 3574 bona
1690 3520 1942 3573 eorum
1976 3498 2306 3597 posteris
2344 3520 2456 3571 re·

221 3622 653 3721 linquuntur3
686 3608 839 3702 'nisi
914 3626 1112 3724 quod
1167 3627 1677 3704 defunctorum
1733 3624 2068 3722 aliquota
2106 3646 2285 3723 pars
2315 3624 2446 3698 bo-

218 3772 444 3830 norum
489 3756 566 3831 in
659 3755 856 3831 omni
912 3754 1145 3831 Turci
1197 3753 1508 3853 imperio
1564 3753 1639 3828 in
1687 3753 1947 3829 fiscum
2005 3759 2439 3828 convertun-

221 3885 339 3955 tur.
375 3879 577 3972 Quas
615 3903 874 3958 omnes
932 3882 1027 3956 ob
1068 3903 1339 3957 causas
1433 3880 1785 3957 mulieres
1844 3886 2257 3979 coeperunt
2310 3876 2458 3953 sibi

476 4096 559 4103 ..-

370 4167 426 4232 ¹⁵)
454 4163 707 4238 Forgdcs
732 4163 927 4222 Simon
949 4168 1225 4237 jegyzete
1246 4186 1260 4221 ε
1282 4146 1372 4220 fin
1397 4184 1516 4238 ugy
1545 4164 1876 4234 hallottam,
1902 4164 2061 4236 hogy
2089 4166 2187 4218 azt
2215 4164 2448 4220 mondta

217 4251 338 4321 volt,
392 4254 545 4329 hogy
571 4254 690 4325 mig
737 4257 770 4310 6
802 4254 1020 4310 Ahmat
1045 4252 1118 4319 όΙ,
1168 4254 1348 4328 addig
1368 4253 1421 4309 01
1449 4271 1580 4310 110111
1601 4254 1764 4311 veszi
1800 4252 1921 4308 1810
1947 4270 2020 4308 az
2047 4250 2320 4324 1101300101,
2350 4255 2443 4308 mi·

216 4340 305 4397 kor
327 4345 524 4402 osztdn
551 4351 814 4417 megatta
840 4346 1072 4404 Rustan
1091 4346 1388 4404 bassanak
1420 4388 1434 4414 ,
1480 4346 1689 4403 eszdbe
1734 4344 1945 4416 Jutvan
1973 4361 2045 4398 az
2070 4345 2172 4400 azo
2200 4342 2261 4400 011
2283 4342 2443 4415 foga-

220 4430 322 4503 ἀίω,
343 4437 490 4509 hogy
515 4435 762 4494 1100110ᾶο
792 4436 1041 4507 igunak
1084 4436 1344 4493 latassdk
1373 4437 1550 4505 lenni,
1576 4453 1695 4508 ugy
1717 4434 1957 4504 fojtatta
1982 4452 2115 4505 meg
2141 4430 2435 4503 Ahmatot,

219 4517 272 4573 ds
298 4540 360 4576 az
387 4523 748 4597 meghalvaeim
778 4542 892 4596 ugy
918 4524 1134 4581 allatta
1159 4526 1413 4582 Rustant
1438 4527 1622 4596 ismeg
1646 4522 1856 4580 1101010.

2513 4870 2858 5109 f
