3293 5219
2344 344 2500 421 449

252 557 494 648 vellet,
558 565 677 632 sat
715 579 796 631 se
834 577 971 651 pro
1011 557 1174 652 ipso
1215 556 1497 628 laboris
1536 555 1894 631 hactenus
1953 558 2317 650 hausisse,
2357 560 2503 635 nisi

244 685 396 780 jam
435 684 658 758 etiam
697 683 925 757 vitam
965 682 1343 756 exhauriri
1382 682 1610 756 malit.

463 807 732 882 Plures
788 807 948 882 dies
1007 808 1419 903 consumpti
1494 816 1667 881 sunt
1713 810 1840 898 ita,
1901 809 2035 883 sed
2076 812 2506 907 quotidiana

251 933 776 1022 familiaritate,
837 957 999 1008 cum
1055 942 1252 1006 totos
1314 932 1474 1007 dies
1516 934 1715 1031 apud
1754 935 1962 1009 illum
2020 946 2504 1028 consumeret,

254 1069 585 1157 tempore
646 1060 867 1133 etiam
924 1059 1338 1133 remittente
1415 1060 1706 1152 morb03
1768 1060 1901 1134 sed
1957 1063 2355 1159 praecipue
2411 1062 2509 1135 ad

259 1185 736 1259 maximorum
777 1185 1315 1259 commodorum
1357 1193 1742 1281 quaestum
1782 1185 2098 1262 animum
2128 1187 2508 1283 adjiciens,

261 1335 348 1385 ex
389 1312 617 1385 solita
656 1320 837 1404 arte,
877 1312 1253 1407 negotium
1309 1312 1708 1386 lacrimans
1742 1315 2089 1411 suscepit,
2128 1337 2344 1388 unum
2385 1336 2512 1411 pe-

258 1445 421 1511 tens
461 1437 628 1528 sibi,
668 1446 749 1511 ut
802 1460 1018 1511 unam
1075 1438 1394 1532 gratiam
1448 1439 1692 1526 faciat,
1751 1462 1843 1513 ne
1900 1462 2036 1536 per
2093 1439 2509 1514 absentiam

261 1586 468 1636 suam
507 1562 848 1659 cuiquam
885 1562 1160 1655 villam,
1182 1565 1761 1659 possessionem,
1781 1587 1874 1638 ne
1914 1565 2034 1639 vel
2075 1563 2506 1659 dignitatem

263 1690 561 1778 tribuat,
621 1663 1091 1762 multos'sibi
1149 1712 1318 1763 esse
1357 1690 1695 1763 inimicos
1754 1698 2060 1786 propter
2116 1690 2505 1764 veritatem

263 1825 334 1889 et
370 1815 591 1888 fidem
633 1838 814 1909 erga
870 1815 1129 1910 ipsum,
1180 1815 1254 1887 id
1312 1815 1575 1900 vereri,
1616 1838 1710 1888 ne
1749 1816 1844 1888 ab
1884 1815 2035 1888 illis
2076 1837 2158 1888 se
2197 1816 2511 1889 absente

264 1944 332 2014 in
395 1941 644 2016 odium
702 1949 1022 2014 vocetur.
1065 1941 1231 2015 Rex
1300 1941 1513 2036 large
1573 1942 1815 2015 omnia
1854 1942 2040 2014 haec
2095 1948 2169 2014 et
2225 1942 2514 2036 majora

265 2068 729 2163 promittere3
775 2067 870 2139 ad
908 2064 1050 2140 hoc
1106 2067 1453 2162 precibus
1513 2068 1910 2148 contendit,
1970 2091 2059 2140 ac
2116 2067 2339 2140 certis
2380 2066 2515 2138 mi-

265 2195 378 2268 nis
418 2192 810 2278 interdicit,
852 2216 942 2266 ne
991 2192 1215 2266 ullius
1255 2193 1570 2266 hominis
1605 2192 2186 2267 familiaritatem
2226 2214 2309 2265 se
2348 2191 2518 2265 abs-

270 2328 438 2395 ente
496 2318 884 2414 reciperet,
943 2317 1137 2414 quod
1201 2342 1281 2393 se
1339 2342 1481 2393 uno
1521 2326 1836 2417 excepto
1901 2318 2345 2392 credendum
2403 2339 2516 2390 es-

267 2455 382 2518 set
420 2443 713 2532 nemini,
766 2452 839 2516 et
875 2445 1318 2541 praecipuos
1376 2467 1709 2542 quosque
1748 2445 2174 2518 nominatim
2214 2443 2518 2516 eircum-

269 2571 547 2660 scribit,
571 2570 987 2645 Bathoreos
1007 2571 1303 2663 fratres,
1328 2572 1808 2646 Franciscum
1835 2568 2307 2666 Forgacium,
2329 2566 2519 2641 Pau-

273 2700 416 2772 lum
439 2696 712 2793 Banfy,
750 2696 1187 2771 Michaslem
1211 2697 1540 2797 Gyulay.
1582 2701 1744 2782 Ille,
1788 2698 1912 2795 qui
1932 2696 2210 2771 homini
2250 2696 2344 2769 ad
2367 2715 2519 2768 ser-

269 2827 573 2899 vitutem
611 2846 845 2919 usque
884 2824 1435 2900 addictissimus
1474 2833 1656 2915 erat,
1679 2831 1754 2897 et
1791 2832 2057 2898 natura
2094 2831 2316 2917 atque
2356 2840 2520 2891 con-

274 2949 658 3025 suetudine
697 2949 803 3021 ita
823 2948 1126 3023 edoctus
1166 2959 1388 3046 atque
1429 2950 1830 3039 institutus,
1856 2949 2102 3022 omnia
2121 2944 2425 3021 credere
2446 2948 2521 3015 et

269 3078 624 3174 stipulata
686 3097 907 3147 manu
964 3076 1419 3172 amplissime
1476 3077 1835 3173 recipere.
1896 3072 2127 3146 Addit
2163 3073 2239 3144 in
2278 3088 2516 3143 secre-

271 3204 532 3276 tiorem
574 3199 1150 3274 familiaritatem
1189 3198 1548 3295 principis
1586 3200 1894 3272 fratrem
1926 3218 2132 3270 suum
2173 3216 2335 3266 eum
2373 3215 2522 3263 ma-

275 3328 491 3402 ximis
535 3324 947 3400 mandatis:
1007 3324 1359 3395 observet
1434 3345 1715 3409 omnes,
1756 3322 2131 3396 neminem
2191 3314 2527 3389 admittat

273 3456 366 3527 ad
403 3452 834 3551 principem,
857 3450 1059 3522 fores
1098 3449 1306 3544 ipsas
1348 3447 1718 3522 custodiat
1744 3446 2232 3518 vehementer.
2274 3437 2525 3512 Omni-

275 3582 415 3653 bus
455 3578 676 3652 etiam
710 3574 1045 3661 minimis,
1070 3575 1191 3669 qui
1215 3573 1310 3649 ad
1349 3581 1603 3669 portas
1642 3580 1843 3645 stare
1883 3568 2246 3655 solebant,
2268 3564 2526 3637 eadem

283 3704 629 3778 mandata
670 3701 814 3773 dat.
875 3701 964 3773 In
1003 3698 1214 3794 queis
1261 3698 1624 3773 'nobilium
1662 3721 1754 3770 ne
1790 3718 1978 3769 unus
2020 3692 2308 3790 quidem
2348 3696 2527 3773 erat,

276 3827 603 3926 polonici
682 3825 890 3922 pueri
957 3830 1112 3896 tres
1170 3825 1350 3911 fere,
1427 3822 1737 3917 portarii
1812 3819 2117 3894 totidem
2192 3811 2532 3912 polonici,

279 3977 463 4029 unus
542 3953 664 4049 qui
725 3950 1088 4046 Byzantio
1168 3949 1530 4023 adductus
1624 3947 2071 4044 baptismum
2165 3950 2239 4015 et
2311 3936 2531 4012 fidem

281 4087 762 4175 susceperat3
823 4075 1086 4149 medici
1126 4074 1290 4167 duo,
1331 4075 1588 4146 horum
1645 4093 1833 4146 unus
1872 4066 2303 4151 Blandrata,
2342 4065 2532 4136 alter

279 4212 638 4281 formator
696 4225 1013 4292 morum;
1090 4225 1257 4274 nam
1316 4201 1439 4297 qui
1515 4199 1611 4273 ad
1669 4197 2001 4271 arianam
2076 4186 2535 4289 praeceptio·

283 4357 447 4407 nem
487 4331 884 4425 diligenter
933 4328 1271 4417 docebat,
1348 4326 1599 4400 itidem
1656 4347 1748 4397 ne
1823 4343 2037 4417 quem
2088 4312 2534 4390 contrarium

286 4460 643 4537 doctrinis
685 4457 838 4531 suis
879 4454 1444 4551 praeceptisque
1485 4454 1850 4526 dicentem
1891 4446 2201 4535 audiret,
2240 4443 2315 4515 id
2354 4463 2534 4513 vero

285 4611 569 4662 summa
608 4581 998 4676 diligentia
1055 4580 1391 4669 cavebat,
1454 4580 1558 4652 ita
1606 4586 1685 4651 ut
1723 4576 1843 4673 qui
1885 4576 2003 4647 vel
2045 4568 2339 4644 assensi
2379 4575 2535 4638 tan·

396 4735 597 4770 nossa.
636 4732 796 4765 luxti.
835 4732 965 4762 11181.
1005 4730 1202 4763 St‘lall‘l'.
1238 4727 1347 4759 XVI,
2109 4677 2210 4751 29
