3293 5219
809 295 913 372 84

803 533 1110 589 caesare
1150 516 1225 583 et
1262 507 1586 583 redactis
1627 507 1964 581 omnibus
2001 505 2077 580 in
2116 515 2581 604 potestatem,
2638 530 3094 607 quocunque

803 642 1197 720 venerant,
1256 632 1658 709 exercitum
1749 632 2043 722 eadem,
2123 654 2268 729 qua
2364 640 2740 724 venerant,
2818 633 3097 731 Augu-

806 771 994 840 stam
1033 760 1406 836 reducunt.

1019 886 1414 963 Mauritius
1470 906 1650 959 vero
1690 883 1897 957 illinc
1956 883 2400 959 Passavium
2457 886 2667 984 petit,
2707 908 2852 982 quo
2898 886 3095 960 Fer-

805 1011 1188 1104 dinanduS,
1248 1018 1321 1084 et
1359 1008 1689 1083 nonnulli
1762 1007 2162 1107 principeS,
2256 1032 2344 1082 ac
2418 1010 2845 1086 Electorum
2929 1033 3092 1084 om·

801 1141 998 1215 nium
1052 1137 1289 1234 legati
1355 1143 1871 1211 convenerant.
1943 1130 2295 1223 Queritur
2351 1134 2442 1211 de
2519 1136 2887 1232 religione
2952 1162 3092 1236 op-

802 1287 1091 1364 pressa,
1134 1263 1226 1337 de
1284 1260 1718 1360 captivitate
1778 1259 2242 1355 landgravii,
2300 1284 2389 1335 ac
2465 1263 2556 1337 de
2616 1259 3088 1338 Germaniae

801 1390 1079 1467 acerba
1118 1387 1551 1478 conditione,
1593 1409 1785 1483 quae
1823 1387 1899 1458 in
1938 1386 2368 1460 servitutem
2403 1388 2938 1487 propemodum
2981 1392 3086 1465 ab

799 1517 1257 1595 adversariis
1329 1515 1554 1607 fuerit
1609 1513 1935 1589 redacta.
2014 1512 2434 1588 Fraxineus
2477 1538 2765 1612 quoque
2805 1526 3083 1593 orator

800 1645 1120 1741 gallicus
1178 1666 1427 1717 acrem
1484 1641 1875 1716 admodum
1935 1640 2340 1715 orationem
2397 1641 2470 1715 in
2529 1663 2915 1716 caesarem
2956 1645 3076 1718 fa-

797 1770 896 1844 cit
931 1771 1029 1845 ad
1066 1790 1497 1845 consessum
1536 1769 1970 1866 principum.
2046 1766 2215 1840 Hoc
2269 1789 2559 1865 qnoque
2596 1778 2841 1843 tamen
2884 1791 3077 1844 con-

801 1903 1021 1971 ventu
1065 1894 1251 1970 nihil
1305 1917 1495 1994 pene
1587 1902 1828 1969 actum
1887 1902 2021 1968 est.
2082 1891 2382 1969 Galliae
2440 1918 2573 1969 rex
2609 1918 2744 1994 per
2782 1892 3075 1971 Lotha-

793 2019 1086 2115 ringiae
1123 2017 1311 2093 fines
1351 2018 1556 2092 venit
1588 2015 2195 2114 Argentoratum.
2241 2018 2833 2114 Argentinenses
2876 2043 3069 2096 vero

791 2145 1240 2246 praesidium
1281 2144 1809 2234 conduxerant,
1868 2153 1943 2218 et
1982 2167 2151 2218 sese
2189 2145 2652 2219 muniverant
2689 2144 3068 2222 adversus

790 2273 1160 2372 impetum,
1218 2271 1283 2345 si
1337 2294 1515 2348 usus
1571 2267 2007 2365 postularet,
2065 2270 2317 2344 missis
2376 2278 2625 2345 tamen
2662 2270 2758 2344 ad
2794 2295 3068 2367 regem

790 2399 1063 2495 leg-atis
1136 2398 1579 2473 frumentum
1629 2404 1707 2469 et
1759 2396 2192 2470 necessaria
2227 2395 2304 2468 in
2343 2403 2595 2471 castra
2631 2397 2729 2471 ad
2769 2397 3065 2473 victum

794 2523 1154 2599 deferunt.
1251 2521 1404 2597 Sed
1462 2521 1638 2620 quia
1698 2522 1958 2621 copiae
2016 2520 2348 2595 caesaris
2404 2522 2783 2619 belgicae,
2834 2519 3061 2609 Cam·

795 2651 1065 2750 paniae
1119 2650 1443 2745 gallicae
1497 2649 1687 2723 fines
1742 2649 2153 2744 ingressae,
2213 2649 2573 2724 incendiis
2615 2674 2702 2725 ac
2737 2651 3060 2750 popula·

788 2774 1113 2850 tionibus
1153 2775 1456 2848 multum
1512 2773 1760 2848 damni
1817 2772 2115 2865 dabant,
2155 2798 2290 2849 rex
2330 2774 2835 2870 Argentorato
2879 2799 3053 2851 cum

788 2902 1118 2978 exercitu
1211 2901 1497 2976 domum
1556 2901 1885 2976 revertit.
1979 2902 2375 2977 Mauritius
2431 2926 2609 2978 vero
2668 2912 2841 2999 post
2879 2927 3057 2979 con-

785 3039 1083 3107 ventum
1119 3030 1683 3128 passaviensem
1714 3029 2283 3105 Francofurtum
2322 3031 2634 3124 obsidet,
2691 3031 3050 3108 interces-

782 3179 995 3232 sores
1031 3163 1279 3232 tamen
1317 3157 1696 3256 principes
1734 3153 2029 3231 litteras
2088 3154 2184 3231 ad
2225 3180 2608 3233 caesarem
2664 3157 3046 3246 dederant,

782 3282 874 3360 de
914 3282 1343 3379 mitigandis
1378 3282 1939 3366 conditionibus,
1997 3281 2252 3358 itidem
2308 3284 2405 3359 ad
2452 3283 2876 3360 Mauritium
2933 3287 3042 3360 16-

778 3418 998 3505 gatos
1037 3408 1411 3501 miserant,
1451 3409 1557 3483 uti
1597 3410 1761 3503 ejus
1804 3408 2116 3482 animum
2157 3410 2474 3484 lenirent
2512 3407 2759 3504 aliquo
2797 3420 3047 3508 pacto,

778 3544 854 3611 et
887 3537 985 3612 ad
1023 3536 1286 3612 sedata
1325 3534 1636 3611 consilia
1673 3534 2165 3611 hortarentur.
2225 3533 2514 3610 Caesar
2551 3535 2900 3611 rescribit
2936 3537 3043 3611 in·

772 3661 1342 3763 tercessoribus,
1384 3684 1553 3735 sese
1589 3682 1737 3734 non
1794 3683 1965 3735 esse
2026 3659 2345 3736 alienum
2384 3686 2429 3735 a
2464 3683 2671 3757 pace,
2710 3661 2854 3735 imo
2894 3661 3046 3736 sibi

774 3785 1109 3863 indolere
1164 3785 1503 3874 maxime,
1562 3791 1848 3860 tantum
1922 3785 2304 3860 tumultum
2361 3784 2779 3876 excitatum,
2835 3787 3041 3861 inve-

774 3913 983 3989 niant
1071 3913 1284 3987 modo
1340 3912 1692 4004 rationes,
1808 3913 2074 4011 quibus
2134 3913 2409 3987 bellum
2465 3911 2681 3987 civile
2723 3912 3037 3989 desinat.

767 4037 1284 4115 Ferdinandus
1319 4061 1456 4113 rex
1547 4061 1732 4136 ergo
1797 4038 2199 4114 Henricum
2262 4036 2599 4113 Plauium
2659 4035 3032 4113 cancella·

767 4164 955 4240 rium
991 4163 1450 4241 bohemicum
1486 4163 1562 4240 in
1598 4172 1852 4239 castra
1907 4163 2157 4257 mittit,
2186 4161 2311 4260 qui
2345 4161 2641 4239 tandem
2677 4162 3031 4240 Mauritio

768 4313 1031 4389 pacem
1092 4291 1532 4386 persvadet;
1568 4313 1798 4390 posse
1838 4290 2031 4366 enim
2089 4289 2441 4386 cogitare,
2492 4297 2845 4386 quantum
2881 4289 3029 4363 sibi

768 4414 1171 4513 periculum
1226 4416 1321 4490 ab
1363 4439 1673 4491 caesare
1730 4417 2142 4505 immineat,
2199 4416 2345 4490 nisi
2393 4414 2853 4490 conditiones
2909 4413 3033 4489 ad-

773 4541 1035 4634 mittat,
1095 4561 1256 4614 cum
1313 4542 1714 4618 exercitum
1776 4541 2313 4617 validissimum
2366 4540 2916 4639 conscripserit,
2955 4548 3030 4618 et
