3293 5219
779 316 945 392 244

786 535 899 608 ira
944 529 1336 629 praecipiti
1396 528 1641 601 vivum
1698 527 1771 601 in
1811 526 2297 624 profluentem
2340 548 2607 622 aquam
2647 526 3049 622 submergi,

787 667 1009 755 atque
1069 654 1416 732 suffocari
1472 654 1669 743 fecit,
1747 674 1836 726 eo
1898 654 2092 749 quod
2157 653 2554 748 aliquando
2616 652 2693 726 in
2734 652 3052 750 quadam

785 786 1175 869 verborum
1234 781 1705 857 contentione
1763 780 1859 853 ad
1917 781 2338 877 sepulcrum
2376 779 2663 873 nigrum
2704 777 3053 854 alludens

789 909 1300 1005 evangelicum
1337 907 1522 982 illud
1560 934 1575 977 :
1619 905 1988 1001 Surrexit,
2029 929 2174 979 non
2215 913 2333 980 est
2368 906 2526 997 hic,
2565 905 3052 1004 protulisset3

788 1061 920 1134 pro
965 1060 1108 1131 quo
1147 1035 1478 1109 facinore
1519 1033 1641 1106 (liu
1681 1042 1925 1107 tamen
1966 1029 2434 1106 conflictatus
2510 1057 2555 1106 a
2612 1032 3056 1129 propinquis

789 1172 921 1237 est.
982 1166 1068 1238 ln
1126 1170 1382 1235 cetera
1436 1161 1590 1235 vita
1653 1159 1913 1234 deinde
1974 1157 2408 1235 modestiam
2474 1165 2694 1254 atque
2770 1180 3053 1233 morum

789 1290 1239 1384 elegantiam
1295 1295 1622 1362 sectatus
1684 1295 1816 1361 est.
1893 1287 1941 1361 ,J
1949 1286 2278 1361 ohannes
2318 1285 2559 1381 Zalay
2598 1308 2771 1358 arce
2829 1306 3053 1381 poso-

789 1416 1026 1490 niensi
1065 1414 1524 1513 postmodum
1564 1436 1699 1512 per
1741 1413 2292 1488 Ferdinandum
2332 1409 2686 1487 exclusus
2725 1419 2884 1497 est,
2926 1410 3051 1485 mi·

791 1566 950 1633 ser,
1008 1540 1175 1616 aliis
1237 1562 1413 1616 vero
1472 1538 1863 1614 ludibrium
1920 1547 1991 1613 et
2049 1539 2459 1635 exemplum
2533 1537 2849 1612 sceleris
2930 1560 3050 1611 ex-

795 1669 1129 1742 stinctus.
1204 1664 1477 1739 Ratum
1538 1665 1643 1739 uti
1684 1674 1961 1739 certum
2025 1673 2161 1755 est,
2219 1663 2345 1759 qui
2399 1663 2635 1738 semel
2689 1662 2911 1739 fidem
2966 1686 3049 1736 ac

790 1795 1135 1868 virtutem
1172 1789 1652 1890 prodiderint,
1693 1790 1889 1888 apud
1929 1788 2098 1863 illos
2138 1788 2324 1861 nihil
2360 1785 2616 1881 fidum,
2660 1787 2839 1861 nihil
2882 1813 3046 1864 san·

792 1926 981 1993 ctum
1041 1940 1231 1991 esse.
1346 1912 1632 1989 Caesar
1720 1917 1814 1989 ab
1890 1915 2101 1989 initio
2160 1916 2318 2009 jam
2378 1913 2547 1988 inde
2627 1937 2788 1989 cum
2868 1914 3046 1990 Pra-

792 2068 965 2141 gam
1023 2044 1371 2131 venisset,
1430 2042 1500 2115 in
1560 2042 1803 2116 animo
1881 2040 2388 2115 destinaverat
2464 2040 3049 2118 Maximilianum

789 2171 1017 2244 filium
1077 2177 1491 2244 consortem
1548 2169 1842 2266 imperii
1890 2169 2164 2263 facere,
2226 2167 2360 2243 sed
2397 2168 2607 2267 prius
2645 2168 3050 2264 inaugura-

795 2297 1066 2372 tionem
1134 2296 1348 2389 regni
1403 2293 1772 2368 bohemici
1827 2294 2328 2392 praemittere.
2390 2293 2641 2385 Quare
2701 2316 2866 2368 cum
2926 2295 3049 2368 diu

796 2424 1238 2518 multumque
1278 2420 1475 2518 apud
1514 2420 2003 2519 septemviros
2043 2421 2469 2495 laborasset
2508 2448 2523 2492 ε
2563 2421 2933 2512 effecerat,
2973 2429 3053 2495 nt

794 2547 887 2622 ad
928 2568 1250 2623 mensem
1310 2544 1713 2622 Octobrem
1770 2546 2341 2623 Francofurtum
2397 2547 2897 2637 convenirent,
2937 2546 3050 2621 id-

792 2696 1023 2769 eoque
1052 2680 1487 2747 conventum
1511 2673 2002 2748 Bohemorum
2042 2675 2113 2747 in
2156 2695 2479 2748 mensem
2528 2671 3044 2771 Septembrem

794 2797 1078 2871 indixit.
1155 2798 1399 2892 Igitur
1439 2799 1993 2875 Maximilianus
2036 2798 2361 2895 Pragam
2402 2798 2644 2890 venit3
2702 2798 3051 2873 introitus

795 2946 928 3020 pro
990 2922 1351 3018 dignitate
1410 2925 1619 3020 regia
1680 2926 2110 3020 magnificus
2168 2925 2335 3016 fuit;
2394 2925 2529 3000 sed
2585 2946 2727 2999 non
2783 2947 3052 3022 parum

797 3047 1083 3121 decoris
1159 3049 1512 3124 addidere
1607 3072 1956 3147 proceres
2053 3051 2358 3147 ungari,
2475 3050 2600 3146 qui
2672 3050 3054 3146 equitibus

797 3175 1356 3272 quadringentis
1391 3175 1980 3256 Maximilianum
2019 3177 2309 3273 sequuti
2370 3185 2577 3268 sunt,
2635 3177 3054 3271 torquibus,

795 3299 1208 3392 monilibus,
1248 3300 1599 3394 phaleris,
1657 3300 1865 3396 queis
1931 3302 2232 3376 multum
2268 3302 2429 3378 auri
2467 3302 2904 3398 argentique
2946 3303 3055 3375 in·

791 3433 973 3513 erat,
1013 3424 1410 3499 exornatis.
1506 3424 1947 3500 Bohemicus
2008 3428 2383 3523 equitatus
2462 3453 2554 3503 ex
2609 3428 3055 3527 proceribus

794 3574 885 3625 ac
941 3561 1201 3627 cuncta
1257 3551 1642 3628 nobilitate
1702 3553 1799 3626 ad
1855 3552 1995 3628 duo
2057 3555 2351 3629 circiter
2390 3553 2621 3630 millia
2659 3555 3055 3654 splendide

793 3676 967 3750 item
1007 3677 1409 3753 instructus
1452 3678 1748 3753 obviam
1785 3679 2070 3775 prodit,
2130 3689 2205 3754 et
2269 3679 2435 3754 dum
2474 3705 2609 3778 per
2647 3683 2904 3757 urbem
2978 3685 3055 3758 in

796 3825 1042 3877 arcem
1083 3815 1377 3880 ventum
1417 3815 1551 3896 est,
1594 3805 1849 3880 effusis
1889 3806 2185 3903 populis
2224 3829 2359 3903 per
2397 3828 2651 3883 omnes
2694 3808 2902 3884 vicos
2966 3835 3056 3885 ac

794 3928 1109 4025 plateas,
1131 3951 1374 4005 serum
1394 3931 1670 4005 sactum
1690 3938 1831 4021 est,
1854 3953 1942 4005 ac
1978 3939 2256 4006 tantum
2301 3934 2767 4010 consalutato
2804 3944 3058 4032 patre,

793 4075 940 4127 una
996 4054 1070 4127 in
1131 4056 1389 4130 aedem
1446 4079 1737 4131 sacram
1786 4056 2174 4154 prosectis,
2235 4056 2496 4133 laudes
2545 4082 2819 4156 magna
2857 4064 3058 4138 cele·

795 4177 1067 4252 britate
1091 4236 1107 4269 ,
1239 4203 1657 4279 magnaque
1749 4182 2035 4258 laetitia
2130 4183 2617 4276 decantatae3
2709 4184 2801 4260 iis
2889 4185 3059 4262 fini-

789 4302 889 4375 tis
915 4358 931 4390 ,
1026 4304 1276 4379 statim
1371 4305 1871 4403 displosiones
1964 4317 2489 4384 tormentorum
2567 4308 3059 4388 admirandae

793 4428 1278 4503 multitudinis
1357 4432 1557 4506 circa
1631 4456 1873 4507 arcem
1951 4433 2266 4531 undique
2344 4434 2871 4532 dispositorum
2949 4441 3061 4513 in-

801 4560 1112 4646 gentes,
1169 4563 1242 4628 et
1297 4557 1392 4628 ob
1470 4556 1709 4630 noctis
1788 4559 2314 4634 obscuritatem
2406 4560 2805 4638 horribiles
2881 4586 3067 4641 con-
