3293 5219
2348 314 2497 391 241

247 535 417 602 ante
459 534 532 603 et
572 552 618 600 a
655 527 1043 621 lateribus3
1070 537 1143 602 et
1182 537 1342 603 erat
1381 531 1586 605 locus
1609 532 1957 619 silvosus,
1978 535 2143 610 ideo
2168 533 2496 631 explica-

246 676 326 726 re
384 653 621 727 aciem
691 653 1123 748 nequibant,
1205 655 1339 728 sed
1395 666 1611 752 prout
1679 657 1987 753 quisque
2047 659 2503 749 constiterat,

245 779 737 871 resistebant3
814 783 1057 851 tamen
1114 801 1350 875 neque
1395 780 1469 854 id
1525 779 1884 878 praelium
1944 783 2100 856 fuit.
2142 783 2502 874 Bebecus‚

247 906 649 1003 Magochy,
673 902 1085 997 Sarkeozy,
1128 911 1202 978 et
1236 928 1427 1003 pene
1467 928 1721 981 omnes
1764 908 1984 1004 capti,
2039 908 2243 982 multi
2285 908 2487 983 caesi

241 1032 460 1128 pauci
501 1052 687 1128 quos
724 1030 1020 1105 fortuna
1058 1032 1408 1105 servavit.
1459 1031 1800 1108 Bebecus
1828 1041 1902 1108 et
1922 1031 2313 1131 Sarkeozy
2354 1034 2498 1132 By-

242 1158 571 1231 zantium
629 1155 894 1246 delati3
955 1156 1330 1253 Magochy
1391 1165 1553 1233 octo
1595 1159 1922 1235 millibus
1972 1181 2335 1235 nummum
2376 1183 2502 1233 au·

243 1307 452 1359 reum
510 1283 821 1358 redemit
877 1282 1318 1357 libertatem.
1415 1284 1564 1360 Per
1602 1285 1799 1361 idem
1837 1295 2124 1382 tempus
2166 1288 2497 1361 Thomas

241 1408 726 1483 Nadasdinus
745 1404 812 1503 ¹⁸⁸)
853 1403 1226 1505 palatinus
1287 1416 1548 1505 quarto
1606 1432 1841 1485 nonas
1914 1410 1966 1485 J
1970 1410 2122 1484 unii
2195 1419 2495 1486 mortem

236 1535 419 1609 obiit
439 1534 798 1632 pestifera
836 1533 1030 1624 tabe,
1055 1556 1245 1630 quae
1285 1535 1601 1611 triennio
1643 1545 2018 1632 grassata,
2058 1546 2287 1612 totam
2327 1563 2491 1635 pro-

232 1686 327 1758 pe
366 1662 743 1760 Europam
800 1671 1218 1759 pervagata
1257 1670 1391 1737 est.
1487 1664 1603 1736 Ex
1666 1664 1897 1738 nobili
1971 1664 2105 1738 sed
2142 1664 2492 1741 mediocri

230 1788 522 1864 familia
578 1796 805 1882 ortus,
864 1811 1141 1864 summo
1201 1788 1505 1884 fastigio
1564 1791 1757 1864 inter
1817 1790 1987 1866 odia
2052 1800 2360 1865 externa
2420 1799 2495 1866 et

230 1915 524 1990 interna
563 1915 963 2012 prudenter
1001 1937 1180 1990 usus
1221 1924 1374 2010 est3
1413 1939 1600 2014 pace
1622 1918 2031 2015 militiaque
2071 1925 2491 2015 praestans,

231 2042 475 2116 cultor
516 2043 869 2116 bonarum
924 2042 1359 2117 litterarum.
1416 2039 1796 2139 Siquidem
1837 2045 1912 2118 in
1953 2044 2179 2119 Italia
2218 2045 2339 2119 diu
2378 2045 2493 2119 lit·

227 2169 411 2243 teris
474 2191 773 2266 operam
815 2167 1141 2258 dederat,
1184 2191 1272 2240 ac
1327 2170 1625 2264 ingenio
1683 2168 2016 2262 callidus,
2079 2170 2491 2259 simulandi,

228 2304 300 2369 et
339 2295 857 2370 dissimulandi
890 2295 1115 2368 mirus
1136 2295 1437 2382 artifeX,
1481 2295 1574 2369 ad
1595 2292 2117 2393 acquirendam
2160 2297 2484 2392 aliquam

228 2422 668 2517 dignitatem
709 2422 1026 2495 animum
1069 2422 1163 2494 ab
1205 2421 1409 2494 initio
1463 2399 1793 2497 intendit.
1839 2421 2053 2513 Quod
2094 2424 2204 2496 sic
2243 2445 2324 2496 se
2363 2423 2488 2495 ha-

226 2550 388 2625 bet:
429 2549 486 2626 J
493 2572 611 2624 am
663 2549 741 2623 in
797 2572 1171 2624 numerum
1240 2550 1811 2625 secretariorum
1869 2550 2225 2625 Ludovici
2286 2550 2490 2646 regis

223 2677 629 2776 adoptatus
686 2684 866 2767 erat,
907 2698 1066 2751 cum
1125 2676 1546 2751 Ludovicus
1605 2701 1739 2753 rex
1792 2676 2003 2751 clade
2060 2677 2334 2751 misera
2372 2699 2489 2749 oc-

220 2802 499 2891 cubuit,
537 2801 706 2875 inde
745 2802 820 2874 in
857 2801 1213 2875 familiam
1252 2802 1304 2876 J
1311 2803 1623 2877 ohannis
1663 2804 2194 2878 Bornemizzae
2235 2826 2317 2876 se
2358 2802 2483 2875 ad—

219 2930 430 3005 dixit.
496 2930 573 3003 Is
630 2926 1115 3003 castellanum
1173 2929 1462 3021 Budae,
1541 2952 1732 3026 quae
1792 2930 2115 3027 dignitas
2169 2927 2486 3022 insignis
2540 3014 2544 3019 ῃ

218 3065 406 3145 erat,
450 3055 749 3149 agebat,
790 3056 1125 3129 omnibus
1163 3054 1561 3130 virtutibus
1603 3057 1959 3146 excultus,
2013 3064 2087 3129 et
2134 3053 2486 3128 Ludovici

217 3183 626 3275 nutricius3
683 3181 875 3255 idem
915 3205 1204 3278 quoque
1266 3204 1510 3256 comes
1551 3182 2044 3278 posoniensis.
2086 3182 2218 3255 sed
2256 3202 2485 3255 senex

213 3318 288 3384 et
347 3305 679 3383 afflictae
717 3306 1180 3396 valetudinis,
1237 3315 1409 3404 post
1466 3317 1772 3381 mortem
1826 3308 2030 3401 regis
2087 3329 2355 3402 gazam
2410 3305 2483 3376 in

214 3458 478 3510 arcem
515 3433 1034 3530 posoniensem
1074 3455 1208 3530 per
1267 3455 1500 3507 naves
1539 3433 1889 3506 Danubio
1928 3431 2482 3528 transportavit,

211 3584 458 3636 uxore
513 3560 755 3634 Maria
810 3559 1075 3654 regina
1130 3559 1410 3634 frustra
1461 3560 1555 3632 ab
1615 3581 1704 3632 eo
1744 3566 2060 3655 petente,
2102 3580 2296 3654 quae
2324 3559 2479 3649 jam

208 3686 436 3763 Buda
477 3683 875 3761 Posonium
913 3685 988 3757 in
1027 3684 1370 3782 oppidum
1411 3691 1871 3777 venerat3ac
1910 3685 2126 3782 paulo
2167 3690 2338 3782 post
2374 3702 2483 3756 re-

209 3815 397 3888 licta
501 3811 838 3887 custodia
916 3811 1111 3885 arcis
1209 3820 1427 3908 atque
1492 3834 1733 3905 gazae
1828 3811 2080 3906 regiae
2154 3809 2206 3884 J
2214 3808 2482 3884 ohanni

206 3942 466 4037 Zalay
523 3949 600 4012 et
656 3937 986 4015 Johanni
1026 3939 1379 4033 Ivanczy,
1443 3938 1645 4025 obiit,
1705 3937 1953 4011 addito
1996 3935 2360 4026 mandatO,
2400 3943 2482 4010 ut

205 4066 666 4155 successori,
710 4065 834 4160 qui
872 4063 1195 4159 legitime
1235 4063 1307 4139 in
1348 4086 1600 4158 regem
1642 4065 2063 4158 eligeretur,
2084 4084 2474 4136 conserva·

204 4202 494 4268 rentur.
556 4189 887 4277 Thomas
946 4211 1229 4263 omnem
1270 4190 1735 4264 occasionem
1776 4212 1983 4264 suam
2024 4187 2476 4263 commodum

437 4493 493 4561 ⁰)
536 4491 779 4548 Istvanfi
802 4492 1077 4564 jegyzete
1109 4511 1121 4545 ε
1151 4492 1454 4549 Palatinus
1485 4491 1761 4563 Nadasdy
1808 4492 2047 4546 moritur
2093 4492 2151 4544 in
2198 4486 2474 4559 Egervar,

198 4589 297 4642 2·a
327 4581 522 4637 Junii.
553 4582 708 4638 1562.

313 4717 534 4756 Kom-
569 4717 734 4753 BUUG.
769 4717 907 4751 ms'r.
942 4717 1140 4753 SCRIPT.
1176 4718 1288 4753 xvt.
2058 4674 2151 4749 16
