3293 5219
2421 293 2522 371 51

262 532 440 606 ergo
483 505 835 604 Augusti,
874 504 952 578 in
989 502 1154 601 ipso
1191 501 1380 582 lueis
1434 510 1619 597 ortu,
1696 503 1957 581 hostes
1996 506 2103 582 ita
2139 508 2523 608 improvisi

259 638 565 726 affuere,
588 642 669 709 ut
706 631 984 708 nostris
1023 628 1505 704 somnolentis
1528 626 1772 704 adhuc
1792 654 1881 705 ac
1916 631 2293 732 plerisque
2333 648 2522 720 stra-

259 762 354 834 tis
409 758 703 836 nullum
759 756 1080 855 spatium
1158 753 1497 828 dederint
1557 753 1656 829 ad
1691 754 2199 834 instruendum
2242 766 2522 841 exerci-

251 893 425 978 tum,
467 893 601 962 aut
638 884 872 959 aciem
911 878 1512 978 componendam,
1578 879 1714 953 sed
1793 881 2229 961 subitarium
2301 911 2516 985 prae-

252 1013 433 1088 lium
472 1036 617 1109 pro
658 1009 931 1086 castris
969 1029 1370 1102 capessere
1429 1012 1897 1101 cogerentur.
1977 1010 2317 1109 Namque
2359 1013 2514 1113 Aly

257 1143 496 1216 bassa
542 1136 1143 1234 expeditissimos
1181 1134 1676 1232 praemiserat
1715 1131 1813 1207 ad
1853 1134 2349 1215 distinendum
2387 1141 2515 1219 ho-

255 1278 489 1362 stem3
550 1266 718 1365 ipse
759 1288 920 1339 cum
961 1260 1294 1338 exercitu
1330 1260 1599 1359 raptim
1637 1261 2264 1357 subsequebatur.
2325 1264 2515 1345 Ger-

259 1396 457 1472 mani
518 1403 767 1470 tamen
839 1392 1177 1466 falcones
1254 1395 1331 1462 et
1368 1387 1815 1482 moschetas,
1872 1414 2061 1487 quae
2111 1403 2399 1493 septem
2440 1396 2516 1470 in

256 1523 693 1596 universum
767 1523 1000 1607 erant,
1079 1515 1156 1588 in
1205 1514 1570 1590 adversos
1625 1514 2169 1613 displodebant,
2213 1528 2289 1595 et
2364 1520 2517 1598 Un-

261 1647 430 1745 gari
452 1645 921 1744 praeliantes
940 1639 1250 1739 primori
1267 1639 1342 1713 in
1381 1639 1546 1714 acie
1567 1640 2081 1736 versabantur,
2121 1668 2215 1720 ex
2252 1647 2521 1744 quibus

253 1773 716 1848 Franciscus
756 1766 1119 1864 Desessffy
1155 1766 1580 1840 moschetae
1604 1760 1673 1864 *)
1727 1767 1886 1865 pila
1921 1768 2113 1845 ictus
2152 1772 2513 1849 occubuit.

254 1899 592 1974 Michael
631 1896 980 1992 Dombay
1019 1901 1093 1970 et
1153 1892 1605 1967 Franciscus
1664 1890 1955 1968 Sandor
2013 1898 2331 1987 eximiae
2369 1899 2514 1974 vir-

251 2028 432 2102 tutis
496 2034 577 2100 et
631 2023 852 2099 animi
908 2022 1156 2113 duces,
1211 2026 1292 2095 ut
1349 2041 1579 2118 supra
1616 2019 2017 2117 docuimus,
2074 2025 2296 2124 capti.
2358 2027 2520 2101 Nec

251 2163 502 2231 tamen
545 2151 820 2227 Turcis
856 2149 1092 2223 minor
1131 2146 1386 2222 clades
1423 2146 1676 2241 illata3
1717 2170 2034 2247 namque
2075 2175 2300 2250 super
2336 2151 2515 2228 mui-

251 2289 499 2357 torum
535 2285 838 2370 mortes,
911 2281 1070 2348 tres
1144 2272 1571 2348 moschetas
1609 2272 1764 2348 illis
1814 2275 2176 2373 eripuere.
2214 2280 2517 2354 Interea

254 2405 762 2504 quadraginta
798 2402 1043 2480 Italici
1081 2400 1178 2475 ad
1213 2400 1574 2498 praelium
1614 2402 1911 2495 longius
1950 2406 2338 2502 progressi
2376 2406 2514 2480 cir-

253 2532 843 2626 cumveniuntur,
900 2529 1024 2628 qui
1062 2528 1184 2603 diu
1244 2526 1674 2625 conglobati
1748 2527 1822 2602 in
1881 2530 2135 2605 orbem
2192 2533 2510 2608 fortissi-

249 2686 362 2736 me
419 2660 1000 2759 propugnabant
1065 2680 1156 2731 ac
1209 2678 1396 2732 voce
1451 2661 1528 2729 et
1583 2679 1803 2730 manu
1861 2658 2221 2735 auxilium
2257 2661 2515 2758 implo-

264 2791 584 2883 rabant3
614 2789 922 2884 jamque
960 2782 1188 2858 lassis
1229 2789 1303 2856 et
1342 2781 1812 2856 concessuris
1852 2783 1927 2856 in
1965 2784 2323 2880 praedam
2361 2785 2516 2862 Un-

258 2914 427 3012 gari
468 2919 883 3011 opportune
913 2908 1217 3002 affuere,
1254 2929 1658 3004 omnesque
1679 2907 2086 2985 incolumes
2125 2911 2510 2989 reduxere.

248 3045 336 3118 In
356 3064 449 3116 eo
472 3037 880 3114 certamine
899 3035 1124 3135 periit
1143 3040 1499 3131 quaestor
1519 3031 1900 3108 budensis.
1927 3035 2306 3135 Principia
2320 3038 2512 3113 haec

247 3167 449 3245 haud
468 3165 867 3242 infeliciter
891 3162 1333 3254 ceciderant,
1360 3184 1522 3236 cum
1557 3160 1926 3236 Matthias
1953 3163 2226 3240 Taiffel
2265 3185 2513 3242 serum

250 3294 643 3372 consilium
679 3290 1035 3368 redeundi
1073 3288 1295 3386 capit.
1318 3288 1408 3362 Id
1464 3289 1614 3363 tale
1653 3289 1810 3383 fuit,
1851 3297 1930 3364 ut
1967 3314 2229 3367 currus
2273 3291 2370 3367 ad
2406 3293 2512 3367 la-

248 3430 415 3498 tera
468 3443 612 3518 pro
650 3403 1117 3493 munimentis
1177 3421 1743 3512 opponerentur,
1801 3421 2173 3491 tormenta
2207 3440 2511 3514 praece-

249 3546 537 3636 derent,
612 3551 930 3644 postque
1002 3541 1292 3639 equites
1367 3564 1457 3616 ac
1530 3540 1822 3638 pedites
1899 3542 2258 3638 germani,
2339 3541 2511 3618 dein

253 3673 429 3749 Itali
490 3677 979 3769 sequerentur
1001 3726 1018 3759 ‚
1076 3665 1371 3765 Ungari
1418 3672 1877 3763 postremam
1934 3667 2169 3744 aciem
2208 3669 2505 3746 claude-

248 3805 436 3890 rent,
476 3819 570 3869 ac
606 3795 660 3871 J
664 3795 1098 3869 aurinenses
1138 3797 1352 3868 extra
1391 3791 1722 3867 ordinem
1758 3800 2138 3891 tamquam
2173 3817 2309 3892 pro
2349 3817 2508 3871 eor-

250 3925 471 3999 nibus
520 3922 1091 3998 collocarentur.
1130 3919 1337 3993 Inter
1383 3940 1574 4015 quae
1611 3915 1766 4015 Aly
1805 3919 2039 3994 bassa
2075 3920 2314 3995 medio
2354 3920 2514 3997 diei

249 4047 720 4149 supervenit:
787 4045 1170 4121 duodecim
1227 4041 1464 4117 millia
1501 4051 1974 4138 armatorum,
2031 4051 2107 4118 et
2164 4052 2512 4141 quatuor·

247 4177 486 4253 decim
504 4182 875 4250 tormenta
893 4172 1244 4255 habebat,
1267 4171 1828 4269 compositoque
1869 4195 1955 4247 ac
1989 4172 2351 4248 instructo
2382 4197 2512 4270 ag-

249 4307 441 4380 mine
481 4301 762 4381 nostris
799 4300 1192 4400 imparatis
1239 4296 1582 4390 occurrit,
1625 4305 1701 4372 et
1737 4296 2126 4375 tormentis
2166 4300 2512 4396 utrinque

464 4585 530 4653 ⁴⁵)
567 4583 815 4644 Intvsnfi
832 4582 1109 4655 jegyzete
1137 4603 1150 4638 t
1181 4584 1298 4640 Imo
1323 4581 1666 4639 falconetae.

1046 4674 1050 4678 .
2094 4672 2191 4746 4*
