3293 5219
2374 292 2528 370 547

262 500 648 592 redderet3
691 500 1031 575 similiter
1069 503 1233 599 ipse
1274 524 1565 599 quoque
1589 504 1740 579 alia
1780 505 2142 600 quaedam
2179 507 2327 582 tria
2362 508 2532 584 loca

262 626 504 700 eidem
545 627 852 702 daturus
889 634 1131 717 esset,
1189 636 1264 703 et
1301 650 1444 725 quo
1502 652 1654 725 pax
1690 628 1983 704 firmior
2033 631 2224 706 inter
2260 639 2527 707 utrum-

261 773 412 849 que
448 753 674 829 filium
713 776 1148 851 permanere
1202 761 1483 852 posset,
1542 751 1898 830 Selimum
1949 758 2301 831 remotius
2341 781 2388 832 a
2425 777 2529 847 se,

263 877 612 953 videlicet
676 877 979 970 Budam,
1019 877 1360 954 mitteret.
1417 878 1906 977 Responsum
1965 881 2107 956 hoc
2161 880 2527 956 cubicula-

263 1005 422 1081 rius
462 1002 757 1102 quidam
796 1004 1304 1101 Imperatoris,
1371 1005 1496 1103 qui
1536 1028 1698 1080 cum
1761 1002 2084 1082 Oratore
2122 1013 2320 1093 erat,
2380 1006 2527 1082 Do-

258 1132 458 1205 mino
497 1152 632 1206 suo
669 1129 945 1204 retulit.
984 1130 1177 1207 Nam
1237 1125 1514 1206 Orator
1578 1130 1706 1205 ille
1746 1132 2084 1227 graviter
2139 1133 2523 1207 decumbe-

259 1258 416 1345 bat,
455 1279 543 1331 ac
581 1255 1150 1351 diligentissime
1208 1256 1617 1332 custoditur
1658 1259 1754 1332 ab
1799 1259 2115 1333 omnium
2156 1257 2519 1333 hominum

256 1404 596 1473 accessu,
668 1382 1196 1478 literarumque
1251 1383 1678 1481 receptione
1720 1411 1736 1455 :
1802 1383 2213 1458 familiares
2265 1406 2517 1460 omnes

254 1509 360 1582 ab
400 1507 714 1583 invicem
762 1505 1041 1604 singuli
1097 1517 1268 1583 sunt
1325 1509 1679 1606 separati.
1737 1511 2154 1607 Imperator
2194 1511 2288 1586 ob
2328 1509 2520 1584 hanc

254 1633 708 1729 legationem
746 1632 1003 1707 mirum
1059 1632 1138 1706 in
1175 1633 1468 1709 modum
1507 1635 2013 1725 conturbatus,
2074 1642 2151 1709 et
2188 1641 2516 1711 moestus

254 1782 431 1835 esse
453 1759 740 1835 dicitur.
764 1758 1216 1835 Existimant
1236 1759 1456 1836 etiam
1496 1760 1727 1857 aliqui
1755 1782 1919 1834 eum
1943 1758 2325 1835 Amasiam
2344 1782 2512 1859 pro·

249 1887 425 1984 pius
461 1882 798 1960 Persiam
838 1906 1126 1978 versus,
1203 1892 1442 1961 metus
1493 1886 1808 1960 alicuius
1846 1886 2247 1962 incutiendi
2284 1907 2515 1961 causa

251 2010 802 2110 profecturum3
841 2008 1362 2107 prudentiores
1419 2018 1667 2086 tamen
1721 2010 1798 2085 id
1857 2010 2147 2085 minime
2188 2012 2509 2086 Turcam

248 2137 404 2212 iam
441 2137 692 2213 facere
749 2157 975 2233 posse
1049 2134 1398 2211 iudicant.
1445 2179 1530 2189 —
1583 2133 1878 2212 Classis
1953 2136 2275 2213 Turcica
2323 2134 2510 2212 Con-

251 2261 742 2360 stantinopoli
782 2262 1133 2354 soluerat,
1175 2263 1310 2337 sed
1339 2260 1741 2356 intellecto,
1783 2263 1979 2358 quod
2017 2262 2318 2337 Moscus
2357 2287 2505 2337 ma-

249 2389 529 2466 ximam
585 2387 873 2464 cladem
949 2388 1299 2463 Tartaris
1355 2387 1769 2479 intulisset,
1841 2394 2275 2485 partemque
2345 2388 2505 2462 eius

246 2513 498 2612 Regni
555 2520 1016 2612 occupasset,
1057 2512 1379 2588 classem
1431 2512 1783 2588 Tartaris
1840 2513 2042 2588 ferre
2099 2511 2506 2589 subsidium

240 2639 509 2732 iussit,
585 2662 676 2716 ac
727 2638 997 2714 inillis
1056 2639 1211 2716 oris
1268 2639 1659 2715 maritimis
1716 2648 2008 2714 moneta
2045 2638 2328 2714 usualis
2362 2661 2496 2735 per

242 2787 521 2842 aureos
560 2763 659 2839 ad
696 2763 1126 2840 soluendam
1183 2766 1504 2840 classem
1559 2764 2140 2862 permutabatur.
2198 2764 2500 2839 Moscus

242 2890 348 2967 ad
387 2889 670 2986 Regem
724 2888 1083 2966 Poloniae
1161 2886 1559 2966 Oratorem
1618 2913 1754 2990 pro
1810 2913 2036 2988 pace,
2094 2899 2176 2965 ut
2212 2889 2500 2984 dicitur,

241 3017 468 3111 misit,
508 3040 950 3115 quamquam
992 3017 1312 3093 nondum
1333 3017 1430 3091 ad
1452 3016 1740 3113 Regem
1776 3024 2241 3115 pervenerat.
2284 3017 2505 3092 Nova

238 3149 435 3224 haec
471 3165 607 3242 pro
646 3140 1214 3219 Christianitate
1256 3142 1593 3218 videntur
1630 3142 1866 3232 bona,
1946 3165 2105 3218 cum
2155 3142 2364 3216 Deus
2404 3139 2499 3216 O.

238 3275 348 3350 M.
390 3293 530 3370 pro
567 3266 786 3345 nobis
841 3291 1179 3368 pugnare
1236 3268 1617 3360 videatur,
1678 3267 2069 3346 occasione
2124 3267 2340 3343 nobis
2395 3267 2499 3340 in-

237 3399 459 3477 terim
515 3395 769 3474 nescio
827 3418 971 3493 quo
1028 3404 1248 3496 pacto
1309 3396 1804 3472 abutentibus.
1881 3398 1968 3471 In
2024 3393 2308 3491 reliquo
2359 3401 2497 3470 etc.

240 3527 494 3602 Datae
529 3521 870 3599 Viennae
907 3521 1050 3596 XI.
1087 3520 1284 3597 Iulii.
1328 3521 1694 3597 MDLXI.

458 3664 910 3766 Spectabilis
967 3673 1043 3742 et
1077 3664 1528 3763 Magnificae
1578 3660 2129 3740 Dominationis
2169 3660 2493 3740 Vestrae

1495 3821 1885 3877 deditissimus
1912 3793 2173 3875 Sei-vitor-

1389 3912 1685 3968 Frsnci
1711 3927 1897 3967 scus
1937 3906 2346 3979 For-gaioli,

1470 4003 1794 4074 Episcopus
1822 3997 2237 4055 waradiensis.

453 4136 529 4215 S.
570 4134 959 4215 Caesarea
994 4137 1360 4213 Maiestas
1396 4136 1495 4213 ad
1537 4137 1658 4210 28.
1703 4140 1846 4211 oct.
1896 4139 2013 4208 est
2050 4130 2347 4226 Pragae
2382 4128 2490 4204 fu-

239 4277 430 4360 tura,
471 4263 569 4342 ad
606 4287 827 4362 quam
867 4263 1059 4340 diem
1079 4259 1401 4340 Comitia
1439 4259 1844 4338 Bohemica
1877 4267 2048 4334 sunt
2082 4255 2380 4332 indicta.

233 4423 531 4497 (Brodetic
577 4419 855 4478 Coi-nidos
906 4417 1216 4477 Danielndl
1261 4420 1419 4483 volt,
1470 4419 1531 4476 ki
1556 4417 1699 4474 utain
1751 4417 1892 4473 adta
1936 4413 2045 4469 Ηο
2071 4410 2309 4485 τάιιγί
2348 4405 2485 4463 For·

583 4509 734 4583 gach
761 4488 1061 4579 matthan,
1091 4507 1152 4565 ὁ,
1194 4508 1240 4563 Ρ
1262 4529 1289 4564 r
1313 4526 1350 4565 ι
1368 4525 1409 4579 5
1434 4509 1581 4581 npp.
1609 4507 1771 4564 proc.
1799 4504 1900 4561 111.
1927 4505 2013 4561 50.
2040 4505 2144 4569 az.)
