3293 5219
813 292 975 369 226·

809 531 1003 605 quos
1041 518 1320 607 posset,
1361 514 1747 601 evocaret3
1808 502 2275 600 ediceretque
2334 499 2651 602 publice,
2692 504 2817 603 qui
2857 502 2957 580 ad
2993 530 3072 581 se

812 638 1115 727 veniret,
1157 635 1475 732 gratiam
1514 655 1598 706 se
1637 632 1707 705 ei
1764 632 2150 724 facturum,
2210 629 2614 727 eodemque
2657 633 2822 705 loco
2865 631 3071 706 habi-

803 777 1063 855 turum,
1104 786 1245 860 quo
1288 761 1484 859 apud
1524 759 2030 833 Alexandrum
2068 759 2403 853 fuerant3
2443 757 2567 854 qui
2609 781 2832 833 secus
2875 760 3069 833 face-

804 900 988 981 rent,
1028 892 1104 965 in
1142 911 1443 964 numero
1484 911 1567 962 se
1603 888 1929 961 hostium
1965 885 2430 980 habiturum,
2473 909 2612 959 uec
2650 885 3068 971 timendum,

804 1040 1245 1116 quamquam
1283 1015 1431 1113 ipsi
1470 1016 1706 1109 pauci,
1747 1013 2065 1088 Valachi
2125 1020 2367 1086 autem
2427 1014 2632 1089 multi
2671 1020 2933 1088 essent
2969 1012 3072 1085 fu-

802 1145 989 1240 turi,
1031 1166 1199 1218 nam
1259 1166 1341 1216 se
1380 1142 1486 1216 ita
1541 1141 1787 1238 capita
1861 1148 1934 1213 et
1989 1139 2430 1237 praecipuos
2489 1163 2822 1237 quosque
2883 1139 3070 1213 inter

809 1273 1157 1366 Ungaros
1219 1270 1641 1361 divisurum,
1700 1275 1779 1342 ut
1815 1267 2091 1341 nullam
2143 1267 2580 1341 seditionem
2637 1265 3070 1341 fraudemve

804 1422 1109 1473 movere
1148 1397 1458 1496 possint.
1502 1398 1617 1470 Ita
1659 1395 1870 1469 brevi
1911 1394 2102 1469 XVI
2143 1393 2376 1466 millia
2414 1390 2781 1467 hominum
2841 1392 2920 1465 in
2959 1416 3071 1465 ca-

805 1533 964 1597 stra
1019 1522 1423 1597 contrahit.
1519 1522 1784 1618 quibus
1841 1520 2178 1596 Jacobus
2219 1519 2316 1594 ad
2354 1517 2883 1594 conficiendum
2922 1518 3047 1592 bel

802 1651 949 1723 lum
1008 1648 1391 1743 profectus
1453 1655 1588 1721 est.
1671 1646 2107 1719 Alexander
2148 1669 2343 1723 ‚vero
2420 1646 2776 1721 XXVIII
2838 1644 3074 1719 millia

790 1776 945 1869 jam
983 1774 1458 1871 undecunque
1498 1775 2068 1871 conscripserat,
2112 1797 2218 1847 ex,
2246 1773 2459 1869 queis
2500 1772 2570 1848 V
2609 1770 2846 1846 millia
2887 1771 3076 1845 Tur-

796 1922 1046 1972 carum
1102 1910 1178 1975 et
1232 1900 1569 1997 plerique
1623 1899 1971 1994 janiciari
2031 1906 2265 1973 erant.
2338 1895 2612 1973 Castra
2670 1905 2922 1973 autem
2983 1897 3074 1970 ad

800 2023 1068 2099 flumen
1106 2024 1311 2100 Prud
1366 2024 1714 2118 habebat,
1758 2050 1972 2123 quem
2030 2034 2254 2123 ponte
2297 2028 2783 2121 conjunxerat
2840 2047 3073 2121 penes

804 2153 1150 2249 oppidum
1210 2154 1452 2247 Hfuzt3
1530 2154 1664 2228 sed
1724 2178 1926 2241 eum,
1984 2153 2111 2228 ubi
2169 2153 2446 2230 Jacobi
2495 2153 2905 2228 exercitum
2980 2150 3074 2222 ad

802 2287 1100 2375 pontem
1137 2280 1488 2353 festinato
1530 2279 1784 2353 venire
1844 2279 2151 2371 videret,
2219 2279 2730 2375 disjiciendum
2770 2277 3072 2353 manda-

810 2403 934 2478 vit.
979 2406 1168 2480 Erat
1209 2403 1394 2477 villa
1434 2405 1722 2479 modica
1762 2405 1857 2479 ad
1894 2413 2213 2503 pontem,
2235 2405 2360 2479 ubi
2394 2414 2644 2480 castra
2680 2413 3074 2502 ponuntur.

808 2528 1176 2602 Antonius
1235 2537 1622 2620 tormenta,
1685 2552 1873 2626 quae
1933 2528 2073 2604 duo
2134 2536 2208 2602 et
2242 2528 2555 2627 triginta
2611 2554 2708 2603 ex
2765 2528 3072 2603 Zuchva

808 2656 1127 2730 adducta
1167 2665 1399 2748 erant,
1425 2658 1617 2731 inter
1656 2658 2028 2732 domorum
2068 2657 2468 2730 intervalla
2502 2657 2844 2749 collocat,
2886 2657 3068 2730 sclo-

804 2782 1134 2882 petarios
1193 2784 1453 2857 subtus
1511 2785 1750 2881 ripam
1807 2782 2126 2858 fluminis
2183 2782 2594 2872 abscondit,
2655 2782 2925 2872 edicto,
2979 2802 3066 2853 ne

810 2911 1103 3005 injussu
1132 2930 1263 2983 suo
1292 2909 1518 2982 ullum
1557 2917 1996 2984 tormentum
2043 2911 2159 2983 vel
2188 2911 2601 3007 sclopetum
2640 2907 3067 3006 displodant

806 3034 1125 3108 Moczok
1173 3058 1266 3109 ex
1306 3036 1542 3108 altera
1578 3044 1795 3133 parte
1835 3034 2151 3110 fluminis
2211 3060 2372 3110 cum
2413 3035 2702 3109 duobus
2741 3035 3063 3109 millibus

806 3160 1126 3256 equitum
1168 3183 1300 3259 pro
1347 3162 1701 3235 custodiis
1727 3168 1955 3250 stans,
1991 3163 2086 3236 ab
2127 3162 2449 3235 Antonio
2490 3162 2585 3235 ad
2623 3161 3062 3260 colloquium

804 3286 1174 3375 invitatus,
1236 3285 1678 3384 interposita
1736 3287 1878 3361 fide
1939 3286 2014 3358 iu
2068 3287 2256 3383 ipsis
2313 3287 2496 3384 ripis
2554 3311 2768 3361 amne
2827 3289 3058 3363 medio

803 3435 1041 3509 pauca
1092 3413 1639 3509 colloquuntur3
1701 3414 1794 3487 ab
1834 3412 1928 3486 iis
1971 3414 2263 3487 Turcac
2304 3414 2743 3510 percontati,
2787 3439 2886 3489 an
2925 3423 3057 3489 tor-

800 3546 1048 3612 menta
1084 3538 1353 3613 Jacobi
1394 3537 1775 3630 vidissent,
1836 3561 1919 3613 se
1959 3540 2232 3613 nullum
2291 3538 2572 3613 vidisse
2610 3542 3054 3637 responden-

797 3673 936 3757 tes,
977 3665 1072 3737 ad
1110 3664 1343 3762 ripam
1383 3664 1751 3738 turmatim
1810 3665 2187 3758 accedunt,
2227 3665 2304 3738 in
2343 3689 2528 3762 quos
2570 3666 2791 3739 simul
2837 3669 3053 3741 omni-

797 3792 939 3866 bus
1000 3790 1383 3864 tormentis
1441 3814 1529 3864 ac
1588 3791 1943 3889 sclopetis
2002 3793 2320 3884 emissis,
2379 3793 2680 3891 plurimi
2739 3795 3052 3869 maximo

798 3915 1209 3992 Alexandri
1266 3917 1519 3991 dolore
1579 3917 1795 3991 simul
1853 3928 1926 3992 et
1974 3920 2233 3992 timore
2291 3920 2647 3993 cecidere.
2687 3918 3053 3995 Antonius

794 4067 1074 4119 summo
1151 4043 1393 4120 studio
1468 4051 1765 4141 pontem
1838 4069 2190 4141 reparare
2267 4046 2784 4138 accelerabat,
2867 4047 3055 4144 quod

795 4171 1341 4269 transalpinum
1417 4194 1705 4268 quoquc
1761 4173 2156 4267 vajvodam
2232 4173 2308 4247 in
2383 4172 2734 4248 auxilium
2810 4174 3054 4248 venire

792 4297 1224 4372 Alexandro
1263 4299 1752 4394 intelligebat.
1792 4300 2002 4374 Vasa
2037 4301 2347 4375 vinacea
2382 4301 2704 4397 undique
2744 4299 3048 4398 conqui—

792 4422 938 4497 sita
992 4424 1245 4498 ordine
1306 4427 1965 4522 componebantm·,
2021 4426 2191 4502 inde
2252 4436 2495 4504 crates
2574 4436 2648 4501 ct
2724 4429 3048 4525 desuper

791 4556 1204 4624 stramenta
1256 4549 1797 4646 injiciebantur.
1855 4548 2038 4627 Cum
2092 4576 2272 4649 ergo
2330 4552 2423 4627 ad
2497 4553 2791 4628 tertium
2855 4555 3050 4630 diem
