3293 5219
725 340 880 416 296

727 563 1151 632 cumtenens
1190 571 1327 647 per
1364 542 1782 639 Ungariam
1820 536 2034 633 sequi
2070 540 2349 633 posset.
2378 529 2662 606 Eodem
2699 533 2971 619 tempo·

724 708 807 758 re
866 678 1118 754 Zrinio
1193 672 1741 772 praefecturam
1798 661 2355 759 zighetiensem,
2429 656 2626 753 quod
2689 660 2973 748 tempus

727 806 958 883 officii
994 802 1379 899 exivisset,
1418 795 1638 870 simul
1698 788 2225 867 tavernicalem
2265 809 2356 859 ac
2388 780 2845 858 senatoriam
2882 776 2978 849 di-

728 935 1086 1033 gnitatem
1124 950 1261 1026 per
1318 922 1626 999 nuncios
1704 917 2158 1011 resignante,
2194 934 2340 988 non
2395 907 2698 997 audivit,
2755 907 2981 1000 rejec-

725 1062 822 1136 tis
860 1057 1205 1158 precibus
1244 1054 1320 1126 in
1358 1048 1774 1149 proximum
1793 1042 2131 1136 reditum;
2170 1037 2345 1136 quin
2376 1034 2598 1110 etiam
2618 1034 2695 1106 in
2731 1037 2988 1105 senatu

728 1183 1109 1263 acerrimis
1167 1178 1421 1253 verbis
1478 1176 1874 1267 increpans
1934 1177 2007 1244 et
2063 1164 2374 1262 adjectis
2428 1161 2644 1235 minis
2681 1159 2990 1232 insecta-

722 1322 841 1388 tus
882 1318 1017 1385 est.
1095 1306 1478 1380 Petiverat
1554 1308 1726 1373 ante
1761 1297 2050 1372 domum
2105 1295 2179 1367 in
2255 1290 2523 1388 oppido
2603 1283 2988 1381 sigetiensi

724 1461 859 1536 per
914 1459 997 1509 se
1054 1438 1410 1508 structam
1465 1424 1882 1516 nobilitari3
1924 1426 2190 1519 postea
2245 1423 2505 1491 vetera
2570 1411 2826 1488 debita
2867 1408 2989 1483 sti-

722 1562 1137 1663 pendiaque
1195 1555 1520 1647 exsolvi3
1563 1552 1773 1649 queis
1835 1544 2242 1641 denegatis,
2302 1542 2517 1616 simul
2554 1535 2994 1634 magnitudi-

722 1690 838 1764 nis
873 1676 1370 1785 impensarum
1389 1688 1805 1779 pertaesus,
1847 1671 2323 1750 domesticam
2360 1692 2449 1743 ac
2485 1668 2856 1766 privatam
2892 1665 2997 1739 vi-

721 1824 872 1891 tam
963 1812 1475 1888 meditabatur.
1552 1804 2041 1902 Praepositus
2119 1796 2646 1897 scepusiensis‘
2693 1793 2993 1868 Lizcam

728 1941 1074 2039 oppidum
1094 1936 1503 2036 repetebat,
1546 1932 1742 2029 quod
1764 1927 1945 2004 belli
1985 1929 2209 2002 etiam
2231 1921 2710 2021 temporibus,
2751 1943 3000 2016 quam-

731 2090 948 2163 quam
985 2089 1130 2140 non
1203 2064 1563 2157 integros,
1658 2059 1944 2133 fructus
2018 2062 2270 2128 tamen
2325 2048 2805 2148 percepisset.
2862 2047 2998 2119 Le-

726 2189 1072 2267 leziensis
1148 2185 1624 2285 praepositus
1681 2181 2144 2278 Augustinus
2198 2175 2648 2257 Bollusicius
2715 2176 2995 2270 ejectus

728 2323 803 2391 et
856 2314 1203 2389 exclusus
1258 2309 1803 2409 praepositura,
1861 2306 1976 2380 vir
2050 2326 2194 2377 non
2248 2301 2608 2392 indoctus,
2660 2305 2735 2373 et
2792 2298 2999 2372 senio

725 2442 1062 2531 affectus,
1135 2436 1414 2513 nullum
1490 2437 1583 2509 ob
1642 2436 1937 2525 crimen,
2013 2430 2149 2506 sed
2218 2430 2557 2503 ubertate
2630 2447 3000 2521 agrorum,

727 2567 1246 2642 clientelarum
1306 2571 1380 2639 et
1436 2586 1655 2662 opum
1711 2558 2238 2656 magnitudine,
2296 2578 2385 2630 ac
2441 2554 2991 2651 opportunitate

729 2693 1048 2767 munitae
1089 2692 1286 2768 arcis
1324 2697 1801 2780 monstratus,
1843 2695 1917 2761 et
1955 2685 2270 2783 pecunia
2305 2706 2441 2780 per
2490 2679 2996 2778 captivitatem

730 2820 800 2892 vi
859 2826 1169 2910 extorta,
1248 2818 1565 2914 supplex
1621 2825 1696 2890 et
1750 2814 2175 2900 lacrimans,
2253 2809 2412 2882 sine
2487 2805 3001 2880 misericordia

728 2943 1083 3042 principis
1122 2925 1403 3016 frustra
1444 2940 1696 3014 divina
1735 2936 2199 3032 humanaque
2236 2931 2681 3031 imploravit,
2721 2939 2801 3005 et
2823 2952 2993 3004 mox

729 3091 1011 3164 angore
1088 3066 1318 3142 vitam
1391 3065 1650 3140 finivit.
1728 3062 1882 3137 Alii
1954 3059 2398 3161 patrimonia
2472 3057 2998 3156 reposcebant,

731 3218 919 3292 quae
977 3193 1422 3292 expugnatis
1461 3215 1697 3289 nuper
1754 3190 2052 3265 arcibus
2113 3193 2558 3282 recuperata
2597 3192 2852 3278 erant;
2891 3184 2997 3257 in·

724 3330 838 3398 ter
861 3320 1049 3396 alios
1090 3320 1542 3395 Franciscus
1567 3315 1872 3392 Teorek
1914 3313 2835 3408 Debreceniumtanquam
2874 3334 3001 3407 pa-

731 3447 1147 3521 trimonium
1188 3453 1264 3520 et
1319 3467 1608 3542 semper
1630 3456 2085 3540 possessum,
2152 3437 2288 3513 sed
2323 3436 2538 3510 modo
2593 3458 2730 3534 per
2770 3432 3005 3510 Sven-

726 3573 923 3648 dium
961 3578 1417 3669 occupatum.
1459 3569 1825 3644 Omnibus
1864 3565 2058 3642 idem
2096 3586 2557 3660 responsum,
2604 3564 2778 3658 jure
2819 3545 3004 3637 belli

725 3705 989 3797 capta;
1030 3697 1359 3796 perinde,
1401 3719 1490 3770 ac
1527 3696 1595 3770 si
1633 3703 1893 3770 contra
1931 3695 2155 3784 cives,
2215 3700 2289 3767 et
2343 3713 2489 3764 non
2533 3711 2670 3786 pro
2710 3688 3004 3762 civibus

726 3825 1002 3899 bellum
1044 3830 1334 3920 gestum
1353 3824 1566 3897 foret.
1606 3823 1708 3895 Et
1747 3842 2190 3918 quamquam
2209 3818 2478 3892 virtute
2519 3814 3008 3910 Ungarorum

725 3951 1090 4048 impensis
1130 3949 1286 4024 suis
1362 3948 1828 4023 militantium
1867 3955 2127 4021 cuncta
2165 3947 2362 4027 bona
2388 3950 2690 4042 patrata
2730 3953 3006 4017 essent:

724 4075 889 4173 pari
912 4077 1074 4149 loco
1096 4076 1381 4150 amicos
1405 4083 1476 4148 et
1496 4075 1855 4166 inimicos,
1882 4074 2083 4147 cives
2106 4080 2180 4147 et
2199 4072 2454 4146 hostes
2473 4068 2786 4143 habens.
2810 4067 3012 4143 Ante

728 4201 1146 4277 discessum
1168 4201 1244 4275 in
1265 4193 1928 4298 Ungariaf'quoque
1952 4197 2247 4273 comitia
2266 4192 2523 4269 indicit
2561 4193 2639 4266 in
2675 4215 3010 4268 mensem

726 4327 1234 4418 Februarium,
1333 4326 1543 4426 queis
1639 4323 1990 4400 Carolum
2066 4325 2372 4397 fratrem
2435 4320 2797 4415 praeficit.
2860 4316 3010 4393 Sed

721 4459 1114 4549 postquam
1137 4451 1425 4550 dilapso
1446 4461 1797 4551 tempore,
1822 4450 2276 4526 comitiorum
2318 4447 2478 4521 dies
2515 4446 2999 4524 adventabat,

724 4574 935 4651 XVI.
959 4574 1264 4651 Galend.
1302 4578 1710 4653 ‚Ianuarias
1732 4576 2146 4672 Augustam
2189 4571 2548 4667 decessit,
2587 4595 2833 4670 neque
2871 4572 2995 4647 ad-
