3293 5219
2337 330 2493 409 451

234 564 420 639 ergo
458 565 544 617 se
601 540 858 618 eadem
918 540 1186 618 fiducia
1217 550 1291 617 et
1329 565 1464 639 spe
1503 541 1600 617 ad
1639 543 2249 641 Maximilianum,
2307 554 2386 621 ut
2425 549 2493 623 si

234 670 333 743 ab
391 667 762 761 Johanne,
835 692 1049 765 quem
1106 668 1371 743 dubiae
1429 668 1875 743 valetudinis
1932 681 2210 764 nosset,
2269 671 2493 770 impe-

233 794 424 868 rium
462 794 804 870 obtinere
842 818 990 869 non
1046 803 1323 891 posset,
1382 803 1628 869 tamen
1669 818 2025 870 summum
2062 799 2300 873 locum
2336 798 2492 872 adi-

231 920 678 1017 pisceretur.
719 922 840 995 Ita
876 921 973 994 ad
1010 920 1417 1014 parandam
1455 921 1861 1018 potentiam
1898 921 2082 996 nihil
2117 923 2332 1019 pensi
2369 923 2496 998 ha-

231 1043 486 1122 hebat.
528 1047 823 1122 Nemini
860 1069 1041 1144 ergo
1082 1056 1246 1123 erat
1282 1047 1600 1140 dubium,
1640 1047 2256 1145 quidmoliretur,
2280 1057 2352 1124 et
2390 1052 2491 1126 le-

234 1171 444 1268 gatio
482 1194 628 1269 qua
666 1172 742 1245 in
780 1194 865 1246 re
903 1179 1122 1246 esset.

449 1297 700 1393 Vulgo
758 1297 979 1371 etiam
1055 1297 1145 1371 de
1220 1298 1500 1371 amissa
1552 1299 1820 1390 classe,
1889 1322 2079 1395 quae
2156 1298 2485 1400 Cyprum

237 1423 744 1521 oppugnabat,
786 1430 1009 1519 atque
1050 1423 1501 1498 exercitibus
1560 1423 1858 1499 amissis
1916 1447 2164 1500 rumor
2201 1427 2489 1503 fereba-

233 1557 391 1642 tur;
433 1550 532 1623 ad
586 1548 774 1624 haec
831 1547 1416 1625 Maximilianum
1483 1551 1888 1624 exercitum
1939 1550 2015 1623 in
2072 1549 2486 1648 Ungariam

229 1675 646 1748 missurum.
722 1673 932 1765 Quae
990 1699 1262 1783 caus-ae
1319 1674 1735 1750 hominibus
1766 1675 2052 1770 ignaris
2093 1684 2166 1751 et
2205 1677 2491 1775 cupidis

229 1823 592 1876 novarum
630 1825 874 1877 rerum
927 1803 1393 1877 occasionem
1448 1801 1970 1897 praebuerunt.
2025 1802 2146 1875 Ex
2219 1803 2491 1900 plebea

229 1927 647 2003 conditione
705 1928 1003 2024 quidam
1043 1928 1290 2002 audax
1328 1934 1403 2001 et
1440 1926 1755 2001 callidus
1793 1951 1886 2001 ex
1928 1929 2198 2026 oppido
2218 1927 2488 2005 Rivulo

229 2053 682 2128 Minerarum
722 2054 1050 2151 (nigrum
1074 2048 1508 2149 hominem*)
1530 2054 1939 2144 vocabant)
1976 2056 2287 2153 primum
2323 2080 2489 2154 per-

227 2201 493 2254 sonam
568 2179 714 2253 sibi
788 2180 1001 2255 finxit
1054 2178 1372 2255 hominis
1450 2178 1698 2252 divino
1758 2178 2023 2276 spiritu
2077 2179 2489 2274 illuminati,

225 2306 302 2379 id
357 2306 731 2402 gravitate
770 2308 1108 2404 quadam,
1151 2305 1576 2380 secessibus
1615 2305 1954 2403 privatis,
2010 2313 2086 2379 et
2123 2308 2480 2382 sermoni-

225 2433 367 2507 bus
407 2433 908 2508 accomodatis
949 2433 1321 2530 aliquibus
1360 2430 1797 2530 persuadet,
1853 2436 1928 2504 et
1983 2429 2299 2525 primum
2359 2432 2489 2507 Ni-

228 2562 440 2639 colao
479 2560 819 2659 Bathory
858 2561 1179 2661 partium
1219 2560 1826 2658 germanicarum,
1866 2555 1936 2631 ei
1975 2556 2098 2653 qui
2128 2557 2489 2634 Echetum

230 2687 535 2780 obtinet,
572 2689 848 2764 homini
883 2690 1179 2781 illustri,
1255 2696 1577 2763 ceterum
1616 2686 1914 2782 ignavo,
1972 2691 2048 2758 et
2084 2709 2177 2759 ex
2216 2684 2489 2761 vicino-

229 2836 388 2887 rum
428 2814 885 2911 aliorumque
922 2813 1400 2891 incommodis
1441 2812 1585 2887 sibi
1641 2810 2021 2885 commoda
2080 2811 2487 2906 quaerenti.

232 2937 517 3014 Partim
557 2964 739 3038 ergo
780 2942 1069 3015 vilitate
1105 2939 1386 3037 ingenii
1423 2939 1805 3037 praeditus
1846 2937 1984 3032 hic,
2064 2937 2335 3035 partim
2374 2959 2492 3011 cu-

228 3065 447 3162 pidus
486 3068 796 3165 alicujus
834 3067 1057 3159 lucri,
1137 3066 1502 3140 hominem
1578 3063 1927 3160 impellit,
1987 3055 2091 3137 et'
2122 3063 2496 3138 licentiam

237 3193 575 3268 attribuit
622 3194 697 3268 in
738 3196 1006 3291 vulgus
1047 3191 1475 3290 prodeundi.
1518 3189 1676 3265 Ubi
1713 3188 1935 3263 facile
1990 3196 2064 3263 et
2121 3189 2346 3264 duces
2385 3189 2492 3263 in-

238 3320 440 3395 venit
515 3329 588 3396 et
663 3321 1012 3408 comites3
1070 3336 1144 3394 et
1216 3320 1412 3392 fama
1479 3339 1622 3413 quo
1691 3314 1988 3410 longius
2045 3314 2490 3411 perveniret,

237 3468 323 3520 eo
401 3447 645 3541 magis
722 3470 1082 3540 crescere,
1158 3453 1234 3520 et
1306 3443 1638 3519 homines
1717 3461 2193 3514 concurrere:
2250 3437 2488 3535 primo

231 3573 453 3669 pauci
511 3582 584 3648 et
620 3574 959 3670 proximi,
1000 3573 1223 3670 paulo
1263 3576 1437 3668 post
1511 3567 1735 3642 etiam
1808 3563 2192 3662 longinqui
2265 3571 2486 3661 atque

232 3720 369 3794 per
443 3698 857 3796 manipulos
934 3706 1007 3773 et
1063 3706 1367 3789 turmas,
1445 3695 1550 3769 ita
1622 3699 1702 3768 ut
1776 3691 1986 3766 brevi
2062 3689 2158 3765 ad
2234 3689 2488 3764 decem

230 3822 460 3898 millia
533 3821 901 3899 hominum
978 3824 1053 3896 in
1129 3822 1402 3895 castris
1461 3826 1739 3911 essent,
1815 3838 2005 3912 quae
2065 3814 2162 3888 ad
2201 3815 2487 3893 Debre-

227 3972 365 4024 zen
407 3949 759 4048 oppidum
797 3949 1145 4042 habebat,
1183 3949 1379 4022 inter
1437 3967 1621 4042 quos
1661 3943 1883 4019 etiam
1921 3941 2207 4015 nobiles
2247 3946 2323 4014 et
2356 3940 2485 4015 mi-

227 4074 487 4150 litares
528 4076 671 4150 viri
707 4076 1086 4175 plerique3
1127 4096 1380 4149 omnes
1441 4094 1577 4146 suo
1618 4074 1936 4163 sumptu,
1996 4072 2125 4141 aut
2162 4088 2255 4139 ex
2294 4086 2485 4139 com-

219 4202 418 4276 muni
458 4201 753 4297 vivere;
793 4227 965 4278 nam
983 4202 1231 4290 villae,
1273 4198 1566 4296 oppida,
1598 4204 1674 4270 et
1714 4191 2062 4290 quicquid
2086 4192 2376 4289 uspiam
2409 4191 2486 4264 in

219 4327 534 4403 circuitu
590 4337 790 4432 erat,
851 4335 1332 4414 commeatum
1389 4324 1625 4399 omnis
1684 4320 1983 4419 generis
2039 4318 2235 4393 ultro
2306 4316 2486 4391 affa-

432 4594 492 4660 *)
523 4593 765 4650 Istvziufi
786 4597 1055 4664 jagyzete
1078 4614 1089 4647 :
1116 4559 1423 4647 Ladislaus
1451 4590 1652 4644 Zewch
1682 4592 1819 4642 eras
1836 4602 1905 4640 ex
1932 4582 2300 4751 Nagy9banya

2025 4678 2069 4751 2
2130 4678 2167 4720 ³1⁸
