3293 5219
769 264 875 342 52

774 481 1022 557 statim
1115 474 1534 551 inchoatum
1609 467 1993 569 praelium.
2079 463 2385 539 Pedites
2464 464 2730 561 ungari
2805 467 3036 541 octin-

775 607 981 706 genti
1033 604 1262 694 fuere,
1322 598 1445 698 qui
1503 596 1772 672 collem
1829 591 2301 683 obtinebant3
2361 598 2624 665 contra
2660 592 2797 667 hos
2859 616 3033 691 par-

773 742 922 809 tem
980 728 1349 806 exercitus
1407 726 1640 799 bassa
1696 720 1932 811 misit,
1992 725 2067 792 et
2120 717 2536 792 fortissime
2595 717 3035 795 dimicantes

779 862 877 937 ad
909 880 1133 934 unum
1171 876 1406 951 usque
1443 850 1784 943 concidit,
1830 847 2317 943 confectoque
2356 847 2643 944 praelio
2681 847 2759 920 in
2823 870 3040 924 suam

780 986 1176 1064 stationem
1250 980 1473 1055 rediit
1515 1006 1531 1052 :
1568 985 1722 1054 tum
1761 999 1938 1051 vero
1980 972 2388 1070 germanici
2445 973 2731 1069 equites
2788 996 3043 1050 serum

780 1122 856 1190 et
892 1110 1150 1188 inutile
1207 1106 1561 1182 auxilium
1600 1104 2128 1179 adventavere.
2187 1100 2496 1177 Interim
2531 1107 2807 1193 autem,
2867 1103 3043 1176 dum

784 1243 972 1315 haec
1029 1241 1385 1330 aguntur,
1446 1231 1741 1327 utrique
1796 1226 2182 1303 tormentis
2240 1226 2564 1302 cominus
2623 1230 3040 1321 certabant

783 1364 921 1443 sed
993 1359 1358 1435 mirabilis
1424 1379 1641 1431 casus
1693 1354 1997 1443 accidit,
2053 1361 2134 1428 ut
2187 1350 2432 1450 pulvis
2503 1356 3040 1431 tormentarius

783 1487 1002 1569 simul
1039 1486 1274 1564 omnis
1313 1484 1598 1560 incuria
1656 1490 1731 1557 et
1783 1481 2277 1571 festinatione,
2333 1489 2414 1554 ut
2450 1478 2552 1572 fit,
2609 1480 3043 1558 incendere-

784 1627 945 1714 tur3
985 1637 1128 1713 quo
1166 1622 1519 1710 tanquam
1575 1610 1780 1684 felici
1840 1608 2089 1704 aliquo
2130 1606 2375 1718 *omine
2433 1617 2762 1707 accepto,
2803 1610 3045 1688 edito-

793 1766 935 1843 que
1010 1740 1263 1815 statim
1314 1738 1600 1833 ingenti
1656 1737 1998 1823 elamore,
2037 1735 2114 1808 in
2169 1740 2468 1810 nostros
2524 1735 2874 1833 impetum
2936 1740 3049 1812 fa-

795 1872 1016 1960 ciunt,
1073 1888 1258 1964 quos
1322 1866 1433 1939 ita
1477 1866 1636 1960 jam
1695 1870 1930 1937 metus
1981 1869 2485 1955 concusserat,
2539 1870 2619 1937 ut
2677 1861 3049 1940 Germani

793 1993 1013 2100 primi
1050 1994 1128 2069 in
1160 1993 1419 2088 fugam
1456 1988 1796 2066 conversi
1837 1990 2004 2081 sint,
2037 1994 2221 2087 'post
2257 1987 2396 2063 hos
2420 1988 2705 2085 equites
2747 2015 2841 2065 ex
2868 1995 3047 2089 jau·

798 2119 1081 2202 rinensi
1117 2126 1192 2194 et
1226 2117 1515 2193 levensi
1553 2113 1973 2213 praesidi03
2022 2138 2337 2210 namque
2397 2115 2756 2190 militares
2794 2117 2932 2211 illi,
2977 2129 3052 2195 et

793 2244 1387 2353 praestantiores
1455 2244 1680 2318 duces
1747 2245 1903 2339 jam
1962 2240 2421 2333 ceciderant,
2461 2241 2653 2318 alios
2711 2265 2893 2319 vero
2974 2247 3051 2321 in

800 2396 1185 2456 occursum
1277 2378 1807 2446 tormentorum
1901 2370 2259 2465 majorum
2341 2367 2618 2443 Taiffel
2694 2371 3050 2465 miserat3

800 2504 1029 2580 ceteri
1085 2520 1338 2576 omnes
1395 2497 1569 2574 Itali
1663 2503 1738 2570 et
1830 2493 2126 2592 Ungari
2180 2496 2581 2592 pugnando
2657 2505 2782 2572 aut
2840 2500 3053 2573 caesi

799 2638 926 2706 aut
962 2626 1182 2725 capti.
1222 2622 1631 2700 Caesorum
1670 2621 2053 2720 praecipui
2089 2622 2295 2697 fuere
2336 2619 2880 2716 SbardellatuS,
2925 2626 3058 2701 Ni-

806 2756 1063 2831 colaus
1103 2753 1428 2847 Borsay,
1502 2749 1928 2843 Volfangus
1978 2743 2184 2844 Suly,
2261 2743 2849 2846 Christophorus
2908 2750 3060 2824 Ro·

798 2904 971 2974 son;
1066 2902 1161 2954 ex
1218 2875 1529 2974 captivis
1586 2874 1949 2949 Matthias
2024 2869 2340 2964 Taiffel,
2435 2882 2510 2949 et
2568 2873 2849 2951 Sfortia
2911 2877 3058 2951 Pa·

798 3006 1184 3099 lavicinus,
1226 3003 1350 3101 qui
1405 3003 1726 3092 vexillis,
1778 3000 2177 3099 tympanis,
2235 2999 2581 3099 tubisque
2619 3004 3059 3099 praecinen-

798 3134 997 3208 tibus
1052 3154 1187 3230 per
1225 3129 1618 3203 ludibrium
1679 3151 1838 3202 cum
1874 3125 2163 3222 ingenti
2218 3127 2514 3220 agmine
2570 3129 3059 3225 captivorum,

801 3257 1048 3350 armis,
1085 3263 1168 3330 ut
1205 3261 1418 3329 erant
1471 3253 1728 3346 induti,
1767 3262 2142 3349 tamquam
2194 3250 2636 3349 triumphum
2675 3249 3061 3353 'praeben-

806 3392 944 3475 tes,
983 3381 1271 3458 Budam
1310 3388 1478 3457 sunt
1516 3378 1829 3468 deducti,
1860 3377 1989 3451 ubi
2024 3376 2553 3474 mancipiorum
2595 3383 3065 3476 germanico-

800 3531 958 3584 rum
997 3514 1207 3581 tanta
1242 3507 1380 3580 fuit
1415 3505 1714 3596 vilitas,
1749 3511 1829 3579 ut
1888 3525 2233 3578 mensura
2288 3503 2551 3580 hordei
2611 3505 2864 3582 Turca
2906 3509 3064 3606 qui·

805 3636 974 3708 dam
994 3655 1232 3707 unum
1269 3630 1725 3714 vendiderim
1792 3629 2068 3703 nullum
2129 3630 2321 3703 enim
2358 3632 2801 3729 mancipium
2838 3634 3065 3710 vilius

808 3757 1230 3850 Germanis,
1285 3763 1640 3854 tanquam
1703 3756 1995 3853 ineptis,
2066 3756 2263 3854 apud
2301 3757 2667 3833 barbaros
2723 3759 3063 3837 habetur.

810 3882 965 3960 Sed
999 3880 1154 3981 Aly
1194 3882 1445 3974 bassa,
1486 3875 1684 3979 quod
1703 3882 1769 3955 is
1807 3881 2025 3957 hoste
2065 3908 2110 3958 a
2149 3905 2231 3957 se
2270 3883 2560 3959 devicto
2600 3894 2675 3961 et
2704 3910 2839 3984 per
2875 3887 3066 3962 ludi·

806 4012 1045 4086 brium
1082 4009 1338 4084 habito
1377 4009 1766 4084 victoriam
1821 4032 2032 4085 suam
2083 4011 2422 4085 viliorem
2477 4012 2780 4106 faceret,
2818 4014 3062 4111 indig-

809 4135 1199 4210 nabundus
1267 4135 1364 4210 ad
1420 4158 1503 4209 se
1561 4135 2005 4210 accersitum
2064 4137 2465 4233 quaesivit,
2544 4160 2673 4213 cur
2729 4148 2884 4214 tam
2937 4141 3067 4214 vili

808 4259 1122 4351 hostem,
1162 4283 1378 4357 quem
1412 4260 1577 4357 ipse
1616 4261 1842 4335 armis
1884 4260 2361 4351 debellasset,
2403 4263 2897 4340 aestimaret?
2937 4267 3068 4342 Ni·

811 4383 921 4460 hil
957 4383 1169 4475 enim,
1207 4385 1442 4481 inquit
1477 4387 1625 4480 ille,
1687 4411 1729 4461 o
1770 4387 2021 4482 bassa,
2081 4393 2321 4486 majus
2362 4397 2488 4464 aut
2525 4391 2930 4487 gloriosius
2970 4393 3065 4468 ad

806 4517 1242 4609 perpetuam
1280 4511 1634 4586 victoriae
1673 4510 2135 4589 clarissimae
2174 4517 2600 4594 memoriam
2636 4520 3061 4616 excogitari
