3293 5219
2339 347 2494 424 369

259 552 469 638 n'eum
527 571 813 655 vocant,
856 556 1080 637 insita
1138 562 1456 658 quadam
1513 562 1745 671 animi·
1790 565 2094 652 ferocia5
2154 566 2496 642 insisten-

259 688 426 762 dum
467 697 544 764 et
578 689 982 783 urgendam
1022 689 1202 764 belli
1256 689 1625 765 fortunam
1664 691 1763 763 ad
1821 698 2223 768 extremum
2261 717 2495 792 usque

256 816 705 891 mandasset.
782 815 1022 911 Igitur
1073 823 1667 915 propugnatores
1706 815 1780 889 vi
1821 825 2044 913 atque
2082 818 2334 894 virtuti
2378 844 2493 894 ce-

257 943 432 1016 dere
492 941 749 1034 coacti,
789 951 1216 1017 nontamen
1276 966 1484 1017 arma
1521 944 1887 1038 abjecere,
1946 953 2073 1020 aut
2131 945 2494 1021 defensio-

254 1092 420 1142 nem
500 1070 857 1161 omisere,
890 1070 900 1085 ’
948 1068 1377 1167 priusquam
1454 1092 1708 1143 omnes
1802 1071 1897 1144 ad
1969 1095 2186 1146 unum
2260 1096 2494 1170 usque

253 1195 561 1291 egregie
601 1218 683 1271 se
706 1197 1155 1273 ulciscentes
1194 1195 1489 1271 tandem
1513 1203 1820 1272 mortem
1862 1207 2320 1296 oppeterent.
2362 1198 2496 1275 Oe·

252 1330 488 1395 terum
529 1319 644 1394 his
684 1320 905 1395 bellis
959 1322 1345 1417 praeteriti
1403 1322 1573 1395 anni
1614 1331 1833 1420 atque
1871 1327 2295 1419 praesentis
2335 1335 2491 1401 tan-

251 1457 399 1524 tam
443 1450 557 1523 sui
594 1449 864 1523 famam
924 1449 1117 1546 apud
1160 1473 1412 1524 omnes
1480 1457 1704 1547 atque
1745 1450 2164 1548 opinionem
2222 1454 2494 1528 excita-

250 1585 469 1651 verat
504 1576 555 1652 J
566 1576 916 1666 ohanneS‚
956 1583 1039 1649 nt
1068 1577 1226 1671 jam
1265 1599 1483 1649 unam
1505 1574 1945 1650 Cassoviam
1969 1578 2497 1654 defendendam

251 1700 394 1776 sibi
435 1708 844 1776 statuerent
863 1701 1296 1793 caesariani,
1338 1723 1571 1798 eoque
1611 1699 1977 1776 Svendius
2018 1706 2337 1799 majores
2377 1729 2494 1781 co-

248 1828 440 1924 pias,
482 1850 668 1923 quas
705 1834 1020 1924 poterat,
1060 1836 1679 1925 commeatumque
1730 1825 2164 1903 Cassoviam
2208 1838 2496 1907 contra-

249 1955 485 2029 heret.
511 1952 613 2027 At
635 1954 979 2053 Byzantii
1017 1956 1401 2055 purpurati
1422 1956 1785 2031 accersito
1819 1957 1913 2031 ad
1951 1980 2033 2032 se
2073 1955 2383 2033 Alberto
2408 1960 2498 2033 de

250 2080 413 2174 Vis,
434 2087 734 2156 oratore
755 2081 1603 2177 caesaris,vehementer,
1624 2081 1870 2155 tamin
1889 2105 2075 2169 eum,
2098 2107 2315 2180 quam
2337 2109 2498 2160 cae-

252 2230 501 2284 sarem
521 2208 795 2283 invecti
832 2221 1019 2301 sunt,
1043 2223 1427 2305 utrumque
1463 2233 1720 2284 canem
1741 2210 2209 2307 appellando,
2231 2236 2495 2309 expro-

253 2334 687 2431 brandoque
706 2335 980 2411 bellum
1004 2336 1588 2433 atqueinjuriam
1627 2334 1934 2427 illatam,
1964 2338 2494 2434 Jusseruntque

253 2461 684 2537 denunciari
740 2461 1052 2554 caesari,
1093 2463 1626 2558 beglerbegum
1669 2459 2042 2538 Graeciae
2085 2487 2242 2539 cum
2283 2488 2492 2539 euro-

254 2613 444 2687 paeo
487 2590 817 2664 exercitu
853 2588 1067 2665 brevi
1107 2587 1381 2665 bellum
1422 2589 1621 2664 bello
1645 2597 2303 2686 compensaturum.
2334 2590 2497 2682 Quo

253 2724 558 2815 accepto
609 2716 896 2810 nuncio,
921 2739 1183 2791 caesar
1223 2717 1607 2791 celerrime
1645 2738 2023 2792 cursorem
2062 2716 2499 2814 Byzantium

252 2843 558 2918 mutatis
599 2844 807 2939 equis
848 2842 943 2917 ad
981 2841 1370 2917 Albertum
1412 2842 1501 2915 de
1547 2840 1686 2916 Vis
1726 2844 2049 2938 ablegat.
2129 2845 2247 2918 De
2285 2844 2498 2919 modo

254 2970 699 3045 currentium
738 2970 1035 3044 mutatis
1077 2969 1292 3065 equis
1340 2992 1475 3066 per
1515 2968 1862 3044 ditionem
1903 2970 2332 3064 Turcarum,
2355 2997 2500 3047 non

254 3103 373 3171 est
408 3096 808 3171 absurdum
844 3096 1167 3194 posteris
1206 3092 1489 3192 aliquid
1527 3096 1862 3190 tradere3
1922 3120 2089 3171 nam
2130 3099 2327 3195 apud
2364 3121 2499 3174 nos

254 3222 427 3320 eqni
467 3222 811 3321 dispositi
849 3223 944 3297 ad
983 3219 1282 3317 singula
1319 3221 1493 3295 bina
1537 3223 1658 3296 vel
1698 3229 1910 3296 terna
1950 3222 2298 3299 milliaria
2345 3248 2496 3299 cer-

253 3350 354 3424 tis
393 3349 581 3425 locis
621 3351 936 3443 aluntur,
975 3357 1487 3446 mutanturque
1527 3373 1573 3423 a
1612 3348 2078 3423 currentibus
2116 3358 2316 3424 certo
2376 3350 2497 3423 de-

254 3499 489 3575 penso
528 3477 806 3573 pretio;
846 3477 921 3550 in
963 3475 1235 3550 ditione
1274 3497 1452 3550 vero
1491 3474 1774 3550 turcica
1825 3473 2007 3549 nulli
2047 3482 2216 3549 sunt
2255 3476 2500 3575 dispo·

257 3603 382 3677 siti
442 3604 631 3700 equi,
692 3604 824 3678 sed
864 3610 991 3677 aut
1026 3602 1101 3676 in
1140 3601 1359 3701 pagis
1418 3600 1578 3676 sive
1618 3600 1932 3699 oppidis,
1974 3609 2101 3677 aut
2138 3603 2233 3676 ab
2271 3602 2501 3678 homi·

258 3728 478 3804 nibus
518 3729 783 3825 obviis,
826 3728 1114 3804 etiamsi
1172 3751 1487 3825 magnae
1528 3727 1964 3802 conditionis
2022 3736 2293 3818 essent,
2365 3752 2500 3827 pro

258 3854 471 3931 libito
510 3864 882 3932 mutantur
928 3857 1281 3952 jumenta,
1327 3853 1520 3950 quod
1559 3878 1606 3927 a
1660 3853 1910 3929 bassis
1970 3861 2045 3928 et
2100 3853 2386 3929 nonnisi
2425 3855 2502 3929 in

260 3984 553 4078 magnis
628 3985 850 4059 rebus
928 3983 1325 4081 impetrare
1400 3982 1595 4057 licet.
1691 3980 1839 4055 Per
1910 4003 2070 4055 eum
2128 4004 2503 4058 cursorem

262 4132 526 4186 caesar
632 4111 991 4210 promittit
1101 4110 1312 4185 brevi
1424 4117 1768 4184 oratores
1881 4107 2226 4182 solennes
2345 4132 2504 4184 cum

258 4238 536 4315 tributo
592 4237 1039 4340 Byzantium
1095 4239 1425 4333 mittere3
1485 4237 1760 4335 datque
1795 4234 2141 4310 mandata
2215 4244 2505 4310 secreta

259 4362 600 4460 Alberto,
674 4376 755 4441 ut
809 4388 1243 4463 quacunque
1298 4371 1559 4463 posset
1617 4363 1925 4454 ratione,
1965 4370 2227 4459 ageret
2305 4359 2502 4460 apud

262 4500 732 4591 purpuratos,
774 4515 915 4588 quo
956 4492 1231 4566 bellum
1305 4497 1801 4566 revocaretur.
1862 4486 2239 4585 Siquidem
2281 4510 2498 4563 euro·

210 4680 217 4689 .
263 4617 438 4716 paei
480 4618 847 4694 exercitus
885 4618 1345 4718 praefectum
1400 4624 1740 4715 paratum
1768 4618 1926 4712 Jam
1967 4622 2040 4690 et
2076 4614 2506 4692 instructum

372 4767 574 4805 nomm.
607 4769 773 4805 inmo.
806 4768 947 4811 mm.
980 4769 1177 4804 scmr’r.
1211 4768 1319 4803 xvl.
2083 4719 2188 4800 24
