3293 5219
732 307 888 396 398

754 538 915 631 ejus
985 529 1399 605 defendere.
1441 526 1626 602 Illos
1665 517 1860 598 'vero
1923 521 2325 597 violatores
2380 521 2600 597 edicti
2638 521 2832 617 regii
2904 547 2997 596 ac

737 658 908 733 fidei
968 678 1178 732 esse:
1231 653 1404 728 illos
1460 673 1724 726 nomen
1780 649 2065 745 regium
2102 657 2561 747 praetexere,
2623 671 2783 722 cum
2843 650 2996 746 ipsi

739 809 1008 863 revera
1063 781 1347 878 regiam
1422 780 1886 874 majestatem
1944 783 2389 873 oppugnent.
2451 775 2997 871 Lotharingum

744 911 1108 988 hominem
1165 904 1634 1004 peregrinum
1699 925 1788 975 ac
1843 901 2008 996 regi
2061 902 2452 975 manifeste
2508 901 2821 992 hostem,
2865 900 2991 997 qui

741 1061 911 1114 sese
937 1056 1187 1110 verum
1213 1030 1466 1107 Caroli
1483 1028 1743 1124 Magni
1763 1027 2107 1101 heredem
2126 1026 2530 1125 praedicat,
2549 1051 2693 1101 non
2716 1026 2997 1101 debere

739 1164 945 1260 regis
984 1157 1288 1235 minoris
1346 1142 1666 1230 aetatem
1723 1155 2164 1248 gubernare.
2222 1153 2474 1227 Edicit
2512 1176 2804 1250 quoque
2847 1154 2991 1227 sub

740 1310 983 1387 poena
1020 1284 1301 1375 mortis,
1345 1305 1436 1356 ne
1477 1279 1640 1376 quis
1685 1285 2075 1376 praetextu
2117 1278 2528 1375 religionis,
2570 1302 2996 1375 quenquam

739 1417 812 1489 in
850 1411 1326 1513 persona,vel
1363 1407 1575 1483 bonis
1616 1406 2013 1480 molestare
2053 1403 2323 1480 audeat
2354 1429 2371 1490 ς
2410 1428 2503 1479 ex
2547 1402 2988 1479 Germaniis

741 1564 918 1617 vero
959 1538 1238 1614 auxilia
1310 1535 1635 1632 peditum
1710 1540 1934 1628 atque
2022 1532 2343 1628 equitum
2382 1541 2621 1627 rogat,
2681 1556 2845 1608 cum
2883 1533 2992 1606 in·

736 1668 953 1747 terim
993 1665 1088 1740 ad
1144 1671 1478 1738 sanctum
1538 1659 1980 1757 Dionysium
2039 1659 2295 1754 regias
2358 1681 2578 1735 aures
2634 1659 2994 1758 precibus

738 1801 1249 1882 commoturus,
1290 1796 1416 1865 aut
1469 1786 1797 1862 remedia
1856 1785 2324 1882 quaesiturus
2366 1794 2647 1882 ageret.
2692 1785 2791 1860 At
2835 1785 2994 1860 illis

741 1919 1010 1998 bellico
1085 1916 1393 1992 tumultu
1506 1913 1752 1987 omnia
1843 1912 2345 2001 miscentibuS,
2445 1911 2994 1988 connestabilis

739 2070 955 2144 quam
993 2045 1384 2119 maximum
1440 2048 1688 2138 potest
1744 2040 2143 2115 exercitum
2207 2047 2280 2113 et
2338 2047 2702 2116 tormenta
2744 2062 2989 2113 aenea

737 2172 834 2248 ad
870 2168 1426 2270 opprimendum
1464 2165 1699 2264 primo
1721 2165 1995 2262 impetu
2036 2163 2483 2250 Condacum,
2526 2165 2797 2239 educit.
2845 2164 2992 2240 Pa-

733 2298 945 2374 risini
980 2304 1226 2371 tamen
1265 2293 1612 2390 impetum
1651 2292 1983 2365 hostium
2015 2314 2159 2367 non
2200 2290 2677 2382 sustinentes,
2722 2291 2991 2366 labare

726 2426 1057 2525 primum,
1133 2418 1393 2496 deinde
1466 2417 1690 2492 foeda
1758 2417 1941 2513 fuga
2014 2426 2269 2514 portas
2332 2418 2536 2491 urbis
2593 2425 2962 2514 repetere.

736 2546 1287 2626 Connestabilis
1308 2543 1565 2619 lethali
1586 2544 1890 2617 vulnere
1912 2542 2249 2633 affectus,
2290 2544 2385 2618 ab
2425 2543 2580 2617 suis
2601 2544 2987 2643 abreptae,

731 2698 1010 2775 paucos
1047 2680 1218 2771 post
1255 2671 1413 2745 dies
1435 2669 1777 2744 decessit.
1798 2670 1974 2743 Fuit
2008 2670 2149 2743 hoc
2179 2670 2539 2767 praelium
2566 2669 2744 2746 14-o
2789 2672 2979 2746 Now

735 2802 944 2894 Quae
967 2821 1125 2872 cum
1147 2796 1242 2871 ad
1262 2803 1596 2893 apertum
1617 2794 1890 2870 bellum
1910 2796 2447 2893 pervenissent,
2462 2794 2889 2874 Condensis
2910 2800 2987 2874 iu

734 2923 1314 3020 Lotharingiam,
1327 2922 1697 3020 permissa
1734 2924 1829 2996 ab
1870 2922 2051 2997 duce
2073 2921 2356 2998 itineris
2392 2924 2776 3017 facultate,
2814 2948 2987 3023 pro·

723 3055 968 3128 fectus
992 3058 1128 3144 est,
1166 3048 1366 3123 utibi
1395 3047 1821 3144 germanica
1860 3048 2137 3122 auxilia
2161 3056 2650 3146 exspectaret,
2691 3052 2984 3127 abscis-

730 3179 837 3253 sis
860 3174 1726 3269 omnibuspontibus,qua
1744 3173 2206 3265 transibat,et
2227 3174 2420 3249 omni
2433 3196 2723 3251 annona
2736 3200 2988 3253 secum

729 3306 1000 3396 ablata,
1040 3309 1120 3377 ut
1172 3298 1362 3396 regii
1422 3299 1486 3373 si
1536 3299 1747 3395 sequi
1787 3300 2066 3373 vellent
2124 3323 2213 3375 ac
2262 3300 2633 3395 dimicare,
2674 3302 2782 3378 uti
2819 3326 2993 3399 pro-

727 3437 1148 3531 posuerant,
1202 3449 1296 3502 ne
1356 3432 1756 3522 antequam
1832 3448 2084 3500 omnes
2144 3426 2403 3524 copias
2460 3428 2992 3522 contraxisset,

731 3554 1250 3645 decertandum
1326 3560 1737 3648 cogeretur.
1854 3550 2349 3627 Nihilominus
2425 3575 2571 3627 non
2649 3554 2993 3648 deerant,

727 3683 851 3781 qui
888 3705 1153 3780 pacem
1172 3687 1620 3774 tractarent3
1682 3676 2123 3766 Condensis,
2148 3680 2367 3776 etqui
2416 3704 2578 3756 cum
2618 3703 2704 3757 eo
2749 3690 2993 3775 erant,

720 3809 1097 3907 petebant,
1134 3805 1242 3879 uti
1280 3829 1413 3880 rex
1454 3812 1847 3879 extraneos
1888 3827 2140 3885 omnes
2192 3804 2531 3897 dimittat,
2572 3814 2647 3881 et
2686 3807 2990 3904 possint

719 3936 1014 4010 habere·
1058 3930 1447 4007 conciones
1485 3930 1847 4028 publicas,
1908 3954 1996 4006 ac
2049 3930 2362 4007 libertas
2426 3931 2524 4007 sit
2567 3932 2985 4029 religionis,

724 4060 958 4137 salvis
1012 4060 1256 4150 rebus,
1331 4057 1666 4150 fortunis,
1727 4057 2245 4155 praefecturis,
2312 4082 2404 4131 ac
2466 4058 2987 4155 dignitatibus,

725 4184 1123 4262 secuudum
1169 4186 1326 4281 Jam
1384 4189 1610 4258 antea
1664 4183 1920 4258 initam
1996 4184 2605 4282 pacificationem.
2685 4182 2977 4262 Contra

723 4334 860 4388 rex
914 4310 1304 4387 conciones
1342 4309 1684 4408 publicas
1738 4332 1883 4384 non
1924 4309 2396 4405 admittebat,
2454 4317 2780 4387 ceterum
2820 4314 2976 4390 alia

729 4460 1018 4537 quoque
1055 4436 1299 4512 omnia
1336 4457 1468 4513 suo
1508 4437 1902 4513 arbitratui
1959 4444 2033 4513 et
2087 4437 2380 4535 gratiae
2417 4438 2741 4535 permitti
2781 4441 2988 4516 vole-

726 4564 881 4641 bat.
943 4566 1062 4640 Ita
1117 4563 1408 4639 infectis
1464 4564 1691 4639 rebus
1759 4563 2053 4661 utrique
2112 4563 2394 4639 auxilia
2450 4564 2987 4643 sollicitabant.
