3293 5219
2401 259 2500 337 71

249 491 318 559 et
338 482 778 580 Acangziae
801 503 1018 580 quam
1036 477 1333 579 plurimi
1351 478 1785 568 occubuere,
1813 498 1905 551 ex
1943 476 2221 552 nostris
2262 484 2509 554 autem

248 610 511 687 decani
591 617 664 684 et
698 606 1034 706 gregarii
1103 604 1465 705 plerique,
1506 611 1580 678 et
1615 600 2065 678 Valentinus
2122 603 2498 680 sacerdos,

245 736 710 811 Bolicianum
788 732 1297 831 beglerbegus
1372 730 1780 807 Romaniae
1840 730 2361 829 oppugnabat,
2427 739 2507 807 ut

247 862 660 962 superioris
701 860 881 936 anni
919 858 1233 934 victoria
1290 860 1552 951 elatus,
1626 858 1731 959 ita
1769 856 2184 955 placandae
2212 856 2370 931 irae
2411 858 2505 932 ob

246 988 788 1065 Temesvarum
864 986 1254 1077 amissum,
1313 984 1778 1084 Lippamque
1814 981 2179 1082 perditam
2255 980 2506 1079 aliquo

246 1138 445 1192 novo
502 1115 837 1190 facinore
913 1134 1181 1190 causas
1291 1132 1658 1208 quaerens
1699 1169 1715 1204 ,
1808 1107 2027 1185 simul
2100 1130 2509 1209 europaeos

245 1240 553 1317 militari
627 1239 870 1337 gloria
944 1260 1235 1336 semper
1328 1237 1599 1314 ceteris
1690 1241 2166 1336 praestantes
2259 1234 2504 1314 admo-

242 1368 489 1444 nendo
526 1438 539 1453 ,
582 1365 1090 1463 hortandoque
1181 1363 1257 1439 in
1349 1363 1916 1442 aemulationem
1991 1370 2502 1439 converterat:

236 1492 602 1592 multique
642 1516 733 1567 ex
773 1492 1047 1568 nostris
1087 1489 1620 1566 cadebant.aut
1644 1490 2246 1582 vulnerabantur,
2316 1488 2502 1566 sclo-

235 1620 667 1720 petulorum
712 1617 1180 1717 praesertim,
1202 1640 1391 1716 quae
1448 1615 1686 1693 hastis
1710 1625 2171 1716 aptaverant,
2244 1614 2505 1692 lethali

239 1746 582 1839 saevitia,
661 1746 805 1821 nisi
845 1743 1200 1844 Gregorii
1254 1745 1740 1823 Bonemiszae
1794 1745 2197 1845 praecipua
2243 1768 2333 1820 ac
2360 1744 2506 1821 sin-

234 1874 480 1970 gulari
521 1872 842 1970 viatque
881 1882 955 1949 et
970 1874 1240 1948 virtute
1281 1871 1605 1971 Zolthay
1625 1873 1678 1950 J
1683 1871 2142 1969 ohannisque
2198 1869 2497 1969 Figedy

233 1999 571 2097 egregia·
596 2000 993 2074 sustentati
1085 1999 1426 2092 fuissent,
1468 2000 1588 2095 qui
1630 1996 1982 2074 vexillum
2021 1998 2121 2072 ab
2158 1995 2498 2073 hostibus

234 2114 528 2225 cepere,
629 2125 968 2222 quamvis
1008 2125 1266 2225 etipsi
1288 2125 1610 2201 adversa
1662 2124 1973 2227 vulnera
2009 2123 2498 2222 accepissent.

233 2254 337 2328 At
370 2251 780 2328 innumeris
810 2252 1043 2327 ferme
1083 2251 1380 2327 vexillis
1402 2251 1752 2349 antiquae
1770 2257 2032 2349 portae
2070 2271 2493 2348 propugna-

234 2379 472 2455 culum
547 2386 1051 2477 oppugnatum
1129 2385 1285 2453 est:
1323 2400 1638 2476 namque
1697 2376 2063 2453 Amhatus
2092 2375 2257 2474 ipse
2293 2373 2494 2449 haud

235 2507 462 2603 longe
559 2528 653 2580 ex
727 2501 926 2581 vallo
1020 2505 1706 2604 circumspectabat,
1782 2511 1856 2579 et
1955 2506 2208 2602 justae
2304 2499 2494 2577 aciei

240 2656 487 2731 pugna
513 2629 826 2708 similior
848 2640 1030 2719 erat,
1054 2656 1270 2730 quam
1291 2632 1833 2724 tumultuariae,
1855 2630 2216 2728 siquidem
2254 2628 2494 2706 nostri

244 2757 659 2833 missilibus
714 2757 1026 2855 primum
1108 2781 1268 2833 cum
1341 2757 1701 2856 plurimos
1760 2755 2084 2833 hostium
2139 2753 2490 2829 caecidis-

235 2893 400 2961 sent
438 2884 1132 2983 vulnerassentque,
1194 2892 1269 2960 et
1305 2887 1575 2960 multas
1613 2884 1841 2960 horas
1878 2883 2220 2982 utrinque
2258 2886 2491 2957 certa-

232 3020 380 3088 tum
420 3019 651 3104 esset,
691 3011 1017 3087 cominus
1046 3015 1206 3111 jam
1225 3010 1524 3087 tandem
1553 3011 1777 3087 armis
1798 3017 2019 3109 atque
2058 3008 2491 3107 corporibus

233 3136 595 3214 acerrime
653 3136 1157 3230 dimicabatur,
1198 3137 1448 3212 Turca
1486 3138 1704 3212 finem
1765 3135 2255 3236 periculorum
2309 3135 2490 3227 fore,

237 3270 677 3365 expugnata
717 3287 913 3357 arce,
954 3265 1018 3340 si
1056 3267 1432 3365 paululum
1472 3261 1918 3352 adnitantur,
1960 3261 2327 3354 credente,
2366 3286 2490 3338 no-

236 3392 415 3468 stris
454 3412 595 3490 pro
636 3390 885 3467 divina
939 3391 1274 3491 inprimis
1312 3390 1551 3486 laude,
1594 3389 2166 3486 dulcissimaque
2219 3389 2487 3486 patria,

234 3514 674 3615 conjugibus
730 3542 820 3594 ac
873 3518 1155 3613 liberis,
1217 3540 1523 3616 quorum
1578 3518 1785 3592 salus
1842 3515 2113 3589 virtute
2158 3513 2487 3612 ipsorum

237 3642 739 3736 consistebat,
798 3651 1020 3742 atque
1055 3645 1361 3743 propria
1398 3643 1640 3720 salute
1677 3642 1788 3719 ita
1823 3638 2486 3742 propugnantibus,

233 3781 303 3846 ut
338 3775 659 3847 mortem
695 3771 1297 3848 honestissimam
1337 3771 1627 3846 obirent
1660 3769 1931 3869 potius,
1970 3790 2189 3866 quam
2222 3765 2487 3866 pedem

234 3901 618 3992 referrent,
642 3897 966 3995 vicitque
987 3898 1283 3974 tandem
1303 3920 1484 3997 pars
1506 3897 1661 3990 illa,
1680 3895 1873 3973 unde
1893 3896 2102 3970 Deus
2141 3901 2216 3970 et
2251 3893 2489 3969 virtus

236 4025 555 4102 stabant.
595 4027 936 4124 Namque
956 4026 1403 4102 Mechcaeus
1459 4022 2176 4124 praestantissimum
2232 4019 2487 4095 ducem

234 4152 684 4251 militemque
760 4175 841 4228 se
902 4153 1239 4251 quamvis
1312 4154 1388 4228 in
1445 4175 1532 4227 eo
1572 4151 1973 4228 certamine
2012 4145 2484 4238 ostendisset,

232 4277 684 4355 innumeram
721 4302 954 4377 prope
991 4285 1239 4355 tamen
1277 4280 1600 4357 hostium
1619 4275 2151 4355 multitudinem
2225 4273 2290 4349 si
2308 4295 2486 4373 pau-

236 4402 435 4479 citati
474 4414 895 4482 nostrorum
936 4408 1295 4494 conferas,
1338 4407 1601 4504 quibus
1623 4405 1746 4481 vel
1785 4404 2048 4480 saltem
2087 4397 2486 4477 caedendis

236 4531 471 4606 nostri
567 4530 970 4631 defatigari
1005 4533 1446 4633 potuissent,
1543 4531 1707 4631 quis
1763 4529 1910 4607 nisi
1947 4528 2196 4605 divina
2232 4531 2487 4627 poten-
