3293 5219
2369 350 2527 427 245

257 565 641 655 sequutae.
719 558 900 633 Inde
940 556 1491 634 Maximilianus
1533 561 1716 636 XII.
1763 559 2064 637 Calend.
2130 563 2521 656 Octobres,

256 687 526 781 regina
598 695 904 784 postera
978 686 1115 774 die,
1195 709 1326 781 per
1365 687 2005 786 archiepiscopum
2046 715 2496 789 pragensem

258 811 681 886 diademate
739 810 1252 906 insigniuntur.
1315 811 1791 889 Advenerant-
1835 815 2071 910 legati
2130 818 2349 891 trium
2409 842 2522 892 co·

258 940 685 1030 mitatuum,
748 939 1297 1029 sacmariensis,
1375 939 1869 1016 sabolciensis
1950 951 2024 1016 et
2076 943 2521 1038 ugociensis,

258 1064 628 1139 cumulum
704 1065 1321 1160 querimoniarum
1382 1067 1746 1141 adversus
1815 1069 2207 1143 Balassam
2265 1070 2520 1165 ingen·

256 1200 408 1265 tem
471 1190 911 1264 deferentes.
1003 1191 1234 1280 Quae,
1296 1198 1737 1287 quamquam
1777 1216 1998 1268 verae
2059 1202 2279 1290 atque
2355 1219 2520 1292 pro·

259 1319 510 1405 batae,
551 1315 645 1390 ad
668 1315 1184 1411 cognitionem.
1219 1325 1465 1391 tamen
1504 1319 2197 1409 commissariorum,
2238 1320 2520 1396 Johan-

260 1444 380 1517 nis
442 1442 673 1518 Peteo
734 1443 1074 1537 magistri
1153 1443 1766 1518 cubiculariorum
1825 1453 1898 1518 et
1973 1446 2376 1521 consiliarii
2432 1471 2521 1521 eo

260 1568 622 1663 ablegati,
664 1591 753 1643 ac
783 1566 1167 1641 Francisci
1228 1566 1390 1665 Zay
1428 1569 1789 1665 praefecti
1828 1571 2349 1660 cassoviensis,
2409 1565 2543 1646 re-'

248 1695 634 1790 jiciuntur,
709 1715 894 1789 quos
953 1717 1204 1768 omnes
1243 1694 1370 1769 ille
1410 1695 1627 1767 vanis
1669 1697 1917 1771 verbis
1969 1705 2042 1771 et
2078 1697 2296 1771 factis
2336 1699 2520 1772 aeri-

261 1821 522 1896 oribus
565 1817 804 1894 elusit.

483 1945 805 2020 Peracta
863 1946 1424 2040 inauguratione
1481 1945 1866 2022 bohemica
1924 1948 2060 2020 sub
2119 1947 2335 2021 finem
2377 1949 2520 2023 Oc-

253 2074 498 2148 tobris
539 2071 1105 2148 Francofurtum
1144 2071 1241 2146 ad
1315 2074 1656 2147 Moenum
1716 2079 2148 2168 perventum
2200 2081 2334 2147 est.
2379 2071 2520 2147 Co-

260 2199 625 2275 loniensis
665 2200 972 2273 affectus
1011 2199 1430 2272 valetudine
1470 2200 1797 2293 legatum
1821 2200 2145 2280 miserat,
2191 2223 2280 2272 ac
2317 2208 2517 2296 post-

261 2326 556 2400 modnm
599 2325 963 2417 defuncto,
1003 2348 1263 2398 recens
1325 2324 1606 2398 electus
1648 2325 1966 2399 advenit.
2030 2326 2145 2398 Ita
2185 2326 2519 2400 Maximi-

259 2455 506 2528 lianus
544 2454 620 2525 in
677 2474 928 2546 regem
992 2451 1486 2526 Romanorum
1546 2450 1893 2544 eligitur3
1945 2450 2239 2524 additur
2278 2452 2519 2540 etiam,

260 2588 340 2655 ut
379 2579 782 2654 decedente
819 2585 1027 2674 patre
1068 2579 1140 2653 in
1179 2600 1444 2653 nomen
1483 2576 1812 2654 caesaris
1854 2575 2301 2651 succederet.
2342 2577 2517 2652 Mox

257 2705 501 2804 pridie
552 2702 861 2779 Calend.
921 2705 1312 2779 Decembr.
1372 2727 1508 2802 per
1562 2703 2073 2800 Moguntinum
2124 2709 2519 2778 coronatur

259 2855 492 2907 aurea
535 2830 827 2928 quidem
890 2838 963 2903 et
1001 2838 1252 2905 vetere
1294 2853 1867 2917 corona,verum
1911 2829 2265 2928 simplice,
2309 2852 2515 2925 gem-

259 2960 402 3033 mis
441 2953 823 3047 obsoletis,
865 2979 954 3029 ac
993 2957 1155 3030 sola
1197 2963 1566 3029 vetustate
1620 2956 2145 3031 commendata.
2200 2954 2353 3030 Sub
2397 2978 2518 3027 co-

261 3084 467 3158 mitio
501 3080 916 3157 Turcarum
957 3083 1740 3179 imperatoris‘orator,
1782 3083 2173 3178 primarius
2217 3083 2375 3175 eJus
2415 3080 2520 3154 in-

262 3205 663 3309 terpres*)',
686 3209 1255 3285 Francofurtum
1281 3209 1814 3305 quinquaginta
1837 3208 2157 3303 equitum
2182 3206 2524 3281 comitiva

265 3337 507 3430 venit3
585 3344 664 3409 at
702 3335 868 3434 ipsa
907 3335 1291 3410 electionis
1333 3334 1449 3407 die
1491 3332 1587 3407 ad
1607 3342 1866 3429 portas
1925 3332 2131 3406 urbis
2170 3332 2514 3425 ingruen-

262 3465 460 3538 tibus
519 3462 812 3535 nivibus
887 3483 1046 3534 cum
1125 3461 1247 3535 diu
1303 3460 1636 3535 stetisset
1712 3458 2019 3555 (quippe
2088 3458 2343 3532 eadem
2406 3456 2522 3529 die

264 3588 656 3664 electionis
695 3587 971 3662 clausis
996 3587 1331 3662 omnibus
1373 3586 1608 3683 portis
1630 3584 1907 3658 intrare
1950 3591 2074 3656 aut
2105 3582 2309 3655 exire
2349 3583 2518 3676 lege

267 3709 729 3811 cavebatur),
774 3714 1072 3787 tandem
1111 3715 1337 3787 multa
1394 3721 1607 3787 nocte
1650 3710 1909 3785 dolens
1950 3716 2023 3781 et
2053 3730 2371 3804 querens
2411 3707 2515 3780 in-

262 3842 679 3931 tromissus,
719 3838 811 3914 ad
852 3841 1081 3914 lucem
1139 3838 1487 3912 funalium
1550 3834 2087 3911 circumductus
2129 3833 2233 3906 ita
2273 3841 2406 3922 est,
2447 3839 2526 3905 ut

264 3969 357 4040 ab
398 3966 847 4040 electoribus
889 3964 1211 4063 spectari
1251 3971 1524 4060 posset.
1583 3961 1701 4035 Ad
1740 3981 2120 4035 caesarem
2158 3956 2523 4030 introduc-

266 4100 385 4166 tus
423 4089 967 4179 Maximiliano,
1009 4088 1453 4164 electoribus
1491 4110 1577 4161 ac
1597 4085 2056 4184 principibus
2080 4081 2525 4156 considenti-

266 4222 427 4306 bus,
471 4220 703 4292 verba
742 4241 875 4314 per
931 4218 1426 4313 interpretem,
1488 4213 1823 4309 quamvis
1882 4208 2313 4284 Germanici
2372 4230 2525 4281 ser-

268 4345 505 4419 monis
546 4366 848 4438 gnarus,
888 4344 964 4416 in
1028 4343 1218 4417 hanc
1262 4342 1699 4416 sententiam
1760 4361 1997 4435 pauca
2035 4336 2249 4409 fecit:
2293 4338 2529 4427 Impe-

484 4626 544 4693 ὓ)
587 4621 819 4679 Ιεῐνιὶηίὶ
844 4625 1118 4697 jegyzete
1149 4643 1161 4677 :
1241 4623 1534 4687 lin-aimus,
1581 4620 1966 4687 dragomanus
1996 4617 2229 4672 natione
2264 4612 2526 4668 Pol-mus.
