3293 5219
2312 362 2468 442 309

203 584 495 676 conjux
536 584 899 678 quondam
956 582 1289 658 Thomae
1348 582 1764 658 Nadasdini
1817 584 2128 680 palatini
2167 585 2453 681 equites

201 705 378 799 CO,
401 707 690 807 pedites
714 707 851 784 DC
892 710 1355 805 expedivere,
1408 717 1482 783 et
1520 709 1942 785 comitatum
1982 708 2462 791 Castriferrei
2542 781 2547 786 .

201 836 285 909 in
355 858 568 910 arma
590 835 995 928 concivere,
1014 836 1304 912 nobiles
1343 835 1657 928 viritim,
1694 859 2035 934 paganos
2074 840 2465 917 secundum

203 986 604 1036 numerum
668 984 931 1038 census
993 963 1221 1058 regii3
1278 962 1531 1037 horum
1597 963 2007 1060 exemplum
2069 968 2357 1063 sequuti
2395 976 2469 1042 et
2530 992 2535 1000 ·

208 1090 357 1163 alii
407 1090 798 1164 comitatus
846 1091 1031 1164 alter
1071 1088 1381 1164 alterum
1422 1086 1827 1182 hortantes,
1866 1097 1939 1163 et
1976 1093 2308 1169 certatim
2344 1096 2471 1169 im-

197 1214 619 1314 pellentes.
679 1214 796 1289 Ad
842 1215 1030 1290 haec
1066 1216 1466 1302 Ladislaus
1510 1212 1845 1314 Giulaffy
1885 1240 2044 1291 cum
2089 1221 2465 1317 praesidio

198 1344 680 1434 tichoniensi,
715 1344 1166 1418 Franciscus
1210 1342 1513 1419 Teorek
1553 1366 1715 1418 cum
1753 1346 2086 1442 papensi,
2127 1371 2216 1421 ac
2256 1345 2465 1423 Chri-

201 1469 624 1568 stophorus
664 1470 1144 1545 Nadasdinus
1185 1478 1713 1566 aggregantur,
1735 1472 1978 1567 gloria
2018 1473 2315 1549 militari
2338 1476 2464 1550 ‘in-

204 1597 505 1692 signeS,
566 1603 639 1670 et
677 1596 858 1671 belli
915 1597 1161 1689 duces,
1205 1595 1302 1669 ad
1351 1595 1602 1670 decem
1641 1595 1876 1670 millia
1914 1595 2284 1674 hominum
2322 1600 2464 1677 Pa-

199 1746 385 1820 pam
427 1720 954 1798 confluxerant.
1013 1725 1310 1798 Interea
1368 1720 1738 1799 Arslanus
1796 1746 2078 1799 murum
2129 1729 2464 1822 quamvis
2554 1777 2557 1780 -

202 1841 755 1925 validissimum
797 1873 886 1924 ac
923 1850 1367 1925 latissimum
1406 1850 1796 1924 tormentis
1834 1873 1977 1926 uuo
2015 1853 2088 1926 in
2130 1849 2291 1929 loco
2330 1879 2460 1952 pa-

197 1977 594 2069 tefecerat,
651 1978 948 2052 fossam·
995 1978 1310 2052 materia
1369 1977 1827 2075 oppleverat,
1886 1988 1958 2053 et
2013 1978 2285 2054 acriter
2340 2005 2465 2080 op·

203 2104 606 2201 pugnabat
624 2099 717 2201 ²¹⁸).
767 2104 929 2179 Nec
988 2102 1364 2200 Georgius
1422 2102 1634 2203 Tury
1686 2128 1826 2203 par
1880 2105 2121 2180 animo
2161 2108 2466 2204 segnius

197 2230 761 2329 propugnabat,
819 2230 964 2305 nisi
1023 2229 1217 2326 quod
1274 2228 1667 2304 adversum
1705 2231 1971 2307 vulnus
2021 2233 2465 2332 accepisset.

198 2354 309 2432 At
364 2355 759 2448 Arslauus,
801 2357 927 2433 ubi
987 2356 1263 2432 auxilia
1300 2355 1378 2430 in
1435 2364 1784 2454 promptu
1838 2356 2219 2452 intellexit,
2263 2361 2458 2458 quod

192 2467 548 2558 nuncium
599 2490 1056 2582 speraverat,
1115 2489 1190 2557 et
1245 2488 1498 2557 castra
1554 2503 1843 2579 quoque
1900 2483 1997 2557 ab
2056 2483 2268 2584 Papa
2323 2511 2450 2587 op·

196 2609 380 2707 pido
441 2617 639 2686 mota
696 2634 885 2703 esse,
945 2607 1371 2687 duodecimo
1430 2608 1547 2684 die
1604 2618 1913 2707 coeptae
1980 2614 2460 2711 oppugnatio-

199 2737 324 2811 nis
383 2761 750 2837 praeceps
809 2736 1178 2827 discessit,
1237 2744 1316 2811 ut
1374 2732 1709 2832 Geor-gio
1770 2736 1957 2811 Turi
2013 2740 2456 2817 novissimos

200 2865 567 2964 carpenti,
648 2861 931 2961 aliquot
1004 2863 1287 2938 minora
1340 2868 1706 2938 tormenta
1760 2863 2171 2961 reliquerit.
2228 2865 2459 2946 Pulso

203 2991 429 3067 hoste
478 2990 680 3089 legio
759 2986 1300 3068 Germanorum
1378 2988 1807 3087 supervenit
1884 2989 2067 3066 duce
2125 2988 2461 3092 Georgio

429 3311 483 3380 ⁸)
525 3310 788 3383 Forgach
815 3314 871 3370 S.
892 3315 1170 3388 jegyzete
1197 3335 1210 3369 ι
1254 3315 1357 3371 ott
1383 3314 1506 3371 volt
1533 3331 1559 3368 s
1591 3312 1652 3368 f6
1680 3314 1804 3369 volt
1832 3312 1987 3370 abba
2013 3331 2082 3370 az
2114 3314 2307 3371 hadba
2331 3317 2469 3387 grof

203 3402 350 3471 Eck,
378 3402 519 3477 gros
533 3402 854 3459 Helfestain
882 3404 949 3473 is,
997 3403 1058 3461 es
1087 3404 1261 3461 Claus
1289 3421 1403 3462 von
1429 3405 1720 3470 Haldstat,
1750 3403 1815 3458 12
1850 3420 1979 3460 ezer
2005 3401 2198 3458 nemet
2221 3406 2458 3478 gyalog·

204 3495 322 3564 val,
353 3510 502 3549 azaz
548 3490 650 3548 ket
689 3494 1074 3563 regimenttel,
1122 3492 1184 3549 e's
1231 3510 1346 3563 ugy
1374 3492 1636 3550 indultak
1661 3492 1865 3549 Palota
1886 3489 2260 3564 segetsigdre.
2299 3492 2461 3565 Tury

200 3584 447 3658 Gyen-gy
476 3600 605 3639 nem
633 3585 758 3640 volt
783 3586 973 3641 sebee.
1011 3584 1104 3640 De
1149 3602 1220 3641 az
1249 3584 1412 3640 torek
1441 3581 1661 3651 immar,
1690 3602 1835 3640 azaz
1878 3581 2127 3639 Arszlan
2152 3583 2335 3640 bassa
2376 3582 2454 3639 el-

205 3683 370 3732 ment
395 3674 523 3731 volt
549 3674 705 3730 alola
731 3694 746 3739 ς
787 3673 938 3746 moly
967 3673 1258 3731 elmeneee
1310 3674 1412 3747 igy
1437 3673 1677 3744 ton-tent,
1718 3675 1873 3747 hogy
1900 3674 2081 3729 kildte
2108 3675 2231 3728 volt
2254 3673 2459 3730 Palota

204 3768 321 3825 ⁸161
366 3785 438 3823 az
461 3765 735 3824 tabor-bol
776 3766 1035 3825 Arszlan
1065 3769 1241 3825 baua
1269 3770 1499 3824 castata
1526 3786 1596 3824 az
1623 3770 1769 3824 tatai
1795 3768 2051 3836 kalauzt,
2080 3766 2211 3823 Deli
2236 3767 2460 3835 Latuit,

203 3858 363 3927 Gy&-
388 3857 503 3914 fele
529 3859 771 3930 nyelvet
794 3856 977 3931 fogui.
1034 3839 1115 3914 aa
1142 3859 1423 3930 haJtatott
1449 3858 1572 3917 volt
1600 3859 1736 3931 gros
1758 3861 1882 3916 Eck
1910 3858 2329 3916 Ceallok'ozbiil
2356 3859 2452 3914 ko·

209 3952 300 4008 zel
346 3953 458 4007 200
498 3969 652 4023 vagy
674 3952 780 4009 300
806 3950 1012 4020 kocsit,
1058 3951 1212 4025 hogy
1239 3951 1342 4005 kik
1367 3952 1614 4017 vesszb't,
1641 3952 1813 4009 karot
1850 3947 2245 4017 bordananak,
2293 3948 2461 4006 miert

203 4041 362 4117 hogy
392 4042 523 4115 meg
550 4060 679 4098 nem
709 4045 832 4102 volt
857 4041 1001 4099 kesz
1029 4059 1098 4099 az
1125 4042 1291 4114 ςγδι-ἰ
1320 4043 1538 4116 epulet.
1577 4022 1656 4098 fis
1703 4045 1859 4116 hogy
1892 4061 1962 4099 az
1999 4041 2205 4098 kocsik
2251 4060 2321 4098 az
2347 4042 2458 4099 Ba·

211 4136 401 4192 konra
442 4133 699 4203 mentek,
751 4131 948 4190 nemet
992 4134 1052 4190 es
1099 4149 1343 4205 magyar
1387 4133 1685 4206 gyalogok
1738 4132 1992 4205 Gy6rr61
2020 4131 2254 4189 mentek
2283 4133 2457 4189 velek

209 4225 396 4283 δήιοι
440 4221 665 4281 okaert.
703 4224 837 4280 Deli
863 4223 1042 4280 Luffti
1069 4227 1224 4281 utstt
1269 4224 1494 4296 reajok,
1520 4224 1590 4280 de
1619 4225 1769 4281 azok
1798 4220 2051 4281 loveesel
2078 4221 2456 4279 oltalmaztak

203 4315 499 4389 magokat,
523 4312 587 4370 ἐι
615 4314 843 4379 elment,
858 4316 1097 4386 nyelvet
1123 4332 1251 4370 nem
1282 4313 1521 4388 fogvdn.
1552 4294 1705 4388 ssjjel
1734 4333 1804 4372 az
1835 4311 2126 4387 passahoz
2146 4315 2332 4383 jutott
2354 4332 2457 4387 pa·

204 4405 354 4461 lotai
380 4403 644 4476 tabor-bg
671 4403 733 4460 es
763 4410 859 4460 azt
887 4405 1142 4473 mondta,
1170 4406 1325 4479 hogy
1351 4408 1525 4476 ezele,
1546 4408 1768 4472 hossas,
1797 4405 1992 4463 sasima
2019 4406 2203 4477 uinco,
2228 4404 2457 4475 mennyi

200 4496 310 4550 koc
326 4496 447 4552 aira
473 4498 629 4551 fiunt
654 4495 796 4566 volt,
821 4495 922 4552 kik
951 4513 1020 4551 az
1042 4493 1149 4571 var
1179 4492 1543 4569 segetsigere
1571 4495 1837 4553 mennek.
1875 4496 1965 4553 ΑΖ
1991 4514 2167 4569 passa
2194 4494 2457 4568 ejuzaka

204 4586 565 4655 eluzalndott,
591 4574 755 4642 futva
783 4589 953 4655 ment,
975 4581 1301 4651 sator-eka,
1326 4582 1490 4657 eleut,
1511 4582 1861 4642 ezerszdmot
1887 4590 1977 4643 ott
2002 4582 2452 4659 hagyvdnlssmeg

201 4679 502 4734 umzkot
526 4679 580 4733 is
608 4685 800 4748 egyet.
2150 4704 2153 4709 >
