3293 5219
754 271 908 350 256

756 490 1061 580 veniret,
1100 489 1496 587 hospitium
1537 488 1767 562 daret.
1809 487 1958 563 Sed
1987 488 2434 586 procedente
2473 498 2825 588 tempore,
2849 513 3014 565 cum

751 617 877 691 ille
950 615 1315 714 repetenti
1355 614 1667 689 reddere
1722 612 1974 705 nollet,
2034 616 2372 712 quamvis
2431 614 2527 688 ad
2565 622 3014 712 ‘praetorem

754 767 888 842 per
943 742 1348 817 familiares
1407 742 1806 822 retulisset,
1867 738 2192 838 nihilque
2252 742 2473 832 aliud,
2517 764 2733 838 quam
2777 743 3015 816 verba

753 868 1284 944 contumeliosa
1356 867 1808 964 accepisset,
1922 863 2359 957 Sentaviae,
2431 891 2621 964 quae
2680 875 3016 942 mercatu

757 994 1180 1070 animalium
1218 993 1542 1067 celebris
1566 1000 1703 1084 est,
1748 993 2130 1089 cuiusdam
2168 994 2347 1068 lanii
2389 993 2818 1068 viennensis
2867 1017 3022 1068 cer·

756 1130 875 1195 tas
923 1143 1123 1213 oves,
1182 1143 1324 1217 quo
1366 1118 1807 1193 creditorem
1870 1141 2075 1193 suum
2119 1118 2215 1192 ad
2245 1118 2857 1194 satisfaciundum
2902 1143 3020 1193 co-

755 1253 989 1341 geret,
1031 1244 1349 1320 retinuit.
1392 1243 1947 1318 Maximilianus
1987 1266 2168 1341 ergo
2209 1246 2749 1343 respondebat:
2793 1244 3020 1320 Prae-

756 1381 993 1447 torem
1019 1374 1188 1466 jure
1228 1370 1549 1444 civitatis
1588 1392 1819 1460 usum,
1858 1377 2101 1445 tamen
2139 1394 2300 1446 cum
2344 1373 2439 1446 ad
2479 1372 2721 1446 dotem
2760 1372 3018 1447 uxoris

755 1496 1283 1574 restituendam
1319 1495 1565 1569 valide
1627 1496 2281 1592 constringeretur,
2323 1521 2461 1573 nec
2512 1521 2594 1572 se
2637 1498 3018 1572 dimissum

754 1625 847 1699 iri
922 1625 1180 1707 sciret,
1260 1632 1653 1721 antequam
1753 1624 2189 1720 sponderet,
2287 1624 2491 1699 illam
2566 1647 2872 1701 causam
2947 1626 3018 1697 in

764 1752 1085 1849 speciem
1139 1749 1402 1823 obduci
1468 1748 1954 1844 intelligebat.
2017 1750 2103 1824 Id
2162 1753 2573 1849 exemplum
2648 1773 3019 1849 nunquam

763 1885 983 1952 antea
1018 1878 1096 1950 in
1133 1876 1465 1973 principe
1520 1874 1678 1948 viro
1728 1876 2216 1971 commissum,
2258 1880 2362 1953 ita
2437 1887 2584 1953 tum
2640 1877 3008 1953 hominem

765 2003 1275 2094 exacerbarat,
1332 2010 1411 2076 ut
1458 2004 1751 2097 juraret
1802 2025 2174 2099 nunquam
2208 2028 2307 2099 se
2367 2005 2679 2105 amplius
2739 2005 2815 2078 in
2876 2004 3018 2077 Au·

766 2130 1021 2205 striam
1060 2139 1463 2220 venturum,
1507 2150 1951 2224 quamquam
2013 2128 2320 2204 levitate
2362 2131 2641 2228 ingenii
2681 2153 2824 2205 non
2867 2153 3017 2204 ser-

769 2259 1011 2353 vavit3
1051 2279 1189 2331 nec
1227 2256 1558 2331 crebrior
1594 2264 1749 2329 toto
1789 2279 2020 2351 regno
2052 2279 2294 2331 sermo
2336 2281 2468 2355 per
2509 2259 2778 2332 multos
2819 2280 3012 2330 men-

769 2406 892 2458 ses
924 2384 1080 2477 fuit,
1117 2391 1198 2458 ut
1235 2381 1537 2477 majoris
1561 2380 1873 2477 alicujus
1898 2383 2005 2455 rei
2045 2404 2273 2457 causa
2293 2384 2520 2478 vulgo
2573 2383 3018 2457 crederetur.

768 2510 1225 2585 Electionem
1299 2509 1581 2603 regiam
1642 2532 1689 2580 a
1727 2508 2386 2601 Lacedaemoniis,
2450 2510 2572 2605 qui
2630 2532 2721 2582 ex
2778 2508 3017 2582 Hera-

768 2636 1121 2711 clidarum
1141 2634 1442 2712 familiis
1464 2657 1688 2730 reges
1711 2632 2110 2732 eligebant,
2136 2637 2253 2711 vel
2296 2660 2494 2713 more
2522 2637 3017 2712 Romanorum

771 2771 1085 2840 sumtam
1127 2762 1598 2857 amajoribus
1631 2765 2069 2860 accepimus.
2131 2765 2247 2838 Ita
2288 2764 2841 2839 Maximilianus
2882 2762 3022 2837 Idi·

771 2892 908 2964 bus
927 2887 1486 2987 Septembribus
1502 2888 1576 2961 in
1591 2888 1778 2962 aede
1802 2887 1952 2961 divi
1966 2889 2267 2963 Martini
2289 2913 2424 2987 per
2439 2887 2860 2985 Strigonien
2869 2909 3021 2960 sem

769 3024 1182 3092 coronatur.
1250 3013 1369 3089 Ad
1410 3015 1955 3090 coronationem
1996 3038 2231 3110 neque
2292 3016 2586 3113 legatos
2645 3015 3023 3091 comitatu·

771 3164 910 3234 um,
950 3164 1187 3239 neque
1225 3142 1684 3216 nobilitatem
1741 3141 2090 3215 introisse
2148 3149 2480 3236 constat,
2540 3151 2613 3217 et
2648 3142 2942 3237 aliquos
2982 3165 3023 3213 a

769 3269 1136 3346 vestibulo
1188 3267 1444 3366 templi
1482 3275 1788 3342 vocatos
1828 3267 2220 3364 abnuisse3
2260 3267 2333 3341 in
2375 3269 2637 3343 aedem
2674 3265 3022 3342 Francis·

776 3416 1116 3470 canorum
1194 3394 1364 3468 hinc
1419 3394 1734 3492 pedibus
1812 3392 2027 3485 itum,
2097 3403 2170 3467 et
2254 3416 2510 3469 sacros
2588 3393 2858 3468 milites
2936 3392 3024 3464 de

771 3520 1122 3596 tribunali
1163 3519 1388 3614 dixit3
1428 3519 1596 3594 inde
1620 3517 2051 3593 conscensis
2070 3522 2280 3616 equis
2320 3529 2538 3596 extra
2574 3529 2885 3619 portam,
2926 3517 3023 3591 ibi

773 3646 1126 3722 tribunali
1202 3646 1646 3721 circumfusa
1706 3645 2166 3721 multitudine
2231 3646 2721 3743 JurisJurandi
2800 3644 3027 3719 verba

775 3774 981 3847 clara
1018 3794 1199 3845 voce
1237 3779 1640 3870 praeeunte
1676 3769 2162 3866 Srigoniense
2201 3757 2563 3847 recitavit.
2603 3769 3024 3846 Danubium

777 3920 1040 3973 versus
1079 3905 1345 3995 postea
1367 3905 1683 3989 ventum,
1726 3921 1813 3972 ac
1852 3922 1945 3971 ex
1984 3898 2256 3972 tumulo
2299 3898 2387 3972 de
2426 3896 2790 3972 industria
2825 3896 3024 3969 facto

778 4023 874 4098 ad
909 4023 1180 4122 plagas
1218 4023 1293 4097 in
1332 4044 1519 4120 equo
1561 4022 1896 4097 strictum
1936 4021 2260 4098 vibravit
2298 4046 2571 4099 ensem.

1001 4148 1356 4225 Proxima
1417 4149 1534 4223 die
1591 4148 1838 4223 Maria
1894 4170 2099 4241 uxor,
2184 4149 2590 4246 eademque
2649 4168 2864 4223 soror
2904 4168 3029 4243 pa·

777 4276 1036 4351 truelis
1093 4299 1228 4373 per
1284 4275 1894 4373 besprimiensem
1960 4275 2395 4371 pontificem,
2453 4274 2760 4370 antiqua
2819 4293 3026 4368 prae-

779 4403 1124 4497 rogativa
1162 4410 1516 4478 coronata
1547 4409 1665 4476 est
1699 4400 2002 4498 propria
2039 4422 2309 4475 corona
2348 4407 2421 4474 et
2444 4396 3024 4498 pretiosissima;

777 4526 1037 4618 altera,
1077 4550 1267 4624 quae
1305 4550 1562 4622 regum
1601 4534 1737 4616 est,
1775 4527 2151 4601 humerum
2173 4525 2438 4602 saltem
2476 4525 2742 4599 leniter
2781 4531 3025 4614 tacta3
