3293 5219
2503 313 2613 397 45

355 530 449 607 ad
487 530 803 606 hiemem
862 529 1055 603 enim
1106 526 1426 624 perferri
1484 548 1710 625 posse
1766 525 2260 621 obsidionem,
2319 527 2608 605 hostem

354 666 600 734 autem
656 658 731 732 in
788 656 1056 733 castris
1118 654 1518 730 hibernare
1575 677 1721 729 non
1778 677 1948 729 esse
1988 655 2324 752 solitum3
2380 678 2606 756 posse

350 786 652 865 tandem
687 809 825 883 per
863 782 1318 882 eruptionem
1357 782 1600 873 exire,
1652 790 1727 856 et
1764 781 1837 854 in
1874 781 2039 856 loca
2075 805 2340 857 secura
2378 782 2606 857 abire.

352 912 575 1006 Quod
613 909 998 985 consilium
1033 930 1180 983 non
1218 905 1418 982 aliud
1457 914 1657 1000 erat,
1716 930 1932 1004 quam
1971 931 2279 1005 regnum
2317 908 2607 984 univer-

352 1064 515 1116 sum
552 1036 629 1111 in
665 1026 1025 1134 praedam
1062 1034 1452 1126 dare,nam
1472 1039 1622 1106 tum
1660 1033 1920 1130 procul
1958 1032 2178 1108 dubio
2204 1037 2364 1131 Jam
2394 1033 2610 1109 amis-

353 1190 515 1241 sum
550 1163 859 1256 fuisset3
900 1161 1083 1237 duce
1122 1160 1311 1236 enim
1350 1160 1667 1259 profugo
1710 1168 1784 1234 et
1817 1160 2125 1255 incluso,
2174 1183 2318 1236 non
2360 1162 2594 1255 miles,

352 1316 500 1369 non
537 1292 777 1382 homo,
816 1312 961 1365 non
1000 1288 1415 1363 mortalium
1453 1287 1865 1385 quisquam,
1893 1312 2034 1363 non
2075 1290 2441 1388 oppidum,
2463 1312 2607 1365 non

354 1444 514 1512 arx,
535 1441 683 1492 non
704 1419 910 1493 locus
933 1416 1126 1491 ullus
1149 1414 1588 1489 obstitisset.
1611 1411 2123 1492 Certissimum
2148 1424 2283 1510 est,
2322 1416 2610 1492 hostem

353 1570 597 1645 parva
614 1567 835 1618 manu
872 1542 1542 1641 Transsylvaniam
1581 1542 1655 1616 in
1677 1550 2121 1641 potestatem
2161 1566 2371 1618 suam
2406 1542 2608 1617 nullo

353 1672 654 1769 negotio
668 1671 1014 1767 nulloque
1035 1668 1361 1765 periculo
1383 1667 1727 1765 redigere
1739 1668 2094 1764 potuisse;
2108 1669 2214 1744 ita
2232 1694 2367 1745 nec
2384 1670 2460 1744 in
2482 1668 2606 1773 du-

362 1799 576 1874 cibus
618 1786 1001 1872 consiliu'r'n
1027 1854 1044 1889 ,
1085 1820 1222 1871 nec
1261 1796 1334 1869 in
1374 1794 1734 1870 militibus
1771 1788 2225 1894 praesidium
2265 1803 2445 1871 erat.
2506 1794 2607 1870 At

361 1926 620 2001 hostes
660 1924 735 1998 in
776 1924 1095 1999 diversis
1133 1923 1315 1998 locis
1376 1921 1677 1997 diversa
1732 1921 1936 1996 bella
1999 1929 2073 1997 et
2110 1922 2607 1998 formidabilia

358 2052 801 2128 inferebant.
897 2051 1088 2126 Nam
1144 2074 1277 2150 per
1316 2048 1505 2124 idem
1547 2056 1837 2147 tempus
1897 2056 1971 2124 et
2027 2048 2179 2148 Aly
2206 2051 2438 2125 bassa
2474 2052 2604 2125 bu-

355 2178 608 2254 densis
663 2176 862 2251 haud
898 2200 1130 2273 segne
1169 2175 1446 2251 bellum
1483 2176 1837 2272 gerebat,
1895 2176 2359 2251 occasionem
2402 2177 2603 2250 mini-

357 2331 468 2381 me
547 2302 1067 2401 negligendam
1141 2309 1370 2376 ratus.
1465 2300 1805 2399 Namque
1879 2303 1932 2379 J
1938 2326 2215 2379 oannes
2278 2303 2494 2402 Paxy
2533 2297 2600 2400 *)

356 2431 777 2532 praefectus
850 2427 1251 2527 Bezprimii
1337 2427 1431 2501 ad
1506 2426 2056 2503 Ferdinandum
2132 2435 2604 2504 concesserat

358 2558 639 2635 auxilia
675 2566 750 2632 et
787 2555 1160 2655 stipendia
1198 2552 1651 2630 sollicitandi
1690 2544 1996 2648 caussa,
2054 2579 2188 2652 pro
2225 2555 2602 2657 praesidio

353 2687 615 2786 paucis
668 2683 1041 2784 peditibus
1101 2691 1176 2757 et
1227 2706 1685 2782 paganorum
1740 2682 2112 2758 incondita
2147 2684 2601 2761 multitudine

354 2814 637 2889 relicta.
699 2807 988 2885 Civitas
1044 2816 1345 2907 praeter
1394 2831 1645 2884 muros
1703 2808 1884 2883 nihil
1922 2808 2341 2885 munitionis
2380 2811 2604 2887 habe-

355 2943 525 3036 bat,
567 2945 647 3014 at
685 2962 819 3012 arx
856 2937 1283 3035 perampla,
1323 2943 1397 3010 et
1433 2935 1508 3009 in
1548 2934 1745 3011 edito
1786 2935 1932 3009 sita
1970 2936 2158 3010 satis
2185 2936 2463 3012 munita
2500 2937 2603 3012 vi-

357 3067 692 3142 debatur.
767 3061 1069 3162 Septem
1126 3061 1286 3138 dies
1341 3061 1624 3161 pariter
1700 3069 1774 3136 et
1836 3069 2088 3137 noctes
2164 3063 2314 3161 Aly
2372 3064 2605 3139 bassa

358 3191 756 3270 tormentis
833 3189 1173 3265 continue
1248 3210 1495 3263 muros
1552 3188 2114 3283 diverberabat,
2187 3189 2383 3266 haud
2458 3215 2604 3266 ma-

355 3341 502 3415 gno
543 3325 959 3392 nostrorum
999 3314 1352 3415 periculo,
1394 3321 1843 3413 procurante
1881 3316 2247 3393 Michaele
2290 3318 2449 3394 Vas
2488 3343 2603 3393 ca·

353 3444 694 3537 stellano,
757 3442 917 3517 viro
974 3441 1289 3540 impigro
1346 3449 1420 3515 et
1472 3446 1835 3540 prompto,
1892 3442 2037 3515 nisi
2073 3444 2291 3518 turba
2329 3452 2604 3519 temere

354 3571 703 3661 collecta,
753 3568 1282 3671 stipendiorum
1322 3568 1843 3665 intempestiva
1878 3566 2375 3665 flagitatione,
2414 3593 2603 3668 quae

352 3697 646 3773 sciebat
678 3696 1036 3795 pecuniae
1074 3694 1325 3794 inopia
1364 3695 1509 3770 sibi
1550 3694 1938 3792 denegari,
1978 3695 2418 3772 seditionem
2454 3718 2600 3770 mo-

573 3982 637 4049 ff)
657 3979 900 4040 Ietvdnfl
913 3983 1197 4056 jegyzete
1223 4003 1236 4041 ε
1275 3981 1541 4038 Joennee
1562 3980 1724 4055 Paxy
1746 3999 1859 4040 non
1882 3980 1955 4039 ad
1978 4000 2187 4057 regem,
2215 3978 2317 4039 sed
2361 3979 2435 4039 ad
2475 3998 2607 4040 uxo·

355 4091 476 4130 rem
519 4089 684 4128 suam
724 4078 1002 4142 venerat,
1061 4078 1120 4128 et
1175 4072 1249 4128 nd
1288 4071 1711 4145 praefecturam
1770 4076 2309 4143 comaromiensem‚
2362 4090 2512 4144 quae
2551 4073 2606 4129 ei

353 4165 490 4221 data
528 4163 734 4233 fuerat,
773 4167 836 4220 et
869 4162 1182 4236 Vesprimii
1219 4163 1588 4236 praefectura
1629 4164 1806 4220 Petro
1850 4163 2045 4229 Peteo,
2073 4181 2244 4235 quem
2282 4163 2383 4219 ille
2420 4163 2604 4220 noluit

359 4254 684 4322 admittere,
723 4255 1152 4334 praetendens(
1168 4272 1233 4311 se
1273 4255 1348 4311 ab
1387 4255 1656 4327 episcopo
1695 4259 1754 4311 et
1790 4254 2046 4326 capitulo
2085 4255 2340 4311 decimae
2378 4255 2606 4325 emisse,

354 4362 461 4401 nec
500 4346 556 4400 ei
594 4345 798 4401 cedere
837 4345 1007 4401 velle.
1065 4342 1236 4400 Unde
1275 4343 1427 4401 inter
1463 4343 1571 4400 has
1610 4345 2009 4401 contentiones
2047 4363 2147 4401 arx
2188 4363 2224 4403 a
2260 4345 2464 4402 Tur-cis
2504 4344 2600 4401 ob-

353 4449 519 4492 scena
567 4440 859 4508 captaque
914 4433 1062 4507 fuit3
1116 4434 1190 4490 ob
1247 4435 1398 4508 quod
1452 4434 1736 4509 flagitium
1790 4434 1954 4507 Paxy
1989 4437 2362 4510 suspendium
2398 4435 2608 4493 fnisset

355 4524 600 4581 meritus
621 4564 636 4590 ,
678 4525 779 4580 sed
836 4524 1023 4580 mnus
1078 4541 1180 4580 rex
1235 4525 1469 4582 silentio
1526 4527 1863 4592 transminit,
1902 4533 1963 4583 et
2000 4528 2056 4584 ei
2092 4528 2605 4585 comaromleneem

354 4612 784 4685 praefecturam
825 4613 1003 4669 dedit.
