3293 5219
2393 337 2545 414 257

284 564 800 652 argumentum
854 553 1152 629 feminei
1192 574 1417 629 sexus
1456 555 1735 631 nullum
1770 574 1776 580 ·
1812 556 1888 630 in
1928 579 2159 653 regno
2182 561 2309 655 jus
2351 556 2543 632 obti-

279 683 553 757 nentis.
596 682 717 757 De
755 679 1199 780 imponenda
1260 680 1490 779 capiti
1544 682 1750 778 regis
1792 703 2066 757 corona
2100 683 2296 758 inter
2330 683 2539 778 pala-

273 808 511 884 tinum
602 815 676 883 et
735 803 1325 902 Strigoniensem
1380 807 1456 880 in
1513 829 1604 881 ea
1643 808 2208 901 consultatione,
2262 809 2355 884 de
2394 832 2542 905 qua

269 958 504 1032 supra
563 933 903 1027 diximus,
964 932 1474 1030 quaestionem
1533 934 1873 1009 obortam
1929 943 2006 1010 et
2040 935 2138 1010 ad
2176 935 2537 1030 cognitio-

264 1086 437 1136 nem
476 1060 748 1135 comitii
786 1060 1091 1135 dilatam
1148 1080 1346 1132 mors
1384 1058 1697 1157 palatini
1735 1060 2253 1160 intempestive
2294 1070 2532 1137 sustu-

270 1186 381 1262 lit.
427 1186 613 1262 Post
668 1185 855 1263 haec
896 1186 1194 1283 aliquot
1241 1185 1400 1259 dies
1459 1185 1725 1285 epulis,
1786 1188 2255 1285 spectaculis,
2309 1188 2536 1263 ludis-

266 1337 414 1412 que
531 1313 1000 1411 equestribus
1076 1313 1517 1410 consumpti.
1614 1315 1818 1388 Inter
1891 1336 2081 1411 quae
2139 1313 2533 1390 simulacro

264 1441 553 1538 Trojae
630 1440 990 1536 praebito,
1051 1462 1211 1513 cum
1289 1440 1648 1535 magister
1722 1441 1918 1535 ignis
1976 1441 2387 1517 artificialis
2443 1464 2534 1515 ex

258 1568 573 1666 pulvere
669 1565 1150 1642 tormentario
1191 1567 1457 1663 parati,
1549 1566 1734 1641 nihil
1792 1567 1997 1665 prius
2092 1566 2529 1664 significans

260 1693 799 1787 succendisset,
859 1702 1371 1790 momentoque
1429 1694 1675 1769 omnia
1732 1694 2234 1792 corripuisset,
2290 1716 2528 1790 neque

260 1821 810 1897 confertissima
847 1817 1234 1896 multitudo
1273 1842 1419 1894 uno
1459 1820 1726 1894 saltem
1749 1843 1983 1917 eoque
2021 1830 2337 1918 augusto
2378 1824 2529 1899 adi-

254 1957 336 2025 tu
376 1947 582 2024 elabi
616 1945 1145 2045 possetzmulti
1183 1945 1356 2041 igne
1378 1945 1712 2043 periere3
1751 1947 2087 2044 plerique
2108 1969 2277 2022 sese
2314 1972 2528 2046 prae-

259 2074 706 2173 cipitarunt3
801 2080 875 2147 et
931 2094 1096 2148 cum
1167 2070 1297 2146 alii
1357 2071 1547 2148 alios
1603 2080 2086 2169 praevertere
2144 2082 2521 2166 conantur,

255 2201 455 2276 inter
503 2198 871 2275 flammam
912 2207 986 2274 et
1006 2220 1260 2274 casum
1279 2197 1777 2275 miserandum
1801 2201 2301 2298 spectaculum
2327 2201 2417 2278 de
2437 2226 2520 2279 se

253 2327 698 2427 praebuere.
727 2326 966 2402 Erant
997 2325 1122 2422 qui
1166 2325 1243 2399 id
1280 2324 1699 2401 incendium
1719 2325 1911 2401 inter
1947 2325 2146 2402 mala
2184 2329 2522 2426 auspicia

248 2461 757 2530 numerarent.
797 2453 1160 2529 Melchior
1183 2460 1430 2529 autem
1449 2451 1737 2528 Robles
1758 2452 2120 2551 hispanus
2159 2462 2376 2530 atrox
2410 2456 2520 2530 fa-

249 2582 464 2659 cinus
487 2605 732 2678 ausus,
755 2584 807 2661 J
815 2582 1177 2661 ohannem
1198 2579 1428 2657 Peteo
1453 2581 2071 2659 cubiculariorum
2086 2584 2520 2681 magistrum

245 2711 455 2787 fuste
492 2710 880 2810 percussit,
903 2710 1144 2784 excito
1170 2709 1557 2804 sangvine,
1583 2732 1742 2783 cum
1767 2710 2003 2785 altero
2044 2711 2245 2785 socio
2286 2711 2517 2786 scele-

242 2838 376 2941 ris,
400 2838 527 2935 qui
548 2816 959 2936 sclopetum
976 2834 1390 2927 intentavit,
1404 2835 1536 2910 sed
1557 2836 1962 2935 displosum
1979 2860 2125 2913 non
2139 2846 2275 2929 est,
2289 2861 2377 2913 ac
2391 2838 2518 2914 ad-

242 2965 481 3038 misso
496 2985 685 3061 equo
701 2962 1035 3062 dilapsus
1052 2969 1168 3038 est
1182 2986 1198 3057 3
1214 2968 1484 3060 postea
1502 2961 1674 3057 lege
1691 2964 2105 3058 majestatis
2129 2963 2516 3041 damnatus

236 3115 532 3189 poenas
545 3090 768 3166 dedit.
787 3091 956 3167 Non
970 3088 1168 3165 aliud
1182 3089 1548 3164 comitium
1562 3089 1700 3165 fuit
1715 3089 1956 3185 magis
1968 3089 2336 3166 turbidum
2347 3112 2514 3189 pro-

235 3227 413 3316 pter
469 3240 888 3294 communes
964 3225 1039 3292 et
1074 3216 1435 3291 maximas
1493 3216 2083 3313 conquestiones.
2143 3216 2338 3292 Nam
2398 3216 2502 3290 di-

240 3344 567 3445 sciplina
627 3344 930 3421 militari
969 3341 1254 3441 pridem
1313 3342 1699 3433 dissoluta,
1758 3342 1970 3417 miles
2028 3342 2346 3418 villatim
2385 3365 2512 3417 va·

237 3471 434 3569 gari,
494 3494 782 3569 rapere,
841 3470 1206 3570 praedari,
1268 3469 1461 3545 dicto
1518 3469 1985 3544 inobediens‘
2014 3490 2228 3564 esse3
2286 3476 2361 3544 et
2417 3490 2504 3543 eo

235 3598 488 3696 magis
528 3621 670 3697 quo
696 3598 860 3696 quis
898 3600 1288 3697 potentior,
1310 3595 1773 3674 latrocinium
1810 3617 1947 3693 pro
1985 3593 2246 3669 militia
2283 3595 2509 3670 habe-

235 3726 346 3821 ri;
422 3748 598 3801 raro
676 3725 1051 3823 stipendia
1106 3725 1651 3824 pendebantur,
1731 3746 1960 3820 supra
2007 3721 2506 3820 quadraginta

235 3850 625 3950 plerisque
706 3850 1187 3926 debebantur.
1294 3849 1751 3925 Accesserat
1828 3850 2023 3946 quod
2069 3848 2250 3927 nulli
2306 3850 2502 3925 bono

235 3977 751 4075 magistratus,
812 3976 1236 4072 dignitates,
1273 3977 1819 4075 praefecturae,
1861 3999 1950 4051 ac
1998 3975 2329 4074 praemia
2383 3974 2506 4050 da-

233 4102 536 4198 bantur3
560 4101 1219 4178 sceleratissimum
1245 4127 1604 4200 quemque
1621 4125 1765 4177 non
1779 4124 2042 4200 poena,
2067 4123 2320 4177 verum
2358 4101 2503 4176 lar·

231 4229 523 4327 gitione
561 4229 885 4305 retinere
925 4229 1332 4304 industriae
1355 4236 1549 4324 erat;
1574 4250 1847 4304 causae
1886 4235 2308 4303 cunctarum
2347 4250 2497 4302 ma-

231 4357 475 4431 larum
518 4355 826 4451 artium;
866 4356 1163 4454 impune
1201 4354 1449 4431 omnia
1485 4356 1740 4431 facere
1779 4378 1869 4430 ac
1925 4354 2119 4453 pati3
2150 4352 2502 4451 judicium

230 4503 652 4585 nunquam,
705 4485 833 4579 jus
905 4482 1183 4559 nullum
1240 4481 1402 4559 fieri
1461 4482 1914 4559 consuetudo
1980 4502 2174 4557 esse.
2267 4478 2502 4554 Deni-

230 4630 381 4705 que
407 4615 642 4702 ·metu,
679 4608 963 4698 favore,
1006 4610 1131 4685 vel
1189 4608 1432 4711 pretio
1484 4610 1752 4705 omnia,
1795 4610 2154 4707 pleraque
2191 4604 2497 4682 fortuito

345 4773 553 4812 uom-
585 4773 751 4813 BUUG.
773 4776 913 4815 mer.
943 4777 1141 4815 flom-
1162 4777 1274 4815 xvh
2074 4731 2172 4807 17
