3293 5219
931 1491 1400 1588 LIBER
1454 1487 2153 1588 DECIMUS
2214 1488 2953 1591 QUARTUS.

1782 1739 2106 1752 ——

1033 1924 1443 2022 Insequens
1482 1945 1719 1997 annus
1742 1923 2174 1999 millesimus
2196 1923 2831 2020 quingentesimus
2858 1944 3047 1997 sexa·

818 2050 1147 2146 gesimus
1168 2056 1472 2149 quartus
1491 2057 1725 2124 morte
1744 2049 2076 2125 caesaris
2086 2050 2546 2125 acbellorum
2567 2050 2794 2125 initiis
2808 2070 3046 2124 memo·

816 2179 1080 2254 rabilis
1115 2177 1274 2253 fuit.
1314 2177 1535 2253 Initio
1593 2176 1768 2251 anui
1823 2199 2086 2252 caesar
2124 2184 2520 2274 aegrotare
2589 2177 2866 2275 coepit3
2903 2196 3046 2249 sen·

818 2306 1101 2403 simque
1154 2304 1577 2380 labantibus
1634 2304 1943 2389 viribus,
2001 2313 2077 2379 et
2130 2305 2204 2378 vi
2276 2305 2518 2382 morbi
2575 2311 3043 2401 gravescente

820 2432 943 2506 diu
980 2430 1342 2524 decubuit,
1382 2452 1656 2505 coenae
1712 2436 2048 2529 tempore
2104 2429 2202 2504 ad
2255 2430 2562 2507 multam
2612 2455 2850 2529 usque
2895 2451 3043 2505 noc·

816 2567 965 2634 tem
1002 2580 1380 2634 sacrorum
1419 2579 1767 2633 versuum
1824 2556 2255 2634 harmoniae
2311 2565 2691 2655 concentu,
2732 2581 2871 2657 quo
2905 2556 3045 2657 plu·-

818 2685 1078 2761 rimum
1157 2686 1669 2761 delectabatur
1703 2743 1718 2774 ,
1777 2709 1948 2762 sese
2005 2687 2435 2781 recreabat3
2491 2709 2585 2761 ne
2675 2694 2829 2761 tum
2915 2681 3048 2780 qui·

823 2812 985 2887 dem
1023 2834 1339 2908 parcens
1379 2811 1797 2906 laboribus3
1838 2810 1973 2886 sed
2011 2811 2362 2908 graviora
2398 2811 2703 2908 negotia
2738 2811 2899 2910 ipse
2933 2834 3039 2886 ex·

822 2938 1195 3036 pediebat,
1264 2937 1557 3014 litteras
1598 2938 1822 3014 etiam
1864 2939 1938 3013 in
2003 2936 2273 3013 lectulo
2333 2938 2706 3036 signabat.
2764 2937 3043 3012 Diutino

815 3065 1107 3140 tandem
1153 3067 1406 3141 morbo
1431 3067 1833 3157 confectus,
1873 3087 2021 3140 non
2063 3063 2390 3140 violenta
2429 3065 2723 3163 quidem
2762 3073 2836 3139 et
2869 3064 3049 3138 lenta

814 3199 1068 3284 morte,
1097 3192 1414 3291 expiatis
1442 3201 1611 3267 ante
1639 3191 1994 3290 peccatis,
2027 3216 2220 3267 nono
2244 3189 2553 3267 Calend.
2576 3189 2898 3287 Augusti
2915 3189 3048 3262 vita

744 3339 747 3342 “
816 3318 1159 3394 decessit.
1219 3315 1509 3392 Ceteris
1566 3317 1960 3392 virtutibus
1982 3319 2242 3392 merito
2265 3317 2698 3412 laudandus,
2737 3316 3047 3392 militiam

816 3469 954 3531 nec
973 3444 1304 3521 exercuit
1321 3466 1708 3541 praesens,
1729 3443 2018 3519 unicum
2042 3443 2268 3520 decus
2306 3466 2587 3541 regum,
2606 3467 2849 3543 neque
2901 3465 3045 3540 pro-

813 3594 1039 3669 spera
1078 3570 1413 3652 ¹fortuna
1524 3566 1727 3645 bello
1787 3591 1985 3645 usus.
2101 3567 2459 3656 Consiliis
2517 3569 2842 3659 validus,
2932 3567 3045 3642 sed

808 3697 1396 3773 consiliariorum
1445 3697 1741 3773 monitis
1796 3698 1966 3795 plus
2003 3721 2240 3794 aequo
2280 3697 2663 3794 inligatus,
2723 3696 2820 3771 ad
2883 3717 3043 3793 quos

811 3826 1034 3900 etiam
1072 3824 1266 3900 male
1306 3825 1643 3901 consulta
1681 3825 2214 3900 referebantur.
2257 3824 2493 3900 Paulo
2547 3829 2721 3898 ante
2761 3830 3043 3900 mortem

809 3951 1167 4026 svadente
1190 3950 1599 4026 Francisco
1625 3950 2056 4049 Batthiany,
2077 3958 2421 4046 parceret
2440 3949 2851 4044 laboribus,
2873 3949 3041 4034 Non,

810 4078 1067 4175 inquit,
1105 4075 1408 4151 labores
1448 4101 1561 4152 me
1603 4077 2020 4169 conficiunt,
2078 4077 2175 4153 ad
2215 4098 2399 4174 quos
2439 4061 2657 4154 natus
2698 4099 2884 4168 sum,
2921 4071 3037 4148 sed

808 4226 971 4278 mea
1010 4205 1209 4279 mala
1244 4204 1584 4295 fortuna,
1623 4203 2116 4278 Maximiliani
2135 4199 2777 4297 Lutheranismus,
2824 4211 2898 4277 et
2929 4200 3043 4274 illa

807 4332 1006 4405 mala
1061 4330 1324 4406 mulier
1343 4328 1421 4421 ¹⁸)
1478 4329 1938 4405 Ferdinandi
1993 4328 2148 4405 filii.
2209 4329 2417 4406 Idem
2462 4336 2766 4428 petente
2821 4323 3050 4403 Maxi·‘

984 4579 1044 4645 ἰ>
1071 4575 1315 4636 Istvanfi
1335 4579 1639 4651 jegyzetez
1679 4579 2034 4652 Philippina.
