<?xml version="1.0" encoding="UTF-8"?>
<!DOCTYPE html PUBLIC "-//W3C//DTD XHTML 1.0 Transitional//EN"
    "http://www.w3.org/TR/xhtml1/DTD/xhtml1-transitional.dtd">
<html xmlns="http://www.w3.org/1999/xhtml" xml:lang="en" lang="en">
 <head>
  <title>
</title>
<meta http-equiv="Content-Type" content="text/html;charset=utf-8" />
  <meta name='ocr-system' content='tesseract 3.04.00' />
  <meta name='ocr-capabilities' content='ocr_page ocr_carea ocr_par ocr_line ocrx_word'/>
</head>
<body>
  <div class='ocr_page' id='page_1' title='image "./magyarhistorija00bpgoog/magyarhistorija00bpgoog_0224.png"; bbox 0 0 3293 5219; ppageno 0'>
   <div class='ocr_carea' id='block_1_1' title="bbox 900 393 1048 470">
    <p class='ocr_par' dir='ltr' id='par_1_1' title="bbox 900 393 1048 470">
     <span class='ocr_line' id='line_1_1' title="bbox 900 393 1048 470; baseline 0.007 -1"><span class='ocrx_word' id='word_1_1' title='bbox 900 393 1048 470; x_wconf 88' lang='grc'>116</span> 
     </span>
    </p>
   </div>
   <div class='ocr_carea' id='block_1_2' title="bbox 891 608 3152 4764">
    <p class='ocr_par' dir='ltr' id='par_1_2' title="bbox 891 608 3152 4764">
     <span class='ocr_line' id='line_1_2' title="bbox 896 608 3145 714; baseline -0.001 -27"><span class='ocrx_word' id='word_1_2' title='bbox 896 611 1191 700; x_wconf 79' lang='lat' dir='ltr'>CaroIO,</span> <span class='ocrx_word' id='word_1_3' title='bbox 1249 610 1516 708; x_wconf 90' lang='lat' dir='ltr'>partim</span> <span class='ocrx_word' id='word_1_4' title='bbox 1576 612 1713 683; x_wconf 86' lang='lat' dir='ltr'>sub</span> <span class='ocrx_word' id='word_1_5' title='bbox 1756 633 1931 706; x_wconf 90' lang='lat' dir='ltr'>rege</span> <span class='ocrx_word' id='word_1_6' title='bbox 1993 608 2296 684; x_wconf 84' lang='lat' dir='ltr'>Galliae</span> <span class='ocrx_word' id='word_1_7' title='bbox 2356 609 2864 714; x_wconf 84' lang='lat' dir='ltr'>superioribus</span> <span class='ocrx_word' id='word_1_8' title='bbox 2928 613 3145 685; x_wconf 87' lang='lat' dir='ltr'>annis</span> 
     </span>
     <span class='ocr_line' id='line_1_3' title="bbox 893 735 3142 840; baseline -0.001 -26"><span class='ocrx_word' id='word_1_9' title='bbox 893 745 1345 825; x_wconf 82' lang='lat' dir='ltr'>meruerant,</span> <span class='ocrx_word' id='word_1_10' title='bbox 1426 735 1782 840; x_wconf 74' lang='lat' dir='ltr'>conducit,</span> <span class='ocrx_word' id='word_1_11' title='bbox 1827 743 1900 810; x_wconf 92' lang='lat' dir='ltr'>et</span> <span class='ocrx_word' id='word_1_12' title='bbox 1936 735 2031 811; x_wconf 88' lang='lat' dir='ltr'>ad</span> <span class='ocrx_word' id='word_1_13' title='bbox 2071 736 2213 811; x_wconf 90' lang='lat' dir='ltr'>duo</span> <span class='ocrx_word' id='word_1_14' title='bbox 2256 736 2576 834; x_wconf 91' lang='lat' dir='ltr'>equitum</span> <span class='ocrx_word' id='word_1_15' title='bbox 2614 739 3142 831; x_wconf 86' lang='lat' dir='ltr'>ungaricorum</span> 
     </span>
     <span class='ocr_line' id='line_1_4' title="bbox 896 861 3142 960; baseline -0.001 -20"><span class='ocrx_word' id='word_1_16' title='bbox 896 863 1169 960; x_wconf 89' lang='lat' dir='ltr'>millia;</span> <span class='ocrx_word' id='word_1_17' title='bbox 1281 862 1728 938; x_wconf 79' lang='lat' dir='ltr'>consultavit</span> <span class='ocrx_word' id='word_1_18' title='bbox 1804 862 2021 936; x_wconf 89' lang='lat' dir='ltr'>etiam</span> <span class='ocrx_word' id='word_1_19' title='bbox 2102 862 2189 936; x_wconf 93' lang='lat' dir='ltr'>de</span> <span class='ocrx_word' id='word_1_20' title='bbox 2281 861 2566 937; x_wconf 90' lang='lat' dir='ltr'>ratione</span> <span class='ocrx_word' id='word_1_21' title='bbox 2643 862 2822 936; x_wconf 92' lang='lat' dir='ltr'>belli</span> <span class='ocrx_word' id='word_1_22' title='bbox 2877 887 3142 959; x_wconf 83' lang='lat' dir='ltr'>geren-</span> 
     </span>
     <span class='ocr_line' id='line_1_5' title="bbox 899 988 3144 1087; baseline -0.002 -18"><span class='ocrx_word' id='word_1_23' title='bbox 899 993 993 1086; x_wconf 89' lang='lat' dir='ltr'>di,</span> <span class='ocrx_word' id='word_1_24' title='bbox 1033 993 1303 1069; x_wconf 86' lang='lat' dir='ltr'>alteris</span> <span class='ocrx_word' id='word_1_25' title='bbox 1344 1015 1502 1066; x_wconf 92' lang='lat' dir='ltr'>cum</span> <span class='ocrx_word' id='word_1_26' title='bbox 1542 998 1700 1066; x_wconf 87' lang='lat' dir='ltr'>tota</span> <span class='ocrx_word' id='word_1_27' title='bbox 1741 991 1926 1065; x_wconf 91' lang='lat' dir='ltr'>mole</span> <span class='ocrx_word' id='word_1_28' title='bbox 1948 989 2129 1064; x_wconf 90' lang='lat' dir='ltr'>belli</span> <span class='ocrx_word' id='word_1_29' title='bbox 2152 988 2515 1063; x_wconf 86' lang='lat' dir='ltr'>adversus</span> <span class='ocrx_word' id='word_1_30' title='bbox 2537 988 2690 1087; x_wconf 84' lang='lat' dir='ltr'>Aly</span> <span class='ocrx_word' id='word_1_31' title='bbox 2710 991 3019 1065; x_wconf 87' lang='lat' dir='ltr'>bassam</span> <span class='ocrx_word' id='word_1_32' title='bbox 3039 992 3144 1066; x_wconf 89' lang='lat' dir='ltr'>in-</span> 
     </span>
     <span class='ocr_line' id='line_1_6' title="bbox 896 1115 3149 1214; baseline -0.003 -18"><span class='ocrx_word' id='word_1_33' title='bbox 896 1119 1375 1196; x_wconf 88' lang='lat' dir='ltr'>cumbendum</span> <span class='ocrx_word' id='word_1_34' title='bbox 1417 1140 1609 1206; x_wconf 87' lang='lat' dir='ltr'>esse,</span> <span class='ocrx_word' id='word_1_35' title='bbox 1653 1116 1912 1190; x_wconf 90' lang='lat' dir='ltr'>alteris</span> <span class='ocrx_word' id='word_1_36' title='bbox 1951 1116 2305 1214; x_wconf 89' lang='lat' dir='ltr'>bipartito</span> <span class='ocrx_word' id='word_1_37' title='bbox 2342 1115 2868 1213; x_wconf 79' lang='lat' dir='ltr'>rempublicam</span> <span class='ocrx_word' id='word_1_38' title='bbox 2907 1117 3109 1191; x_wconf 90' lang='lat' dir='ltr'>admi</span> <span class='ocrx_word' id='word_1_39' title='bbox 3141 1163 3149 1170; x_wconf 87' lang='lat'><strong>·</strong></span> 
     </span>
     <span class='ocr_line' id='line_1_7' title="bbox 894 1243 3143 1322; baseline -0.004 0"><span class='ocrx_word' id='word_1_40' title='bbox 894 1246 1349 1322; x_wconf 89' lang='lat' dir='ltr'>nistrandam</span> <span class='ocrx_word' id='word_1_41' title='bbox 1376 1243 1894 1318; x_wconf 68' lang='lat' dir='ltr'>evadentibus:</span> <span class='ocrx_word' id='word_1_42' title='bbox 1940 1244 2009 1316; x_wconf 93' lang='lat' dir='ltr'>in</span> <span class='ocrx_word' id='word_1_43' title='bbox 2052 1243 2240 1316; x_wconf 90' lang='lat' dir='ltr'>hanc</span> <span class='ocrx_word' id='word_1_44' title='bbox 2297 1243 2735 1318; x_wconf 87' lang='lat' dir='ltr'>sententiam</span> <span class='ocrx_word' id='word_1_45' title='bbox 2775 1244 2957 1317; x_wconf 90' lang='lat' dir='ltr'>itum</span> <span class='ocrx_word' id='word_1_46' title='bbox 3001 1252 3143 1317; x_wconf 86' lang='lat' dir='ltr'>est.</span> 
     </span>
     <span class='ocr_line' id='line_1_8' title="bbox 896 1370 3142 1467; baseline -0.001 -19"><span class='ocrx_word' id='word_1_47' title='bbox 896 1372 1088 1448; x_wconf 90' lang='lat' dir='ltr'>Nam</span> <span class='ocrx_word' id='word_1_48' title='bbox 1180 1373 1450 1447; x_wconf 92' lang='lat' dir='ltr'>bellum</span> <span class='ocrx_word' id='word_1_49' title='bbox 1539 1370 2188 1445; x_wconf 86' lang='lat' dir='ltr'>transsilvanicum</span> <span class='ocrx_word' id='word_1_50' title='bbox 2266 1393 2353 1444; x_wconf 93' lang='lat' dir='ltr'>eo</span> <span class='ocrx_word' id='word_1_51' title='bbox 2429 1378 2940 1467; x_wconf 77' lang='lat' dir='ltr'>processerat,</span> <span class='ocrx_word' id='word_1_52' title='bbox 3059 1381 3142 1446; x_wconf 88' lang='lat' dir='ltr'>ut</span> 
     </span>
     <span class='ocr_line' id='line_1_9' title="bbox 896 1493 3150 1599; baseline -0.001 -25"><span class='ocrx_word' id='word_1_53' title='bbox 896 1499 1214 1599; x_wconf 89' lang='lat' dir='ltr'>quinque</span> <span class='ocrx_word' id='word_1_54' title='bbox 1255 1499 1596 1574; x_wconf 84' lang='lat' dir='ltr'>civitates</span> <span class='ocrx_word' id='word_1_55' title='bbox 1657 1493 2080 1593; x_wconf 87' lang='lat' dir='ltr'>Superioris</span> <span class='ocrx_word' id='word_1_56' title='bbox 2121 1496 2528 1592; x_wconf 89' lang='lat' dir='ltr'>Ungariae,</span> <span class='ocrx_word' id='word_1_57' title='bbox 2573 1519 2876 1595; x_wconf 90' lang='lat' dir='ltr'>quarum</span> <span class='ocrx_word' id='word_1_58' title='bbox 2926 1522 3150 1596; x_wconf 86' lang='lat' dir='ltr'>prae—</span> 
     </span>
     <span class='ocr_line' id='line_1_10' title="bbox 896 1620 3147 1725; baseline -0.002 -24"><span class='ocrx_word' id='word_1_59' title='bbox 896 1627 1113 1725; x_wconf 88' lang='lat' dir='ltr'>cipua</span> <span class='ocrx_word' id='word_1_60' title='bbox 1173 1632 1286 1698; x_wconf 90' lang='lat' dir='ltr'>est</span> <span class='ocrx_word' id='word_1_61' title='bbox 1326 1621 1711 1712; x_wconf 63' lang='lat' dir='ltr'>Cassovi‘a,</span> <span class='ocrx_word' id='word_1_62' title='bbox 1780 1623 1938 1717; x_wconf 90' lang='lat' dir='ltr'>jam</span> <span class='ocrx_word' id='word_1_63' title='bbox 1993 1620 2612 1718; x_wconf 85' lang='lat' dir='ltr'>periclitarentur.</span> <span class='ocrx_word' id='word_1_64' title='bbox 2691 1623 2908 1697; x_wconf 87' lang='lat' dir='ltr'>Hanc</span> <span class='ocrx_word' id='word_1_65' title='bbox 2969 1646 3147 1720; x_wconf 90' lang='lat' dir='ltr'>pro-</span> 
     </span>
     <span class='ocr_line' id='line_1_11' title="bbox 898 1735 3152 1846; baseline -0.001 -20"><span class='ocrx_word' id='word_1_66' title='bbox 898 1752 1208 1826; x_wconf 86' lang='lat' dir='ltr'>vinciam</span> <span class='ocrx_word' id='word_1_67' title='bbox 1296 1748 1658 1825; x_wconf 88' lang='lat' dir='ltr'>Nicolaus</span> <span class='ocrx_word' id='word_1_68' title='bbox 1735 1735 1994 1823; x_wconf 44' lang='lat' dir='ltr'>comesw</span> <span class='ocrx_word' id='word_1_69' title='bbox 2061 1773 2104 1820; x_wconf 88' lang='lat' dir='ltr'>a</span> <span class='ocrx_word' id='word_1_70' title='bbox 2174 1748 2468 1840; x_wconf 91' lang='lat' dir='ltr'>Zrinio,</span> <span class='ocrx_word' id='word_1_71' title='bbox 2545 1748 2610 1822; x_wconf 88' lang='lat' dir='ltr'>is</span> <span class='ocrx_word' id='word_1_72' title='bbox 2671 1749 2792 1846; x_wconf 87' lang='lat' dir='ltr'>qui</span> <span class='ocrx_word' id='word_1_73' title='bbox 2854 1746 3152 1842; x_wconf 84' lang='lat' dir='ltr'>Szigeti</span> 
     </span>
     <span class='ocr_line' id='line_1_12' title="bbox 894 1875 3147 1977; baseline -0 -24"><span class='ocrx_word' id='word_1_74' title='bbox 894 1886 1156 1977; x_wconf 89' lang='lat' dir='ltr'>postea</span> <span class='ocrx_word' id='word_1_75' title='bbox 1197 1877 1555 1966; x_wconf 89' lang='lat' dir='ltr'>occubuit,</span> <span class='ocrx_word' id='word_1_76' title='bbox 1576 1876 1770 1949; x_wconf 90' lang='lat' dir='ltr'>ultro</span> <span class='ocrx_word' id='word_1_77' title='bbox 1811 1876 2246 1971; x_wconf 89' lang='lat' dir='ltr'>appetebat,</span> <span class='ocrx_word' id='word_1_78' title='bbox 2286 1875 2653 1950; x_wconf 89' lang='lat' dir='ltr'>Husztum</span> <span class='ocrx_word' id='word_1_79' title='bbox 2691 1897 2770 1949; x_wconf 85' lang='lat' dir='ltr'>se</span> <span class='ocrx_word' id='word_1_80' title='bbox 2814 1876 3147 1952; x_wconf 89' lang='lat' dir='ltr'>obsidio·</span> 
     </span>
     <span class='ocr_line' id='line_1_13' title="bbox 899 2001 3147 2099; baseline -0.001 -21"><span class='ocrx_word' id='word_1_81' title='bbox 899 2028 991 2079; x_wconf 92' lang='lat' dir='ltr'>ne</span> <span class='ocrx_word' id='word_1_82' title='bbox 1064 2005 1544 2078; x_wconf 91' lang='lat' dir='ltr'>liberaturum</span> <span class='ocrx_word' id='word_1_83' title='bbox 1638 2009 1860 2096; x_wconf 89' lang='lat' dir='ltr'>atque</span> <span class='ocrx_word' id='word_1_84' title='bbox 1939 2001 2394 2076; x_wconf 88' lang='lat' dir='ltr'>Varadinum</span> <span class='ocrx_word' id='word_1_85' title='bbox 2472 2003 2935 2099; x_wconf 87' lang='lat' dir='ltr'>promittens.</span> <span class='ocrx_word' id='word_1_86' title='bbox 2994 2001 3147 2078; x_wconf 85' lang='lat' dir='ltr'>Sed</span> 
     </span>
     <span class='ocr_line' id='line_1_14' title="bbox 896 2111 3145 2229; baseline 0 -24"><span class='ocrx_word' id='word_1_87' title='bbox 896 2131 1070 2229; x_wconf 91' lang='lat' dir='ltr'>quia</span> <span class='ocrx_word' id='word_1_88' title='bbox 1108 2131 1183 2204; x_wconf 89' lang='lat' dir='ltr'>in</span> <span class='ocrx_word' id='word_1_89' title='bbox 1220 2129 1665 2204; x_wconf 89' lang='lat' dir='ltr'>refusionem</span> <span class='ocrx_word' id='word_1_90' title='bbox 1709 2123 2042 2201; x_wconf 91' lang='lat' dir='ltr'>laborum</span> <span class='ocrx_word' id='word_1_91' title='bbox 2104 2136 2324 2225; x_wconf 89' lang='lat' dir='ltr'>atque</span> <span class='ocrx_word' id='word_1_92' title='bbox 2363 2128 2856 2225; x_wconf 89' lang='lat' dir='ltr'>impensarum</span> <span class='ocrx_word' id='word_1_93' title='bbox 2898 2111 3145 2205; x_wconf 83' lang='lat' dir='ltr'>Husz-</span> 
     </span>
     <span class='ocr_line' id='line_1_15' title="bbox 894 2246 3149 2352; baseline 0 -19"><span class='ocrx_word' id='word_1_94' title='bbox 894 2266 1044 2333; x_wconf 91' lang='lat' dir='ltr'>tum</span> <span class='ocrx_word' id='word_1_95' title='bbox 1104 2257 1246 2333; x_wconf 89' lang='lat' dir='ltr'>sibi</span> <span class='ocrx_word' id='word_1_96' title='bbox 1309 2254 1810 2332; x_wconf 77' lang='lat' dir='ltr'>addicendum,</span> <span class='ocrx_word' id='word_1_97' title='bbox 1872 2261 1944 2325; x_wconf 86' lang='lat' dir='ltr'>et</span> <span class='ocrx_word' id='word_1_98' title='bbox 2003 2255 2091 2328; x_wconf 86' lang='lat' dir='ltr'>de</span> <span class='ocrx_word' id='word_1_99' title='bbox 2152 2278 2238 2328; x_wconf 91' lang='lat' dir='ltr'>eo</span> <span class='ocrx_word' id='word_1_100' title='bbox 2300 2255 2698 2352; x_wconf 84' lang='lat' dir='ltr'>diplomate</span> <span class='ocrx_word' id='word_1_101' title='bbox 2738 2246 3149 2333; x_wconf 85' lang='lat' dir='ltr'>cavendum</span> 
     </span>
     <span class='ocr_line' id='line_1_16' title="bbox 896 2379 3143 2483; baseline 0 -23"><span class='ocrx_word' id='word_1_102' title='bbox 896 2393 1202 2483; x_wconf 88' lang='lat' dir='ltr'>peteret,</span> <span class='ocrx_word' id='word_1_103' title='bbox 1266 2386 1538 2462; x_wconf 89' lang='lat' dir='ltr'>omisso</span> <span class='ocrx_word' id='word_1_104' title='bbox 1591 2406 1676 2455; x_wconf 89' lang='lat' dir='ltr'>co</span> <span class='ocrx_word' id='word_1_105' title='bbox 1729 2379 2175 2456; x_wconf 83' lang='lat' dir='ltr'>Franciscus</span> <span class='ocrx_word' id='word_1_106' title='bbox 2233 2382 2456 2480; x_wconf 69' lang='lat' dir='ltr'>Tahy</span> <span class='ocrx_word' id='word_1_107' title='bbox 2516 2384 2959 2481; x_wconf 73' lang='lat' dir='ltr'>eligebatur,</span> <span class='ocrx_word' id='word_1_108' title='bbox 3024 2387 3143 2483; x_wconf 89' lang='lat' dir='ltr'>qui</span> 
     </span>
     <span class='ocr_line' id='line_1_17' title="bbox 895 2510 3138 2612; baseline -0 -25"><span class='ocrx_word' id='word_1_109' title='bbox 895 2536 1055 2589; x_wconf 88' lang='lat' dir='ltr'>cum</span> <span class='ocrx_word' id='word_1_110' title='bbox 1111 2537 1392 2612; x_wconf 88' lang='lat' dir='ltr'>graves</span> <span class='ocrx_word' id='word_1_111' title='bbox 1468 2511 1756 2608; x_wconf 86' lang='lat' dir='ltr'>aliquot</span> <span class='ocrx_word' id='word_1_112' title='bbox 1816 2510 2310 2606; x_wconf 88' lang='lat' dir='ltr'>conditiones,</span> <span class='ocrx_word' id='word_1_113' title='bbox 2385 2537 2663 2588; x_wconf 89' lang='lat' dir='ltr'>moram</span> <span class='ocrx_word' id='word_1_114' title='bbox 2720 2513 3138 2611; x_wconf 90' lang='lat' dir='ltr'>longiorem</span> 
     </span>
     <span class='ocr_line' id='line_1_18' title="bbox 897 2636 3144 2739; baseline 0 -24"><span class='ocrx_word' id='word_1_115' title='bbox 897 2648 1423 2718; x_wconf 89' lang='lat' dir='ltr'>concernentes</span> <span class='ocrx_word' id='word_1_116' title='bbox 1523 2643 2053 2736; x_wconf 70' lang='lat' dir='ltr'>interponeret,</span> <span class='ocrx_word' id='word_1_117' title='bbox 2169 2636 2515 2714; x_wconf 88' lang='lat' dir='ltr'>Andreas</span> <span class='ocrx_word' id='word_1_118' title='bbox 2557 2638 2900 2739; x_wconf 73' lang='lat' dir='ltr'>&#39;Batory,</span> <span class='ocrx_word' id='word_1_119' title='bbox 2999 2664 3144 2716; x_wconf 90' lang='lat' dir='ltr'>non</span> 
     </span>
     <span class='ocr_line' id='line_1_19' title="bbox 897 2764 3141 2865; baseline -0.001 -20"><span class='ocrx_word' id='word_1_120' title='bbox 897 2771 1206 2846; x_wconf 83' lang='lat' dir='ltr'>obscure</span> <span class='ocrx_word' id='word_1_121' title='bbox 1274 2768 1435 2865; x_wconf 91' lang='lat' dir='ltr'>ipse</span> <span class='ocrx_word' id='word_1_122' title='bbox 1518 2789 1598 2839; x_wconf 88' lang='lat' dir='ltr'>se</span> <span class='ocrx_word' id='word_1_123' title='bbox 1672 2764 2093 2855; x_wconf 86' lang='lat' dir='ltr'>insinuans,</span> <span class='ocrx_word' id='word_1_124' title='bbox 2193 2766 2618 2862; x_wconf 87' lang='lat' dir='ltr'>provinciae</span> <span class='ocrx_word' id='word_1_125' title='bbox 2711 2764 3141 2864; x_wconf 81' lang='lat' dir='ltr'>Superioris</span> 
     </span>
     <span class='ocr_line' id='line_1_20' title="bbox 896 2891 3136 2991; baseline -0.002 -19"><span class='ocrx_word' id='word_1_126' title='bbox 896 2894 1275 2991; x_wconf 89' lang='lat' dir='ltr'>Ungariae</span> <span class='ocrx_word' id='word_1_127' title='bbox 1324 2892 1765 2990; x_wconf 84' lang='lat' dir='ltr'>praeficitur.</span> <span class='ocrx_word' id='word_1_128' title='bbox 1843 2891 2058 2965; x_wconf 91' lang='lat' dir='ltr'>homo</span> <span class='ocrx_word' id='word_1_129' title='bbox 2118 2914 2300 2966; x_wconf 89' lang='lat' dir='ltr'>sane</span> <span class='ocrx_word' id='word_1_130' title='bbox 2357 2893 2452 2966; x_wconf 89' lang='lat' dir='ltr'>ad</span> <span class='ocrx_word' id='word_1_131' title='bbox 2491 2915 2778 2968; x_wconf 90' lang='lat' dir='ltr'>omnem</span> <span class='ocrx_word' id='word_1_132' title='bbox 2813 2918 2971 2968; x_wconf 91' lang='lat' dir='ltr'>rem</span> <span class='ocrx_word' id='word_1_133' title='bbox 3013 2918 3136 2991; x_wconf 89' lang='lat' dir='ltr'>ge-</span> 
     </span>
     <span class='ocr_line' id='line_1_21' title="bbox 892 3017 3139 3120; baseline -0.001 -22"><span class='ocrx_word' id='word_1_134' title='bbox 892 3021 1192 3098; x_wconf 87' lang='lat' dir='ltr'>rendam</span> <span class='ocrx_word' id='word_1_135' title='bbox 1250 3020 1562 3118; x_wconf 90' lang='lat' dir='ltr'>ineptus,</span> <span class='ocrx_word' id='word_1_136' title='bbox 1621 3019 1740 3115; x_wconf 89' lang='lat' dir='ltr'>qui</span> <span class='ocrx_word' id='word_1_137' title='bbox 1799 3017 2036 3114; x_wconf 87' lang='lat' dir='ltr'>prima</span> <span class='ocrx_word' id='word_1_138' title='bbox 2093 3019 2341 3094; x_wconf 88' lang='lat' dir='ltr'>statim</span> <span class='ocrx_word' id='word_1_139' title='bbox 2393 3026 2646 3095; x_wconf 86' lang='lat' dir='ltr'>aetate</span> <span class='ocrx_word' id='word_1_140' title='bbox 2697 3020 2870 3095; x_wconf 87' lang='lat' dir='ltr'>vino</span> <span class='ocrx_word' id='word_1_141' title='bbox 2911 3031 3139 3120; x_wconf 88' lang='lat' dir='ltr'>atque</span> 
     </span>
     <span class='ocr_line' id='line_1_22' title="bbox 895 3145 3140 3245; baseline 0 -22"><span class='ocrx_word' id='word_1_142' title='bbox 895 3148 1151 3223; x_wconf 87' lang='lat' dir='ltr'>lustris</span> <span class='ocrx_word' id='word_1_143' title='bbox 1212 3146 1526 3221; x_wconf 91' lang='lat' dir='ltr'>omnium</span> <span class='ocrx_word' id='word_1_144' title='bbox 1605 3145 2094 3218; x_wconf 88' lang='lat' dir='ltr'>membrorum</span> <span class='ocrx_word' id='word_1_145' title='bbox 2181 3167 2388 3219; x_wconf 86' lang='lat' dir='ltr'>usum</span> <span class='ocrx_word' id='word_1_146' title='bbox 2447 3145 2926 3245; x_wconf 89' lang='lat' dir='ltr'>disperdidit,</span> <span class='ocrx_word' id='word_1_147' title='bbox 3006 3148 3140 3223; x_wconf 82' lang='lat' dir='ltr'>sed</span> 
     </span>
     <span class='ocr_line' id='line_1_23' title="bbox 898 3270 3139 3374; baseline -0.001 -24"><span class='ocrx_word' id='word_1_148' title='bbox 898 3275 1093 3374; x_wconf 88' lang='lat' dir='ltr'>quod</span> <span class='ocrx_word' id='word_1_149' title='bbox 1150 3271 1666 3348; x_wconf 89' lang='lat' dir='ltr'>auctoritatem</span> <span class='ocrx_word' id='word_1_150' title='bbox 1724 3270 1937 3344; x_wconf 89' lang='lat' dir='ltr'>modo</span> <span class='ocrx_word' id='word_1_151' title='bbox 1998 3271 2362 3367; x_wconf 86' lang='lat' dir='ltr'>quandam</span> <span class='ocrx_word' id='word_1_152' title='bbox 2422 3296 2512 3345; x_wconf 82' lang='lat' dir='ltr'>ex</span> <span class='ocrx_word' id='word_1_153' title='bbox 2570 3272 2931 3368; x_wconf 84' lang='lat' dir='ltr'>dignitate</span> <span class='ocrx_word' id='word_1_154' title='bbox 2991 3298 3139 3349; x_wconf 88' lang='lat' dir='ltr'>ma·</span> 
     </span>
     <span class='ocr_line' id='line_1_24' title="bbox 896 3396 3140 3499; baseline -0.001 -22"><span class='ocrx_word' id='word_1_155' title='bbox 896 3402 1258 3499; x_wconf 84' lang='lat' dir='ltr'>gistratus</span> <span class='ocrx_word' id='word_1_156' title='bbox 1287 3398 1663 3496; x_wconf 84' lang='lat' dir='ltr'>judicatus</span> <span class='ocrx_word' id='word_1_157' title='bbox 1726 3398 1972 3471; x_wconf 88' lang='lat' dir='ltr'>curiae</span> <span class='ocrx_word' id='word_1_158' title='bbox 2024 3396 2118 3470; x_wconf 94' lang='lat' dir='ltr'>ad</span> <span class='ocrx_word' id='word_1_159' title='bbox 2179 3396 2446 3472; x_wconf 90' lang='lat' dir='ltr'>bellum</span> <span class='ocrx_word' id='word_1_160' title='bbox 2487 3399 2808 3490; x_wconf 84' lang='lat' dir='ltr'>afferret,</span> <span class='ocrx_word' id='word_1_161' title='bbox 2850 3409 2923 3474; x_wconf 89' lang='lat' dir='ltr'>et</span> <span class='ocrx_word' id='word_1_162' title='bbox 2968 3401 3140 3498; x_wconf 85' lang='lat' dir='ltr'>quia</span> 
     </span>
     <span class='ocr_line' id='line_1_25' title="bbox 894 3523 3138 3624; baseline -0.001 -20"><span class='ocrx_word' id='word_1_163' title='bbox 894 3530 1091 3604; x_wconf 90' lang='lat' dir='ltr'>bona</span> <span class='ocrx_word' id='word_1_164' title='bbox 1127 3528 1201 3601; x_wconf 90' lang='lat' dir='ltr'>in</span> <span class='ocrx_word' id='word_1_165' title='bbox 1243 3524 1624 3624; x_wconf 89' lang='lat' dir='ltr'>Superiori</span> <span class='ocrx_word' id='word_1_166' title='bbox 1685 3523 2096 3619; x_wconf 86' lang='lat' dir='ltr'>Hungaria‚</span> <span class='ocrx_word' id='word_1_167' title='bbox 2149 3532 2221 3598; x_wconf 93' lang='lat' dir='ltr'>et</span> <span class='ocrx_word' id='word_1_168' title='bbox 2261 3525 2602 3601; x_wconf 88' lang='lat' dir='ltr'>Inferiori</span> <span class='ocrx_word' id='word_1_169' title='bbox 2646 3549 2806 3600; x_wconf 88' lang='lat' dir='ltr'>cum</span> <span class='ocrx_word' id='word_1_170' title='bbox 2846 3528 3138 3603; x_wconf 79' lang='lat' dir='ltr'>duobus</span> 
     </span>
     <span class='ocr_line' id='line_1_26' title="bbox 898 3649 3140 3752; baseline -0 -23"><span class='ocrx_word' id='word_1_171' title='bbox 898 3654 1254 3729; x_wconf 86' lang='lat' dir='ltr'>fratribus</span> <span class='ocrx_word' id='word_1_172' title='bbox 1313 3651 1771 3749; x_wconf 89' lang='lat' dir='ltr'>amplissima</span> <span class='ocrx_word' id='word_1_173' title='bbox 1827 3649 2175 3741; x_wconf 87' lang='lat' dir='ltr'>haberet,</span> <span class='ocrx_word' id='word_1_174' title='bbox 2229 3675 2531 3747; x_wconf 85' lang='lat' dir='ltr'>quorum</span> <span class='ocrx_word' id='word_1_175' title='bbox 2574 3654 2791 3729; x_wconf 90' lang='lat' dir='ltr'>ambo</span> <span class='ocrx_word' id='word_1_176' title='bbox 2828 3656 3140 3752; x_wconf 86' lang='lat' dir='ltr'>reginae</span> 
     </span>
     <span class='ocr_line' id='line_1_27' title="bbox 893 3778 3137 3880; baseline 0.001 -24"><span class='ocrx_word' id='word_1_177' title='bbox 893 3788 1147 3880; x_wconf 85' lang='lat' dir='ltr'>partes</span> <span class='ocrx_word' id='word_1_178' title='bbox 1188 3778 1724 3875; x_wconf 85' lang='lat' dir='ltr'>sequebantur;</span> <span class='ocrx_word' id='word_1_179' title='bbox 1827 3779 2018 3875; x_wconf 88' lang='lat' dir='ltr'>quod</span> <span class='ocrx_word' id='word_1_180' title='bbox 2077 3801 2293 3853; x_wconf 86' lang='lat' dir='ltr'>unum</span> <span class='ocrx_word' id='word_1_181' title='bbox 2343 3802 2504 3854; x_wconf 92' lang='lat' dir='ltr'>eum</span> <span class='ocrx_word' id='word_1_182' title='bbox 2560 3781 2929 3856; x_wconf 89' lang='lat' dir='ltr'>hominem</span> <span class='ocrx_word' id='word_1_183' title='bbox 2990 3806 3137 3858; x_wconf 88' lang='lat' dir='ltr'>mo-</span> 
     </span>
     <span class='ocr_line' id='line_1_28' title="bbox 895 3903 3134 4004; baseline 0.002 -25"><span class='ocrx_word' id='word_1_184' title='bbox 895 3909 1135 3998; x_wconf 88' lang='lat' dir='ltr'>vebat,</span> <span class='ocrx_word' id='word_1_185' title='bbox 1156 3915 1235 3981; x_wconf 92' lang='lat' dir='ltr'>ut</span> <span class='ocrx_word' id='word_1_186' title='bbox 1272 3926 1515 3980; x_wconf 89' lang='lat' dir='ltr'>arcem</span> <span class='ocrx_word' id='word_1_187' title='bbox 1553 3904 2018 4002; x_wconf 89' lang='lat' dir='ltr'>potissimum</span> <span class='ocrx_word' id='word_1_188' title='bbox 2080 3903 2485 3981; x_wconf 84' lang='lat' dir='ltr'>Chichuam</span> <span class='ocrx_word' id='word_1_189' title='bbox 2525 3904 2840 4004; x_wconf 84' lang='lat' dir='ltr'>Georgii</span> <span class='ocrx_word' id='word_1_190' title='bbox 2876 3907 3134 3983; x_wconf 81' lang='lat' dir='ltr'>fratris</span> 
     </span>
     <span class='ocr_line' id='line_1_29' title="bbox 892 4033 3134 4134; baseline 0 -25"><span class='ocrx_word' id='word_1_191' title='bbox 892 4037 967 4109; x_wconf 92' lang='lat' dir='ltr'>in</span> <span class='ocrx_word' id='word_1_192' title='bbox 1026 4033 1466 4109; x_wconf 85' lang='lat' dir='ltr'>cassoviano</span> <span class='ocrx_word' id='word_1_193' title='bbox 1527 4039 1766 4107; x_wconf 89' lang='lat' dir='ltr'>tractu</span> <span class='ocrx_word' id='word_1_194' title='bbox 1818 4056 2134 4131; x_wconf 87' lang='lat' dir='ltr'>magnae</span> <span class='ocrx_word' id='word_1_195' title='bbox 2192 4042 2412 4131; x_wconf 91' lang='lat' dir='ltr'>atque</span> <span class='ocrx_word' id='word_1_196' title='bbox 2471 4035 2977 4134; x_wconf 87' lang='lat' dir='ltr'>amplissimae</span> <span class='ocrx_word' id='word_1_197' title='bbox 3033 4034 3134 4109; x_wconf 92' lang='lat' dir='ltr'>di-</span> 
     </span>
     <span class='ocr_line' id='line_1_30' title="bbox 891 4159 3136 4255; baseline 0 -19"><span class='ocrx_word' id='word_1_198' title='bbox 891 4162 1108 4236; x_wconf 88' lang='lat' dir='ltr'>tionis</span> <span class='ocrx_word' id='word_1_199' title='bbox 1148 4159 1768 4255; x_wconf 84' lang='lat' dir='ltr'>maximorumque</span> <span class='ocrx_word' id='word_1_200' title='bbox 1825 4160 2213 4252; x_wconf 83' lang='lat' dir='ltr'>redituum,</span> <span class='ocrx_word' id='word_1_201' title='bbox 2309 4169 2383 4235; x_wconf 93' lang='lat' dir='ltr'>et</span> <span class='ocrx_word' id='word_1_202' title='bbox 2439 4160 2793 4237; x_wconf 88' lang='lat' dir='ltr'>Echetum</span> <span class='ocrx_word' id='word_1_203' title='bbox 2851 4162 2927 4236; x_wconf 92' lang='lat' dir='ltr'>in</span> <span class='ocrx_word' id='word_1_204' title='bbox 2989 4161 3136 4238; x_wconf 89' lang='lat' dir='ltr'>Un-</span> 
     </span>
     <span class='ocr_line' id='line_1_31' title="bbox 894 4284 3136 4385; baseline 0.001 -23"><span class='ocrx_word' id='word_1_205' title='bbox 894 4288 1109 4383; x_wconf 87' lang='lat' dir='ltr'>garia</span> <span class='ocrx_word' id='word_1_206' title='bbox 1148 4284 1487 4361; x_wconf 85' lang='lat' dir='ltr'>Inferiori</span> <span class='ocrx_word' id='word_1_207' title='bbox 1531 4284 1825 4360; x_wconf 91' lang='lat' dir='ltr'>Nicolai</span> <span class='ocrx_word' id='word_1_208' title='bbox 1886 4287 2191 4362; x_wconf 85' lang='lat' dir='ltr'>alterius</span> <span class='ocrx_word' id='word_1_209' title='bbox 2228 4286 2506 4377; x_wconf 87' lang='lat' dir='ltr'>fratris,</span> <span class='ocrx_word' id='word_1_210' title='bbox 2555 4313 2601 4362; x_wconf 89' lang='lat' dir='ltr'>a</span> <span class='ocrx_word' id='word_1_211' title='bbox 2638 4288 2814 4363; x_wconf 90' lang='lat' dir='ltr'>belli</span> <span class='ocrx_word' id='word_1_212' title='bbox 2852 4290 3136 4385; x_wconf 87' lang='lat' dir='ltr'>pericu-</span> 
     </span>
     <span class='ocr_line' id='line_1_32' title="bbox 894 4412 3133 4515; baseline 0.002 -27"><span class='ocrx_word' id='word_1_213' title='bbox 894 4413 989 4490; x_wconf 81' lang='lat' dir='ltr'>lis</span> <span class='ocrx_word' id='word_1_214' title='bbox 1035 4414 1386 4488; x_wconf 90' lang='lat' dir='ltr'>immunes</span> <span class='ocrx_word' id='word_1_215' title='bbox 1446 4422 1942 4488; x_wconf 86' lang='lat' dir='ltr'>conservaret.</span> <span class='ocrx_word' id='word_1_216' title='bbox 2042 4412 2188 4487; x_wconf 89' lang='lat' dir='ltr'>Sed</span> <span class='ocrx_word' id='word_1_217' title='bbox 2246 4423 2325 4488; x_wconf 92' lang='lat' dir='ltr'>ut</span> <span class='ocrx_word' id='word_1_218' title='bbox 2380 4414 2561 4489; x_wconf 89' lang='lat' dir='ltr'>nihil</span> <span class='ocrx_word' id='word_1_219' title='bbox 2616 4416 2713 4490; x_wconf 88' lang='lat' dir='ltr'>ad</span> <span class='ocrx_word' id='word_1_220' title='bbox 2765 4416 3133 4515; x_wconf 78' lang='lat' dir='ltr'>privatam</span> 
     </span>
     <span class='ocr_line' id='line_1_33' title="bbox 892 4526 3134 4638; baseline 0.001 -23"><span class='ocrx_word' id='word_1_221' title='bbox 892 4562 1045 4615; x_wconf 91' lang='lat' dir='ltr'>rem</span> <span class='ocrx_word' id='word_1_222' title='bbox 1084 4526 1673 4636; x_wconf 88' lang='lat' dir='ltr'>amplificandam</span> <span class='ocrx_word' id='word_1_223' title='bbox 1713 4539 2150 4635; x_wconf 89' lang='lat' dir='ltr'>negligeret,</span> <span class='ocrx_word' id='word_1_224' title='bbox 2209 4540 2453 4638; x_wconf 90' lang='lat' dir='ltr'>coepit</span> <span class='ocrx_word' id='word_1_225' title='bbox 2491 4540 2582 4615; x_wconf 92' lang='lat' dir='ltr'>de</span> <span class='ocrx_word' id='word_1_226' title='bbox 2622 4564 2798 4616; x_wconf 88' lang='lat' dir='ltr'>arce</span> <span class='ocrx_word' id='word_1_227' title='bbox 2838 4540 3134 4617; x_wconf 84' lang='lat' dir='ltr'>Likava</span> 
     </span>
     <span class='ocr_line' id='line_1_34' title="bbox 895 4664 3134 4764; baseline 0.003 -26"><span class='ocrx_word' id='word_1_228' title='bbox 895 4689 1143 4760; x_wconf 85' lang='lat' dir='ltr'>agere,</span> <span class='ocrx_word' id='word_1_229' title='bbox 1202 4688 1415 4760; x_wconf 89' lang='lat' dir='ltr'>quam</span> <span class='ocrx_word' id='word_1_230' title='bbox 1476 4664 1797 4738; x_wconf 61' lang='lat' dir='ltr'>Micha221</span> <span class='ocrx_word' id='word_1_231' title='bbox 1831 4666 2158 4742; x_wconf 89' lang='lat' dir='ltr'>Mereius</span> <span class='ocrx_word' id='word_1_232' title='bbox 2176 4690 2313 4764; x_wconf 93' lang='lat' dir='ltr'>pro</span> <span class='ocrx_word' id='word_1_233' title='bbox 2372 4666 2752 4742; x_wconf 89' lang='lat' dir='ltr'>duodecim</span> <span class='ocrx_word' id='word_1_234' title='bbox 2809 4664 3134 4744; x_wconf 83' lang='lat' dir='ltr'>millibus</span> 
     </span>
    </p>
   </div>
  </div>
 </body>
</html>
