3293 5219
750 277 906 358 268

748 496 1089 573 adducat.
1141 495 1355 588 Quod
1412 520 1572 572 cum
1630 498 2153 595 praestitisset,
2202 497 2276 569 in
2318 497 2581 571 cellam
2639 495 3011 570 vinariam

756 633 1007 702 orator
1045 625 1410 701 hominem
1443 627 1637 700 clam
1677 625 1961 716 abduci,
1984 631 2057 699 et
2076 623 2461 699 tormentis
2502 622 2597 696 ad
2636 622 3010 698 fatendam
3128 690 3129 693 ,

749 752 918 847 cogi
949 751 1335 825 veritatem
1359 759 1591 839 curat,
1636 748 2089 847 eundemque
2111 749 2212 822 ibi
2237 747 2770 843 trucidandum3
2808 748 3015 823 illum

746 900 946 967 vero,
971 876 1092 972 qui
1109 874 1454 949 indicium
1494 875 1885 964 detulerat,
1927 895 2086 948 cum
2129 872 2398 947 litteris
2450 872 2812 947 Venetias
2852 874 3014 947 mit·

747 1003 855 1093 tit,
896 1002 1018 1098 qui
1046 1001 1453 1100 praemium
1491 1000 1845 1074 obtinuit:
1932 1000 2307 1095 missoque
2347 1000 2610 1075 nuncio
2653 995 3015 1097 Cyprum,

746 1130 874 1202 ille
915 1136 1147 1203 morte
1204 1128 1597 1202 mulctatus
1640 1132 1776 1201 est.
1839 1127 2035 1201 Tres
2093 1127 2367 1201 fratres
2425 1134 2499 1201 et
2528 1126 2811 1223 singuli
2870 1149 3018 1201 ma-

747 1254 967 1328 ximis
1005 1252 1460 1350 facinoribus
1499 1252 1867 1327 notabiles
1926 1249 2240 1326 similem
2282 1253 2557 1327 exitum
2633 1250 3010 1345 babuere;

754 1388 826 1455 et
849 1379 1042 1475 quod
1117 1379 1359 1473 magis
1419 1378 1828 1453 mirandum
1868 1384 2004 1470 est,
2065 1379 2321 1453 eodem
2398 1402 2613 1455 anno.
2699 1376 3017 1455 Calabri

749 1528 1039 1604 quoque
1122 1505 1554 1580 seditionem
1631 1527 1951 1596 movere,
2026 1529 2115 1579 ac
2171 1506 2441 1581 multos
2503 1505 3016 1605 Hispanorum

749 1631 1243 1719 trucidavere,
1306 1632 1591 1706 vocatis
1654 1631 1728 1705 in
1768 1630 2121 1706 auxilium
2157 1630 2442 1729 piratis.

966 1754 1113 1830 Per
1172 1756 1397 1829 hosce
1457 1754 1616 1829 dies
1657 1752 2079 1854 Stephanus
2136 1755 2474 1854 Bathory
2531 1758 2831 1851 legatus
2882 1755 3010 1831 Jo-

752 1885 1025 1959 hannis
1081 1884 1386 1958 Posonii
1429 1886 1742 1981 mansit;
1783 1892 1856 1959 et
1894 1891 2057 1959 erat
2095 1906 2272 1983 spes
2311 1884 2519 1983 pacis
2559 1884 3011 1960 constituen-

755 2011 913 2086 dae.
972 2012 1267 2086 Etenim
1328 2008 1738 2107 Georgium
1794 2010 2278 2085 Blandratam
2339 2010 2736 2103 medicum,
2794 2017 2872 2084 et
2921 2033 3010 2085 ex

752 2138 1030 2213 intimis
1074 2138 1406 2211 consiliis
1445 2135 1846 2213 Posonium
1902 2137 2230 2229 miserat,
2287 2137 2422 2212 tali
2459 2137 2833 2230 mandato,
2883 2135 3017 2211 sed

754 2275 999 2341 tamen
1058 2265 1581 2357 secretissimO,
1641 2271 1722 2338 ut
1780 2263 2001 2339 etiam
2060 2264 2710 2340 Traussilvaniam
2787 2273 3017 2363 atque

758 2390 1199 2489 Ungariam,
1240 2392 1303 2465 si
1334 2391 1526 2466 alias
1567 2390 1712 2464 sibi
1750 2387 2270 2465 Ferdinandus
2308 2390 2735 2488 provincias
2777 2390 3017 2479 daret,

755 2523 1324 2592 commutaturus
1347 2522 1568 2591 esset.
1595 2513 1804 2607 Quae
1826 2521 2074 2589 tamen
2096 2515 2390 2590 tandem
2428 2523 2602 2615 post
2640 2516 2897 2591 varias
2940 2523 3016 2590 et

753 2641 1021 2718 multas
1045 2642 1620 2740 disceptationes
1644 2643 1993 2717 conclusa
2016 2650 2148 2734 est,
2201 2644 2307 2717 uti
2345 2644 2395 2718 J
2402 2642 2734 2719 ohannes
2773 2664 3021 2740 quem-

753 2791 1039 2865 cunque
1079 2769 1308 2843 vellet
1360 2768 1670 2863 titulum,
1708 2775 2010 2864 praeter
2046 2768 2356 2863 regium,
2398 2769 2543 2845 sibi
2582 2769 2745 2868 ipse
2784 2768 3019 2866 elige·

752 2904 902 2986 ret;
962 2899 1169 2992 cujus
1224 2918 1369 2970 una
1409 2895 1704 2969 sublata
1743 2897 2285 2988 controversia,
2328 2919 2497 2972 sese
2537 2897 2761 2972 filiam
2805 2920 3019 2973 suam

755 3026 804 3101 J
812 3021 1197 3116 channam,
1235 3025 1393 3119 Jam
1432 3022 1579 3121 ipsi
1637 3030 1860 3097 antea
1900 3023 2452 3122 desponsatam,
2497 3033 2570 3100 et
2609 3050 2753 3101 non
2795 3025 3023 3100 aliam

754 3152 829 3225 in
865 3174 1170 3226 uxorem
1230 3151 1585 3225 daturum.
1627 3150 2271 3226 Transsilvaniam
2311 3159 2581 3242 totam,
2607 3151 3025 3249 Ungariam

752 3306 932 3357 vero
988 3304 1222 3378 usque
1263 3279 1648 3354 Tibiscum
1704 3304 1991 3357 amnem
2058 3279 2393 3373 baberet,
2437 3281 2511 3355 in
2586 3289 3024 3380 perpetuam

756 3407 1290 3483 haereditatem
1363 3429 1640 3482 summo
1688 3408 1883 3502 Jure,
1943 3429 2373 3503 summaque
2427 3429 2740 3505 prorsus
2797 3416 3025 3505 atque

754 3536 970 3631 regia
998 3532 1460 3608 auctoritate.
1503 3531 1966 3607 Muncacium
1990 3541 2061 3606 et
2082 3533 2402 3608 Hustum
2444 3555 2604 3609 cum
2644 3534 3022 3609 Marama-

763 3660 966 3735 rusio
1006 3665 1220 3733 erant
1258 3658 1333 3732 in
1371 3643 1904 3750 controversia,
1946 3657 2140 3754 quod
2176 3659 2351 3732 illae
2391 3681 2608 3733 arces
2649 3660 2849 3734 ultra
2887 3659 3018 3735 Ti·

757 3785 1040 3859 biscum
1098 3790 1380 3875 essent3
1439 3791 1691 3858 orator
1731 3781 2110 3879 allegavit,
2150 3783 2333 3857 nihil
2373 3806 2458 3858 se
2494 3793 2750 3882 petere
2792 3784 3027 3874 aliud,

764 3911 908 3986 nisi
949 3910 1144 4008 quod
1183 3911 1233 3986 J
1241 3909 1559 3984 ohannis
1581 3917 1805 4002 esset,
1828 3916 1902 3984 et
1930 3911 2091 4005 jam
2130 3909 2594 4007 possideret3
2637 3910 3022 4007 indignum

764 4037 1035 4134 quippe
1090 4036 1166 4109 id
1222 4044 1480 4132 posset
1536 4035 1794 4127 videri,
1850 4057 2159 4134 poscere
2220 4036 2415 4133 quod
2473 4057 2617 4110 non
2675 4035 3023 4135 posside-

755 4168 889 4253 ret,
910 4169 986 4236 et
1023 4161 1285 4237 iterum
1326 4160 1591 4236 cedere
1634 4161 1728 4236 iis
1772 4185 1961 4258 quae
1991 4163 2151 4257 jam
2188 4184 2372 4259 prae
2411 4162 2753 4236 manibus
2790 4159 3034 4238 habe·

766 4294 920 4377 ret,
977 4286 1053 4361 in
1128 4293 1397 4384 pacato
1473 4285 1915 4383 praesertim
1975 4284 2334 4378 dominio,
2430 4292 2504 4360 et
2560 4295 2777 4362 extra
2830 4289 3019 4363 belli

756 4412 1109 4511 pericula.
1243 4410 1535 4485 Etenim
1625 4411 1778 4485 illis
1862 4410 2283 4504 ditionibus,
2343 4435 2535 4509 quae
2607 4413 2802 4487 inter
2883 4413 3029 4488 duo

756 4535 1066 4635 imperia
1140 4537 1217 4610 in
1276 4536 1514 4611 medio
1558 4545 1812 4630 erant,
1908 4546 1983 4612 et
2040 4538 2137 4613 ad
2217 4546 2603 4634 utrumque
2689 4539 3024 4630 servitia,
