3293 5219
805 342 965 421 544

798 568 929 637 tat.
970 558 1187 655 Fore,
1226 572 1306 638 ut
1345 561 1657 637 eundem
1692 559 2175 658 imparatum,
2233 556 2685 655 consiliique
2737 555 3066 655 inopem,

803 686 1072 785 quique
1110 687 1343 764 solius
1384 686 1652 762 salutis
1711 707 1915 782 spem
1975 685 2046 761 in
2087 687 2267 781 fuga
2324 684 2717 760 habiturus
2756 683 2897 775 sit,
2939 683 3069 756 ob-

798 815 1119 889 servatis
1157 815 1495 890 omnibus
1535 812 1890 911 passibus
1941 819 2018 888 et
2056 812 2394 887 itinerum
2433 811 2753 887 saltibus
2817 807 3070 908 oppri-

800 946 969 1034 mat,
1011 941 1640 1040 Transylvaniam
1680 946 1906 1015 totam
1957 937 2244 1034 ingenti
2280 936 2592 1031 virtute,
2629 935 2833 1012 nullo
2872 933 3070 1034 peri-

800 1069 967 1145 culo
1009 1073 1419 1165 recuperet.

1012 1190 1432 1267 Praemium
1489 1192 1763 1290 optime
1801 1200 2120 1267 navatae
2177 1191 2472 1267 virtutis
2529 1184 3068 1286 Vayvodatum

799 1316 1409 1416 Transylvaniae
1483 1318 1854 1417 mmmm,
1942 1320 2298 1396 honorem
2374 1314 2911 1414 amplissimum
2990 1321 3072 1386 et

795 1444 1212 1544 principatu
1252 1442 1677 1520 Moldaviae
1715 1444 1958 1539 magis
2017 1442 2551 1542 expetendum,
2609 1464 2699 1517 ac
2754 1440 3070 1537 insuper

795 1572 1146 1647 universa
1182 1574 1379 1648 bona
1429 1571 1646 1647 simul
1703 1593 1864 1647 cum
1922 1571 2193 1647 castris
2251 1577 2327 1644 et
2361 1567 2693 1644 castellis
2753 1565 3070 1642 Ioannis

797 1703 873 1771 et
912 1695 1218 1773 Antonii
1255 1696 1549 1791 Keudy,
1590 1720 1681 1772 ac
1743 1696 2128 1772 Francisoi
2167 1696 2466 1772 Bebech
2507 1694 2584 1770 in
2623 1700 3069 1793 perpetuam

800 1823 1202 1898 liberorum
1241 1823 1808 1898 successionem.

1016 1947 1327 2024 Alberto
1368 1948 1675 2040 Laskio,
1717 1948 2037 2024 Antonio
2076 1948 2313 2024 Zekel
2353 1955 2427 2023 et
2446 1945 2706 2021 Ioanni
2746 1942 3069 2042 Villyey

795 2076 869 2149 in
908 2073 1218 2148 eandem
1277 2074 1718 2149 sententiam
1773 2075 2025 2149 itidem
2082 2073 2550 2149 scribendum
2609 2079 2684 2148 et
2718 2068 3068 2169 praemia

793 2200 1294 2298 proponenda.
1352 2198 1666 2276 Alberto
1708 2200 1990 2275 Laskio
2049 2202 2587 2277 Bathoreorum
2643 2195 3066 2274 Somloien·

798 2327 985 2401 sium
1025 2327 1381 2402 universa
1418 2328 1653 2419 bona,
1710 2325 1860 2402 illis
1919 2350 2098 2403 vero
2136 2325 2454 2423 singulis
2510 2324 2899 2423 quingenti
2937 2346 3063 2399 co·

794 2454 966 2527 loni.
1038 2454 1136 2528 Et
1194 2455 1259 2528 si
1301 2454 1474 2551 quid
1527 2453 1846 2553 amplius
1903 2477 2033 2530 eos
2084 2454 2513 2530 desiderare
2571 2444 3060 2549 (contigerit),

794 2577 1074 2655 nullam
1113 2580 1434 2675 gratiam
1476 2580 1631 2656 illis
1673 2580 2111 2679 denegatum
2147 2580 2261 2656 iri.

1010 2705 1224 2780 Haec
1262 2707 1508 2801 quoad
1547 2705 2198 2806 Transylvaniam.
2260 2705 2495 2790 Prout
2547 2711 2790 2781 autem
2828 2703 3062 2801 periti

794 2827 1057 2902 medici
1114 2830 1399 2906 vulneri
1474 2832 1831 2908 medendo
1907 2856 2045 2933 pus
2104 2842 2179 2910 et
2243 2832 2527 2909 saniem
2599 2831 3056 2924 abstergere

794 2963 1374 3049 consueverunt,
1432 2956 1538 3031 ita
1594 2979 1885 3056 quoque
1940 2962 2016 3035 in
2056 2958 2481 3059 praesenti,
2521 2980 2614 3033 ex
2652 2955 3060 3052 Hungaria

790 3080 865 3154 in
924 3081 1559 3179 Transylvaniam
1616 3106 1867 3158 omnes
1924 3085 2172 3161 aditus
2239 3083 2649 3184 occupandi
2705 3090 2782 3157 et
2832 3103 3056 3156 aver-

789 3205 1014 3279 tendi.
1072 3205 1158 3280 Id
1217 3207 1326 3281 sic
1383 3206 1548 3296 fiet,
1628 3208 1695 3282 si
1751 3205 2152 3285 Generalis
2208 3211 2524 3310 partium
2580 3208 3055 3307 superiorum

791 3328 1269 3428 Capitaneus‚
1307 3330 1571 3408 habita
1607 3341 1857 3409 mutua
1914 3358 2072 3410 cum
2112 3337 2447 3431 Despote
2518 3333 3050 3430 intelligentia,

788 3456 951 3552 ipse
1000 3481 1290 3554 quoque
1347 3467 1675 3535 armatus
1730 3461 1805 3535 in
1864 3484 2200 3561 campum
2258 3462 2700 3550 maioribus,
2758 3469 3046 3558 quanto

789 3579 950 3655 fieri
1024 3591 1306 3680 potest,
1384 3585 1618 3683 copiis
1692 3588 2231 3683 progrediatur.
2301 3587 2427 3664 Sic
2498 3589 2689 3663 enim
2765 3588 3043 3663 saltem

790 3708 1245 3784 ostendendo
1286 3711 1506 3802 vires,
1545 3711 1752 3787 nulla
1790 3714 2224 3790 conserendi
2280 3737 2542 3791 manus
2579 3713 2757 3790 data
2792 3714 3042 3812 copia,

788 3834 1195 3910 cunctando
1234 3834 1306 3907 in
1350 3843 1731 3933 utramque
1768 3844 2097 3936 partem,
2139 3840 2431 3916 'I'urcas
2469 3840 2749 3940 pariter
2773 3846 2852 3914 et
2891 3837 3042 3916 Lu-

783 3961 1003 4058 pinae
1039 3959 1387 4038 factionis
1443 3963 1897 4041 contribulos
1953 3986 2099 4041 non
2154 3967 2388 4042 solum
2427 3966 2835 4058 remorari,
2896 3965 3040 4040 sed

781 4088 1178 4186 prohibere
1234 4090 1330 4164 ab
1386 4090 1733 4187 ingressu
1789 4092 2082 4191 poterit.
2161 4094 2322 4170 Nec
2378 4094 2569 4169 enim
2608 4091 3040 4183 timendum,

778 4215 1151 4290 revocatis
1206 4239 1298 4291 ex
1364 4216 1753 4313 Hungaria
1815 4217 2227 4294 Bizantium
2303 4220 2680 4318 plerisque
2745 4220 3035 4298 'raroa-

778 4365 957 4436 rum,
999 4365 1130 4418 eos
1169 4341 1345 4418 iusti
1382 4344 1752 4421 exercitus
1790 4346 2116 4443 speciem
2154 4348 2608 4423 constituere
2650 4369 2900 4446 posse.

993 4465 1189 4557 Quin
1207 4468 1510 4567 insuper
1530 4471 1624 4544 ad
1667 4470 2069 4546 eludendos
2095 4471 2353 4546 hostes
2381 4471 2560 4547 illud
2602 4494 2895 4569 quoque
2939 4472 3042 4547 ad

777 4592 1089 4665 omnium
1130 4617 1523 4690 regnorum
1580 4594 1897 4672 confinia
1921 4596 2428 4690 mandandum,
2450 4604 2531 4674 ut
2566 4620 2700 4695 per
2737 4597 2816 4672 id
2852 4607 3042 4674 tem·
