3293 5219
792 326 941 395 528

787 535 861 607 in
900 556 1147 608 eorum
1185 540 1413 606 morte
1473 531 1649 605 fletu
1687 540 1763 605 et
1817 532 2146 607 lacrimis
2220 540 2550 608 nostrum
2589 531 2910 608 dolorem
2948 542 3048 605 te·

787 659 991 753 stari,
1030 682 1163 757 per
1201 680 1386 755 quos
1426 658 1641 731 nobis
1707 657 1780 731 vi
1805 664 1883 733 ta
1922 658 2127 734 licuit
2164 655 2334 757 frui)
2393 666 2676 737 mortuo
2728 658 3054 756 Impera-

782 797 963 881 tore,
999 785 1426 878 fortissimo,
1465 785 1913 877 iustissime,
1954 785 2527 885 sapientissimo,
2567 787 2694 882 qui
2729 810 2866 860 non
2906 786 3050 857 for·

785 926 1004 990 tunae
1040 912 1509 1003 temeritate,
1550 912 1686 987 sed
1726 910 1975 987 divino
2017 913 2366 1001 consili0‚
2443 936 2585 989 non
2627 935 2841 1000 casu,
2916 908 3052 983 sed

788 1037 1517 1140 sapientissimorum
1574 1037 1941 1112 hominum
1999 1039 2414 1133 suffragiis,
2490 1061 2638 1114 non
2698 1059 3051 1111 commen·

790 1167 1089 1241 datione
1128 1163 1566 1245 nobilitatis,
1608 1163 1742 1237 sed
1798 1164 2141 1239 virtutum
2218 1164 2699 1239 maximarum
2757 1160 3048 1236 delecti·

788 1295 950 1385 bus,
991 1289 1114 1387 qui
1150 1289 1437 1388 patriae
1474 1287 1744 1381 Pater,
1828 1290 2042 1379 Dux,
2085 1288 2497 1387 Imperator
2532 1351 2546 1375 ,
2587 1298 2698 1364 tot
2735 1287 3045 1387 populis,

785 1427 892 1494 tot
931 1416 1326 1515 gentibus,
1405 1423 1513 1490 tot
1574 1415 1997 1490 nationibus
2054 1427 2481 1514 praeesset,
2542 1417 2668 1513 qui
2707 1413 3041 1511 exemplo

788 1543 1353 1621 domesticarum
1373 1541 1672 1617 laudum
1711 1543 1806 1617 ad
1844 1542 2179 1638 gloriam,
2206 1544 2300 1616 ad
2339 1544 2585 1633 decus,
2625 1542 2722 1616 ad
2761 1542 3037 1615 immor·

784 1669 1093 1747 talitatis
1130 1667 1443 1743 studium
1483 1689 1657 1741 suos
1696 1668 2073 1755 excitaret,
2147 1669 2438 1759 hostes,
2480 1668 2786 1757 virtute,
2834 1668 3041 1740 robo-

788 1823 869 1873 re
909 1796 1170 1887 animi,
1244 1795 1640 1871 autoritate
1699 1804 1916 1892 parta
1973 1795 2269 1892 optimis
2360 1795 2556 1870 vitae
2613 1794 3039 1883 rationibuS,

788 1927 1005 2014 fama,
1081 1923 1483 2019 Majestate
1557 1921 1871 1995 nominis
1912 1922 1984 1995 in
2026 1929 2219 1996 metu
2259 1924 2694 2007 contineret,
2777 1921 3035 2017 quibus

793 2050 1071 2140 verbis,
1114 2071 1261 2145 qua
1300 2046 1656 2122 orationis
1698 2047 1789 2137 vi,
1849 2070 1990 2143 quo
2031 2049 2496 2144 eloquentiae
2534 2047 2831 2124 flumine
2868 2070 3033 2121 con·

737 2164 742 2169 ⁹
802 2185 1092 2275 ceptum
1128 2174 1353 2250 animi
1392 2173 1714 2249 dolorem
1755 2174 2190 2272 exprimere,
2231 2174 2623 2250 declarare
2661 2197 2797 2249 nos
2816 2195 3030 2272 posse

792 2300 1295 2380 arbitramur?
1353 2300 1614 2397 Neque
1684 2324 1861 2376 vero
1919 2302 2103 2377 haec
2163 2325 2308 2376 una
2356 2310 2470 2376 est
2525 2301 2741 2376 nobis
2815 2321 3032 2374 causa

793 2409 1108 2520 doloris3
1146 2426 1341 2501 aliae
1379 2432 1775 2524 praeterea
1836 2433 2008 2499 sunt
2086 2434 2160 2500 et
2199 2426 2561 2500 maximae
2618 2436 2692 2501 et
2729 2424 3030 2500 iustissi-

793 2576 995 2649 mae;
1035 2561 1114 2629 ut
1153 2551 1344 2628 enim
1383 2550 1598 2626 liberi
1639 2573 1784 2625 non
1826 2552 1920 2626 ob
1959 2551 2035 2625 id
2082 2553 2317 2627 solum
2360 2562 2711 2651 parentes
2768 2552 3029 2638 colunt,

794 2682 988 2780 quod
1025 2704 1107 2756 se
1145 2681 1241 2754 ab
1280 2678 1432 2753 illis
1471 2678 1546 2752 in
1589 2678 1825 2754 lucem
1865 2688 2287 2776 susceptos,
2367 2681 2595 2773 altos,
2664 2681 3033 2755 educatos,

792 2809 887 2883 ad
927 2807 1286 2882 honestae
1363 2806 1557 2880 vitae
1594 2806 1933 2882 instituta
2006 2809 2500 2882 conformatos
2557 2806 3032 2891 meminerint,

794 2933 929 3011 sed
965 2933 1182 3008 etiam
1207 2988 1224 3022 ,
1264 2931 1456 3029 quod
1496 2956 1748 3009 eorum
1828 2956 2109 3009 summa
2173 2933 2631 3030 indulgentia
2684 2931 3034 3009 utantur?

793 3061 988 3161 quod
1023 3082 1106 3134 se
1142 3058 1353 3133 unice
1390 3060 1622 3134 amari
1643 3060 1740 3134 ab
1764 3060 1900 3150 his,
1930 3061 2125 3158 quod
2161 3061 2337 3135 ferri
2358 3061 2431 3135 in
2456 3062 2688 3136 oculis
2717 3060 3034 3135 animad-

793 3194 1109 3266 vertunt.
1148 3188 1266 3261 Ita
1302 3186 1405 3260 tui
1444 3187 1912 3294 ferdinande
1950 3184 2235 3262 Caesar
2274 3187 2641 3263 desiderio
2679 3188 3030 3281 angimur,

796 3315 987 3415 quod
1025 3313 1267 3390 omnia
1319 3313 1536 3389 nobis
1575 3336 1876 3388 munera
1911 3315 2274 3389 cumulate
2330 3314 2808 3412 persolueris,
2847 3337 3029 3411 quae

796 3452 966 3520 sunt
1038 3441 1294 3516 liberis
1336 3464 1383 3513 a
1418 3441 1856 3539 parentibus
1932 3441 2386 3538 expetenda,
2471 3441 2666 3539 quod
2719 3464 2858 3516 nos
2929 3441 3028 3512 fo·

795 3569 995 3645 veris
1067 3569 1428 3644 charitate
1500 3568 1919 3644 incredibili
1954 3624 1970 3661 ,
2020 3568 2507 3665 liberalitate,
2581 3568 3025 3663 benignitate

797 3695 1223 3794 complexus
1298 3694 1443 3786 sis,
1484 3704 1606 3771 tuo
1682 3695 1991 3771 consilio
2048 3717 2320 3792 saepe,
2363 3705 2438 3768 et
2481 3695 2856 3793 sapientia
2891 3703 3025 3768 tec·

796 3833 912 3899 tos
950 3820 1301 3911 servaris,
1344 3820 1478 3896 sed
1537 3821 1732 3918 quod
1770 3830 1896 3897 tua
1971 3830 2132 3897 erat
2167 3821 2241 3895 in
2316 3844 2451 3896 nos
2525 3844 2809 3897 summa
2880 3819 3026 3894 dili-

795 3950 1066 4045 gentia,
1104 3949 1454 4039 charitas,
1476 3948 1884 4046 singularis
1922 3972 2148 4041 amor,
2171 3955 2251 4024 ut
2289 3949 2364 4023 id
2403 3950 2614 4025 modo
2654 3949 3024 4032 videreris,

795 4087 867 4153 te
904 4077 1010 4152 uti
1047 4076 1378 4152 homiues
1419 4077 1685 4151 virtute
1727 4076 2165 4174 Principem,
2206 4076 2489 4152 iustitia
2561 4085 2759 4151 recte
2797 4076 3024 4156 factis,

794 4225 1039 4281 rerum
1073 4212 1453 4299 gestarum
1492 4203 1995 4300 magnitudine
2055 4204 2518 4301 suspicerent
2591 4212 2665 4278 et
2703 4224 3028 4277 vereren-

794 4340 951 4406 tur:
992 4328 1506 4417 moderatione,
1568 4330 1938 4426 aequitate
1976 4330 2226 4424 animi,
2266 4330 2588 4422 lenitate,
2628 4338 2710 4405 ut
2750 4329 3028 4403 minime

798 4456 887 4530 de
925 4478 1210 4531 summa
1247 4465 1374 4531 tua
1412 4453 1775 4550 dignitate
1816 4456 2238 4546 decederes,
2288 4464 2672 4553 parentem
2730 4455 3026 4530 eundem

795 4580 1524 4676 indulgentissimum,
1565 4581 1945 4656 mitissimo
1986 4582 2323 4677 ingenio,
2399 4582 2766 4675 comitate,
2807 4579 3024 4655 faciii·
