<?xml version="1.0" encoding="UTF-8"?>
<!DOCTYPE html PUBLIC "-//W3C//DTD XHTML 1.0 Transitional//EN"
    "http://www.w3.org/TR/xhtml1/DTD/xhtml1-transitional.dtd">
<html xmlns="http://www.w3.org/1999/xhtml" xml:lang="en" lang="en">
 <head>
  <title>
</title>
<meta http-equiv="Content-Type" content="text/html;charset=utf-8" />
  <meta name='ocr-system' content='tesseract 3.04.00' />
  <meta name='ocr-capabilities' content='ocr_page ocr_carea ocr_par ocr_line ocrx_word'/>
</head>
<body>
  <div class='ocr_page' id='page_1' title='image "./magyarhistorija00bpgoog/magyarhistorija00bpgoog_0436.png"; bbox 0 0 3293 5219; ppageno 0'>
   <div class='ocr_carea' id='block_1_1' title="bbox 725 301 880 379">
    <p class='ocr_par' dir='ltr' id='par_1_1' title="bbox 725 301 880 379">
     <span class='ocr_line' id='line_1_1' title="bbox 725 301 880 379; baseline -0.013 0"><span class='ocrx_word' id='word_1_1' title='bbox 725 301 880 379; x_wconf 82' lang='lat'>318</span> 
     </span>
    </p>
   </div>
   <div class='ocr_carea' id='block_1_2' title="bbox 724 515 3000 4671">
    <p class='ocr_par' dir='ltr' id='par_1_2' title="bbox 724 515 3000 4671">
     <span class='ocr_line' id='line_1_2' title="bbox 726 515 2990 604; baseline -0.003 -7"><span class='ocrx_word' id='word_1_2' title='bbox 726 545 887 597; x_wconf 88' lang='lat' dir='ltr'>sum</span> <span class='ocrx_word' id='word_1_3' title='bbox 994 526 1239 592; x_wconf 90' lang='lat' dir='ltr'>tamen</span> <span class='ocrx_word' id='word_1_4' title='bbox 1314 525 1775 591; x_wconf 78' lang='lat' dir='ltr'>recusantem</span> <span class='ocrx_word' id='word_1_5' title='bbox 1812 535 1817 540; x_wconf 85' lang='grc'><em>·</em></span> <span class='ocrx_word' id='word_1_6' title='bbox 1868 515 2259 591; x_wconf 78' lang='lat' dir='ltr'>tenerrime</span> <span class='ocrx_word' id='word_1_7' title='bbox 2315 524 2431 590; x_wconf 89' lang='grc'>661</span> <span class='ocrx_word' id='word_1_8' title='bbox 2560 517 2990 604; x_wconf 89' lang='lat' dir='ltr'>collocutus,</span> 
     </span>
     <span class='ocr_line' id='line_1_3' title="bbox 726 640 2988 744; baseline -0.003 -21"><span class='ocrx_word' id='word_1_9' title='bbox 726 643 1236 744; x_wconf 87' lang='lat' dir='ltr'>quaesivitque</span> <span class='ocrx_word' id='word_1_10' title='bbox 1314 667 1408 716; x_wconf 89' lang='lat' dir='ltr'>an</span> <span class='ocrx_word' id='word_1_11' title='bbox 1484 664 1661 715; x_wconf 87' lang='lat' dir='ltr'>suus</span> <span class='ocrx_word' id='word_1_12' title='bbox 1701 641 2068 715; x_wconf 88' lang='lat' dir='ltr'>exercitus</span> <span class='ocrx_word' id='word_1_13' title='bbox 2129 640 2315 716; x_wconf 91' lang='lat' dir='ltr'>satis</span> <span class='ocrx_word' id='word_1_14' title='bbox 2375 640 2664 716; x_wconf 88' lang='lat' dir='ltr'>validus</span> <span class='ocrx_word' id='word_1_15' title='bbox 2705 642 2988 717; x_wconf 89' lang='lat' dir='ltr'>videre-</span> 
     </span>
     <span class='ocr_line' id='line_1_4' title="bbox 724 766 2993 866; baseline -0.002 -19"><span class='ocrx_word' id='word_1_16' title='bbox 724 781 863 864; x_wconf 91' lang='lat' dir='ltr'>tur,</span> <span class='ocrx_word' id='word_1_17' title='bbox 903 779 977 845; x_wconf 95' lang='lat' dir='ltr'>et</span> <span class='ocrx_word' id='word_1_18' title='bbox 1014 766 1373 844; x_wconf 81' lang='lat' dir='ltr'>Germani</span> <span class='ocrx_word' id='word_1_19' title='bbox 1413 793 1507 842; x_wconf 90' lang='lat' dir='ltr'>an</span> <span class='ocrx_word' id='word_1_20' title='bbox 1546 767 2049 866; x_wconf 87' lang='lat' dir='ltr'>exspectaturi</span> <span class='ocrx_word' id='word_1_21' title='bbox 2089 775 2360 860; x_wconf 81' lang='lat' dir='ltr'>essent,</span> <span class='ocrx_word' id='word_1_22' title='bbox 2398 776 2478 841; x_wconf 91' lang='lat' dir='ltr'>ut</span> <span class='ocrx_word' id='word_1_23' title='bbox 2516 789 2677 842; x_wconf 90' lang='lat' dir='ltr'>cum</span> <span class='ocrx_word' id='word_1_24' title='bbox 2717 790 2804 842; x_wconf 95' lang='lat' dir='ltr'>eo</span> <span class='ocrx_word' id='word_1_25' title='bbox 2846 791 2993 842; x_wconf 92' lang='lat' dir='ltr'>ma-</span> 
     </span>
     <span class='ocr_line' id='line_1_5' title="bbox 728 892 2993 989; baseline -0.002 -17"><span class='ocrx_word' id='word_1_26' title='bbox 728 921 865 974; x_wconf 90' lang='lat' dir='ltr'>nus</span> <span class='ocrx_word' id='word_1_27' title='bbox 906 903 1403 975; x_wconf 85' lang='lat' dir='ltr'>consererent.</span> <span class='ocrx_word' id='word_1_28' title='bbox 1464 895 1755 970; x_wconf 89' lang='lat' dir='ltr'>Deinde</span> <span class='ocrx_word' id='word_1_29' title='bbox 1813 893 2282 982; x_wconf 80' lang='lat' dir='ltr'>collaudavit,</span> <span class='ocrx_word' id='word_1_30' title='bbox 2324 892 2521 989; x_wconf 87' lang='lat' dir='ltr'>quod</span> <span class='ocrx_word' id='word_1_31' title='bbox 2559 894 2657 967; x_wconf 91' lang='lat' dir='ltr'>ad</span> <span class='ocrx_word' id='word_1_32' title='bbox 2695 916 2780 968; x_wconf 89' lang='lat' dir='ltr'>se</span> <span class='ocrx_word' id='word_1_33' title='bbox 2810 894 2993 968; x_wconf 91' lang='lat' dir='ltr'>invi-</span> 
     </span>
     <span class='ocr_line' id='line_1_6' title="bbox 725 1019 2994 1121; baseline -0.002 -20"><span class='ocrx_word' id='word_1_34' title='bbox 725 1026 1029 1101; x_wconf 89' lang='lat' dir='ltr'>sendum</span> <span class='ocrx_word' id='word_1_35' title='bbox 1068 1022 1423 1108; x_wconf 87' lang='lat' dir='ltr'>venisset,</span> <span class='ocrx_word' id='word_1_36' title='bbox 1460 1023 1799 1119; x_wconf 87' lang='lat' dir='ltr'>bonoque</span> <span class='ocrx_word' id='word_1_37' title='bbox 1840 1045 2001 1096; x_wconf 91' lang='lat' dir='ltr'>eum</span> <span class='ocrx_word' id='word_1_38' title='bbox 2025 1019 2336 1096; x_wconf 89' lang='lat' dir='ltr'>consilio</span> <span class='ocrx_word' id='word_1_39' title='bbox 2381 1042 2618 1115; x_wconf 75' lang='lat' dir='ltr'>usum,</span> <span class='ocrx_word' id='word_1_40' title='bbox 2662 1044 2746 1096; x_wconf 89' lang='lat' dir='ltr'>se</span> <span class='ocrx_word' id='word_1_41' title='bbox 2787 1022 2994 1121; x_wconf 89' lang='lat' dir='ltr'>quip-</span> 
     </span>
     <span class='ocr_line' id='line_1_7' title="bbox 726 1144 2995 1252; baseline -0.001 -25"><span class='ocrx_word' id='word_1_42' title='bbox 726 1177 819 1252; x_wconf 87' lang='lat' dir='ltr'>pe</span> <span class='ocrx_word' id='word_1_43' title='bbox 877 1175 962 1227; x_wconf 88' lang='lat' dir='ltr'>eo</span> <span class='ocrx_word' id='word_1_44' title='bbox 1021 1149 1328 1225; x_wconf 91' lang='lat' dir='ltr'>consilio</span> <span class='ocrx_word' id='word_1_45' title='bbox 1386 1149 1750 1248; x_wconf 85' lang='lat' dir='ltr'>Byzantio</span> <span class='ocrx_word' id='word_1_46' title='bbox 1810 1149 2149 1241; x_wconf 87' lang='lat' dir='ltr'>solvisse,</span> <span class='ocrx_word' id='word_1_47' title='bbox 2206 1155 2286 1223; x_wconf 90' lang='lat' dir='ltr'>ut</span> <span class='ocrx_word' id='word_1_48' title='bbox 2342 1144 2711 1223; x_wconf 91' lang='lat' dir='ltr'>Viennam</span> <span class='ocrx_word' id='word_1_49' title='bbox 2770 1172 2995 1247; x_wconf 88' lang='lat' dir='ltr'>expu-</span> 
     </span>
     <span class='ocr_line' id='line_1_8' title="bbox 726 1273 3000 1375; baseline -0.001 -23"><span class='ocrx_word' id='word_1_50' title='bbox 726 1285 1030 1375; x_wconf 82' lang='lat' dir='ltr'>gnaret3</span> <span class='ocrx_word' id='word_1_51' title='bbox 1069 1301 1237 1351; x_wconf 90' lang='lat' dir='ltr'>nam</span> <span class='ocrx_word' id='word_1_52' title='bbox 1276 1275 1651 1368; x_wconf 87' lang='lat' dir='ltr'>statuisse,</span> <span class='ocrx_word' id='word_1_53' title='bbox 1693 1275 1827 1349; x_wconf 90' lang='lat' dir='ltr'>sub</span> <span class='ocrx_word' id='word_1_54' title='bbox 1866 1273 2346 1350; x_wconf 88' lang='lat' dir='ltr'>tabernaculo</span> <span class='ocrx_word' id='word_1_55' title='bbox 2393 1274 2608 1348; x_wconf 88' lang='lat' dir='ltr'>vitam</span> <span class='ocrx_word' id='word_1_56' title='bbox 2646 1274 2886 1368; x_wconf 88' lang='lat' dir='ltr'>finire,</span> <span class='ocrx_word' id='word_1_57' title='bbox 2925 1283 3000 1350; x_wconf 95' lang='grc'>61</span> 
     </span>
     <span class='ocr_line' id='line_1_9' title="bbox 726 1401 2998 1504; baseline -0.001 -25"><span class='ocrx_word' id='word_1_58' title='bbox 726 1407 964 1504; x_wconf 89' lang='lat' dir='ltr'>ipsum</span> <span class='ocrx_word' id='word_1_59' title='bbox 1004 1405 1097 1478; x_wconf 91' lang='lat' dir='ltr'>ab</span> <span class='ocrx_word' id='word_1_60' title='bbox 1154 1403 1467 1477; x_wconf 91' lang='lat' dir='ltr'>inimicis</span> <span class='ocrx_word' id='word_1_61' title='bbox 1490 1402 1645 1478; x_wconf 91' lang='lat' dir='ltr'>suis</span> <span class='ocrx_word' id='word_1_62' title='bbox 1685 1401 2083 1477; x_wconf 87' lang='lat' dir='ltr'>vindicare.</span> <span class='ocrx_word' id='word_1_63' title='bbox 2124 1402 2459 1476; x_wconf 84' lang='lat' dir='ltr'>Tandem</span> <span class='ocrx_word' id='word_1_64' title='bbox 2498 1402 2595 1477; x_wconf 86' lang='lat' dir='ltr'>ad</span> <span class='ocrx_word' id='word_1_65' title='bbox 2631 1427 2998 1502; x_wconf 61' lang='lat' dir='ltr'>purpura«</span> 
     </span>
     <span class='ocr_line' id='line_1_10' title="bbox 737 1525 2995 1626; baseline -0.001 -20"><span class='ocrx_word' id='word_1_66' title='bbox 737 1540 855 1608; x_wconf 88' lang='lat' dir='ltr'>tos</span> <span class='ocrx_word' id='word_1_67' title='bbox 933 1529 1056 1622; x_wconf 92' lang='lat' dir='ltr'>ait,</span> <span class='ocrx_word' id='word_1_68' title='bbox 1116 1553 1279 1604; x_wconf 90' lang='lat' dir='ltr'>eum</span> <span class='ocrx_word' id='word_1_69' title='bbox 1352 1525 1567 1626; x_wconf 88' lang='lat' dir='ltr'>patri,</span> <span class='ocrx_word' id='word_1_70' title='bbox 1607 1525 2228 1626; x_wconf 84' lang='lat' dir='ltr'>physiognomiae</span> <span class='ocrx_word' id='word_1_71' title='bbox 2305 1526 2594 1622; x_wconf 89' lang='lat' dir='ltr'>indici0,</span> <span class='ocrx_word' id='word_1_72' title='bbox 2668 1529 2995 1624; x_wconf 90' lang='lat' dir='ltr'>probita-</span> 
     </span>
     <span class='ocr_line' id='line_1_11' title="bbox 729 1654 2995 1754; baseline -0.001 -22"><span class='ocrx_word' id='word_1_73' title='bbox 729 1666 803 1732; x_wconf 95' lang='lat' dir='ltr'>te</span> <span class='ocrx_word' id='word_1_74' title='bbox 840 1664 913 1732; x_wconf 91' lang='lat' dir='ltr'>et</span> <span class='ocrx_word' id='word_1_75' title='bbox 950 1655 1226 1750; x_wconf 87' lang='lat' dir='ltr'>ingenii</span> <span class='ocrx_word' id='word_1_76' title='bbox 1266 1654 1598 1732; x_wconf 88' lang='lat' dir='ltr'>bonitate</span> <span class='ocrx_word' id='word_1_77' title='bbox 1636 1655 2107 1754; x_wconf 88' lang='lat' dir='ltr'>respondere.</span> <span class='ocrx_word' id='word_1_78' title='bbox 2151 1654 2399 1729; x_wconf 88' lang='lat' dir='ltr'>Finito</span> <span class='ocrx_word' id='word_1_79' title='bbox 2459 1657 2829 1752; x_wconf 90' lang='lat' dir='ltr'>colloquio</span> <span class='ocrx_word' id='word_1_80' title='bbox 2868 1657 2995 1734; x_wconf 84' lang='lat' dir='ltr'>Jo-</span> 
     </span>
     <span class='ocr_line' id='line_1_12' title="bbox 734 1780 2994 1880; baseline 0.002 -26"><span class='ocrx_word' id='word_1_81' title='bbox 734 1780 1017 1860; x_wconf 89' lang='lat' dir='ltr'>hannes</span> <span class='ocrx_word' id='word_1_82' title='bbox 1059 1783 1389 1858; x_wconf 91' lang='lat' dir='ltr'>libellum</span> <span class='ocrx_word' id='word_1_83' title='bbox 1431 1782 1499 1855; x_wconf 92' lang='lat' dir='ltr'>ei</span> <span class='ocrx_word' id='word_1_84' title='bbox 1556 1782 1910 1880; x_wconf 84' lang='lat' dir='ltr'>porrexit,</span> <span class='ocrx_word' id='word_1_85' title='bbox 1969 1782 2093 1879; x_wconf 87' lang='lat' dir='ltr'>qui</span> <span class='ocrx_word' id='word_1_86' title='bbox 2148 1782 2396 1857; x_wconf 88' lang='lat' dir='ltr'>finium</span> <span class='ocrx_word' id='word_1_87' title='bbox 2454 1784 2994 1878; x_wconf 85' lang='lat' dir='ltr'>consignando-</span> 
     </span>
     <span class='ocr_line' id='line_1_13' title="bbox 736 1906 2993 2006; baseline 0.001 -23"><span class='ocrx_word' id='word_1_88' title='bbox 736 1933 893 1983; x_wconf 91' lang='lat' dir='ltr'>rum</span> <span class='ocrx_word' id='word_1_89' title='bbox 956 1909 1400 2006; x_wconf 85' lang='lat' dir='ltr'>petitionem</span> <span class='ocrx_word' id='word_1_90' title='bbox 1432 1908 1892 2002; x_wconf 78' lang='lat' dir='ltr'>continebat3</span> <span class='ocrx_word' id='word_1_91' title='bbox 1933 1931 2146 2005; x_wconf 90' lang='lat' dir='ltr'>quem</span> <span class='ocrx_word' id='word_1_92' title='bbox 2204 1906 2620 1983; x_wconf 88' lang='lat' dir='ltr'>Mehemeto</span> <span class='ocrx_word' id='word_1_93' title='bbox 2714 1932 2993 2004; x_wconf 81' lang='lat' dir='ltr'>summo</span> 
     </span>
     <span class='ocr_line' id='line_1_14' title="bbox 736 2035 2996 2134; baseline 0.001 -25"><span class='ocrx_word' id='word_1_94' title='bbox 736 2035 1013 2111; x_wconf 88' lang='lat' dir='ltr'>vezirio</span> <span class='ocrx_word' id='word_1_95' title='bbox 1108 2035 1445 2126; x_wconf 82' lang='lat' dir='ltr'>tradidit,</span> <span class='ocrx_word' id='word_1_96' title='bbox 1541 2044 1615 2109; x_wconf 92' lang='lat' dir='ltr'>et</span> <span class='ocrx_word' id='word_1_97' title='bbox 1689 2059 1935 2111; x_wconf 88' lang='lat' dir='ltr'>coram</span> <span class='ocrx_word' id='word_1_98' title='bbox 2009 2035 2206 2109; x_wconf 90' lang='lat' dir='ltr'>illico</span> <span class='ocrx_word' id='word_1_99' title='bbox 2302 2036 2680 2129; x_wconf 88' lang='lat' dir='ltr'>commisit,</span> <span class='ocrx_word' id='word_1_100' title='bbox 2777 2061 2996 2134; x_wconf 90' lang='lat' dir='ltr'>quae-</span> 
     </span>
     <span class='ocr_line' id='line_1_15' title="bbox 736 2161 2961 2262; baseline 0 -25"><span class='ocrx_word' id='word_1_101' title='bbox 736 2185 1019 2258; x_wconf 87' lang='lat' dir='ltr'>cunque</span> <span class='ocrx_word' id='word_1_102' title='bbox 1057 2162 1312 2236; x_wconf 90' lang='lat' dir='ltr'>libello</span> <span class='ocrx_word' id='word_1_103' title='bbox 1371 2162 1944 2250; x_wconf 90' lang='lat' dir='ltr'>continerentur,</span> <span class='ocrx_word' id='word_1_104' title='bbox 2002 2161 2403 2262; x_wconf 86' lang='lat' dir='ltr'>diplomate</span> <span class='ocrx_word' id='word_1_105' title='bbox 2441 2163 2602 2237; x_wconf 91' lang='lat' dir='ltr'>dari</span> <span class='ocrx_word' id='word_1_106' title='bbox 2661 2188 2752 2239; x_wconf 91' lang='lat' dir='ltr'>ac</span> <span class='ocrx_word' id='word_1_107' title='bbox 2827 2187 2961 2238; x_wconf 92' lang='lat' dir='ltr'>con</span> 
     </span>
     <span class='ocr_line' id='line_1_16' title="bbox 735 2288 2995 2364; baseline 0 -3"><span class='ocrx_word' id='word_1_108' title='bbox 735 2288 1032 2364; x_wconf 88' lang='lat' dir='ltr'>firmari.</span> <span class='ocrx_word' id='word_1_109' title='bbox 1092 2289 1382 2364; x_wconf 83' lang='lat' dir='ltr'>Exinde</span> <span class='ocrx_word' id='word_1_110' title='bbox 1441 2289 1628 2364; x_wconf 93' lang='lat' dir='ltr'>dono</span> <span class='ocrx_word' id='word_1_111' title='bbox 1687 2288 1886 2363; x_wconf 88' lang='lat' dir='ltr'>misit</span> <span class='ocrx_word' id='word_1_112' title='bbox 1940 2289 1991 2364; x_wconf 87' lang='lat' dir='ltr'>J</span> <span class='ocrx_word' id='word_1_113' title='bbox 1997 2288 2266 2364; x_wconf 92' lang='lat' dir='ltr'>ohanni</span> <span class='ocrx_word' id='word_1_114' title='bbox 2339 2288 2713 2364; x_wconf 89' lang='lat' dir='ltr'>baltheum</span> <span class='ocrx_word' id='word_1_115' title='bbox 2768 2291 2995 2364; x_wconf 87' lang='lat' dir='ltr'>latum</span> 
     </span>
     <span class='ocr_line' id='line_1_17' title="bbox 735 2414 2994 2514; baseline 0.001 -26"><span class='ocrx_word' id='word_1_116' title='bbox 735 2439 950 2490; x_wconf 89' lang='lat' dir='ltr'>unam</span> <span class='ocrx_word' id='word_1_117' title='bbox 1042 2415 1387 2514; x_wconf 89' lang='lat' dir='ltr'>palmam,</span> <span class='ocrx_word' id='word_1_118' title='bbox 1462 2415 1886 2514; x_wconf 88' lang='lat' dir='ltr'>pugionem,</span> <span class='ocrx_word' id='word_1_119' title='bbox 1987 2423 2060 2489; x_wconf 93' lang='grc'>61</span> <span class='ocrx_word' id='word_1_120' title='bbox 2149 2414 2654 2508; x_wconf 87' lang='lat' dir='ltr'>machaeram,</span> <span class='ocrx_word' id='word_1_121' title='bbox 2751 2417 2994 2492; x_wconf 91' lang='lat' dir='ltr'>omnia</span> 
     </span>
     <span class='ocr_line' id='line_1_18' title="bbox 741 2541 2993 2636; baseline 0.002 -19"><span class='ocrx_word' id='word_1_122' title='bbox 741 2543 931 2618; x_wconf 91' lang='lat' dir='ltr'>haec</span> <span class='ocrx_word' id='word_1_123' title='bbox 961 2566 1053 2618; x_wconf 89' lang='lat' dir='ltr'>ex</span> <span class='ocrx_word' id='word_1_124' title='bbox 1095 2543 1332 2618; x_wconf 89' lang='lat' dir='ltr'>solido</span> <span class='ocrx_word' id='word_1_125' title='bbox 1374 2565 1575 2636; x_wconf 88' lang='grc'>81110,</span> <span class='ocrx_word' id='word_1_126' title='bbox 1608 2543 1892 2619; x_wconf 89' lang='lat' dir='ltr'>rubinis</span> <span class='ocrx_word' id='word_1_127' title='bbox 1942 2550 2015 2619; x_wconf 89' lang='grc'>61</span> <span class='ocrx_word' id='word_1_128' title='bbox 2073 2541 2591 2620; x_wconf 87' lang='lat' dir='ltr'>adamantibus</span> <span class='ocrx_word' id='word_1_129' title='bbox 2623 2545 2993 2621; x_wconf 66' lang='lat' dir='ltr'>‘admiran-</span> 
     </span>
     <span class='ocr_line' id='line_1_19' title="bbox 743 2671 2997 2769; baseline 0.001 -25"><span class='ocrx_word' id='word_1_130' title='bbox 743 2672 856 2744; x_wconf 91' lang='lat' dir='ltr'>dis</span> <span class='ocrx_word' id='word_1_131' title='bbox 933 2671 1464 2767; x_wconf 87' lang='lat' dir='ltr'>unionibusque</span> <span class='ocrx_word' id='word_1_132' title='bbox 1504 2671 1609 2744; x_wconf 89' lang='lat' dir='ltr'>ita</span> <span class='ocrx_word' id='word_1_133' title='bbox 1629 2671 1929 2762; x_wconf 84' lang='lat' dir='ltr'>referta,</span> <span class='ocrx_word' id='word_1_134' title='bbox 1948 2678 2028 2745; x_wconf 91' lang='lat' dir='ltr'>ut</span> <span class='ocrx_word' id='word_1_135' title='bbox 2068 2692 2236 2744; x_wconf 88' lang='lat' dir='ltr'>sese</span> <span class='ocrx_word' id='word_1_136' title='bbox 2272 2671 2429 2745; x_wconf 88' lang='grc'>1616</span> <span class='ocrx_word' id='word_1_137' title='bbox 2469 2673 2997 2769; x_wconf 83' lang='lat' dir='ltr'>contingerent,</span> 
     </span>
     <span class='ocr_line' id='line_1_20' title="bbox 740 2796 2996 2895; baseline 0.002 -26"><span class='ocrx_word' id='word_1_138' title='bbox 740 2803 960 2892; x_wconf 87' lang='lat' dir='ltr'>utque</span> <span class='ocrx_word' id='word_1_139' title='bbox 1015 2796 1305 2870; x_wconf 91' lang='lat' dir='ltr'>modum</span> <span class='ocrx_word' id='word_1_140' title='bbox 1372 2796 1913 2872; x_wconf 85' lang='lat' dir='ltr'>aestimationis</span> <span class='ocrx_word' id='word_1_141' title='bbox 1972 2796 2357 2870; x_wconf 84' lang='lat' dir='ltr'>excedant.</span> <span class='ocrx_word' id='word_1_142' title='bbox 2419 2797 2563 2872; x_wconf 88' lang='lat' dir='ltr'>His</span> <span class='ocrx_word' id='word_1_143' title='bbox 2622 2822 2764 2895; x_wconf 85' lang='lat' dir='ltr'>ego</span> <span class='ocrx_word' id='word_1_144' title='bbox 2816 2800 2996 2873; x_wconf 91' lang='lat' dir='ltr'>nihil</span> 
     </span>
     <span class='ocr_line' id='line_1_21' title="bbox 737 2921 2996 3019; baseline 0.002 -22"><span class='ocrx_word' id='word_1_145' title='bbox 737 2944 1056 3017; x_wconf 87' lang='lat' dir='ltr'>unquam</span> <span class='ocrx_word' id='word_1_146' title='bbox 1111 2921 1261 2994; x_wconf 84' lang='lat' dir='ltr'>vidi</span> <span class='ocrx_word' id='word_1_147' title='bbox 1320 2921 1757 3019; x_wconf 88' lang='lat' dir='ltr'>pretiosius.</span> <span class='ocrx_word' id='word_1_148' title='bbox 1852 2925 2037 2997; x_wconf 89' lang='lat' dir='ltr'>Item</span> <span class='ocrx_word' id='word_1_149' title='bbox 2113 2930 2427 3019; x_wconf 87' lang='lat' dir='ltr'>quatuor</span> <span class='ocrx_word' id='word_1_150' title='bbox 2492 2925 2996 3001; x_wconf 83' lang='lat' dir='ltr'>nobilissimos</span> 
     </span>
     <span class='ocr_line' id='line_1_22' title="bbox 739 3047 2996 3147; baseline 0.001 -23"><span class='ocrx_word' id='word_1_151' title='bbox 739 3070 967 3146; x_wconf 89' lang='lat' dir='ltr'>equos</span> <span class='ocrx_word' id='word_1_152' title='bbox 1010 3073 1099 3123; x_wconf 90' lang='lat' dir='ltr'>ex</span> <span class='ocrx_word' id='word_1_153' title='bbox 1140 3048 1390 3122; x_wconf 88' lang='lat' dir='ltr'>solido</span> <span class='ocrx_word' id='word_1_154' title='bbox 1430 3049 1714 3147; x_wconf 87' lang='lat' dir='ltr'>pariter</span> <span class='ocrx_word' id='word_1_155' title='bbox 1754 3072 1933 3123; x_wconf 89' lang='lat' dir='ltr'>auro</span> <span class='ocrx_word' id='word_1_156' title='bbox 1975 3047 2428 3145; x_wconf 87' lang='lat' dir='ltr'>gemmisque</span> <span class='ocrx_word' id='word_1_157' title='bbox 2453 3060 2776 3126; x_wconf 89' lang='lat' dir='ltr'>ornatos.</span> <span class='ocrx_word' id='word_1_158' title='bbox 2801 3052 2996 3127; x_wconf 91' lang='lat' dir='ltr'>Dein</span> 
     </span>
     <span class='ocr_line' id='line_1_23' title="bbox 740 3154 2993 3275; baseline 0.002 -25"><span class='ocrx_word' id='word_1_159' title='bbox 740 3175 1198 3250; x_wconf 88' lang='lat' dir='ltr'>Mehemetus</span> <span class='ocrx_word' id='word_1_160' title='bbox 1239 3174 1700 3272; x_wconf 85' lang='lat' dir='ltr'>significavit</span> <span class='ocrx_word' id='word_1_161' title='bbox 1738 3176 1844 3261; x_wconf 94' lang='lat' dir='ltr'>ei,</span> <span class='ocrx_word' id='word_1_162' title='bbox 1884 3154 2154 3273; x_wconf 85' lang='lat' dir='ltr'>cupere</span> <span class='ocrx_word' id='word_1_163' title='bbox 2194 3198 2278 3250; x_wconf 92' lang='grc'>66</span> <span class='ocrx_word' id='word_1_164' title='bbox 2319 3177 2770 3274; x_wconf 91' lang='lat' dir='ltr'>colloquium</span> <span class='ocrx_word' id='word_1_165' title='bbox 2810 3182 2993 3275; x_wconf 79' lang='lat' dir='ltr'>ejuS,</span> 
     </span>
     <span class='ocr_line' id='line_1_24' title="bbox 745 3302 2999 3400; baseline 0.002 -24"><span class='ocrx_word' id='word_1_166' title='bbox 745 3310 819 3376; x_wconf 91' lang='lat' dir='ltr'>et</span> <span class='ocrx_word' id='word_1_167' title='bbox 855 3303 1219 3377; x_wconf 88' lang='lat' dir='ltr'>facturum</span> <span class='ocrx_word' id='word_1_168' title='bbox 1270 3325 1353 3376; x_wconf 88' lang='lat' dir='ltr'>se</span> <span class='ocrx_word' id='word_1_169' title='bbox 1391 3302 1626 3376; x_wconf 88' lang='lat' dir='ltr'>fuisse</span> <span class='ocrx_word' id='word_1_170' title='bbox 1669 3302 1867 3399; x_wconf 89' lang='lat' dir='ltr'>apud</span> <span class='ocrx_word' id='word_1_171' title='bbox 1906 3325 2065 3376; x_wconf 91' lang='lat' dir='ltr'>eum</span> <span class='ocrx_word' id='word_1_172' title='bbox 2107 3302 2219 3394; x_wconf 90' lang='lat' dir='ltr'>id,</span> <span class='ocrx_word' id='word_1_173' title='bbox 2259 3303 2403 3377; x_wconf 89' lang='lat' dir='ltr'>nisi</span> <span class='ocrx_word' id='word_1_174' title='bbox 2441 3304 2735 3400; x_wconf 86' lang='lat' dir='ltr'>legibus</span> <span class='ocrx_word' id='word_1_175' title='bbox 2778 3315 2852 3381; x_wconf 89' lang='lat' dir='ltr'>et</span> <span class='ocrx_word' id='word_1_176' title='bbox 2886 3329 2999 3381; x_wconf 88' lang='grc'>16-</span> 
     </span>
     <span class='ocr_line' id='line_1_25' title="bbox 744 3426 2996 3526; baseline 0.003 -25"><span class='ocrx_word' id='word_1_177' title='bbox 744 3429 1019 3523; x_wconf 87' lang='lat' dir='ltr'>ligione</span> <span class='ocrx_word' id='word_1_178' title='bbox 1058 3428 1285 3502; x_wconf 87' lang='lat' dir='ltr'>attine</span> <span class='ocrx_word' id='word_1_179' title='bbox 1302 3434 1541 3524; x_wconf 81' lang='lat' dir='ltr'>retur3</span> <span class='ocrx_word' id='word_1_180' title='bbox 1582 3450 1674 3501; x_wconf 92' lang='lat' dir='ltr'>ne</span> <span class='ocrx_word' id='word_1_181' title='bbox 1716 3450 1896 3522; x_wconf 88' lang='lat' dir='ltr'>ergo</span> <span class='ocrx_word' id='word_1_182' title='bbox 1936 3428 2039 3501; x_wconf 93' lang='lat' dir='ltr'>uti</span> <span class='ocrx_word' id='word_1_183' title='bbox 2080 3426 2274 3502; x_wconf 88' lang='lat' dir='ltr'>filius</span> <span class='ocrx_word' id='word_1_184' title='bbox 2314 3429 2408 3503; x_wconf 91' lang='lat' dir='ltr'>ad</span> <span class='ocrx_word' id='word_1_185' title='bbox 2446 3437 2733 3526; x_wconf 89' lang='lat' dir='ltr'>patrem</span> <span class='ocrx_word' id='word_1_186' title='bbox 2771 3431 2996 3508; x_wconf 89' lang='lat' dir='ltr'>hono·</span> 
     </span>
     <span class='ocr_line' id='line_1_26' title="bbox 745 3555 2996 3647; baseline 0.001 -19"><span class='ocrx_word' id='word_1_187' title='bbox 745 3556 850 3630; x_wconf 88' lang='lat' dir='ltr'>ris</span> <span class='ocrx_word' id='word_1_188' title='bbox 891 3577 1117 3629; x_wconf 89' lang='grc'>081168</span> <span class='ocrx_word' id='word_1_189' title='bbox 1161 3555 1255 3629; x_wconf 87' lang='lat' dir='ltr'>ad</span> <span class='ocrx_word' id='word_1_190' title='bbox 1296 3577 1376 3629; x_wconf 92' lang='lat' dir='ltr'>se</span> <span class='ocrx_word' id='word_1_191' title='bbox 1425 3555 1672 3629; x_wconf 81' lang='lat' dir='ltr'>venire</span> <span class='ocrx_word' id='word_1_192' title='bbox 1714 3561 2115 3647; x_wconf 81' lang='lat' dir='ltr'>recusaret3</span> <span class='ocrx_word' id='word_1_193' title='bbox 2154 3556 2519 3630; x_wconf 87' lang='lat' dir='ltr'>facturum</span> <span class='ocrx_word' id='word_1_194' title='bbox 2559 3557 2750 3630; x_wconf 91' lang='lat' dir='ltr'>enim</span> <span class='ocrx_word' id='word_1_195' title='bbox 2789 3582 2873 3634; x_wconf 89' lang='lat' dir='ltr'>se</span> <span class='ocrx_word' id='word_1_196' title='bbox 2895 3560 2996 3631; x_wconf 84' lang='lat' dir='ltr'>vi-</span> 
     </span>
     <span class='ocr_line' id='line_1_27' title="bbox 740 3679 2982 3779; baseline 0.001 -25"><span class='ocrx_word' id='word_1_197' title='bbox 740 3679 1008 3773; x_wconf 86' lang='lat' dir='ltr'>cissim,</span> <span class='ocrx_word' id='word_1_198' title='bbox 1065 3688 1142 3754; x_wconf 91' lang='lat' dir='ltr'>ut</span> <span class='ocrx_word' id='word_1_199' title='bbox 1213 3703 1580 3777; x_wconf 91' lang='lat' dir='ltr'>nunquam</span> <span class='ocrx_word' id='word_1_200' title='bbox 1618 3681 1840 3755; x_wconf 92' lang='lat' dir='ltr'>officii</span> <span class='ocrx_word' id='word_1_201' title='bbox 1915 3681 2253 3779; x_wconf 88' lang='lat' dir='ltr'>praestiti</span> <span class='ocrx_word' id='word_1_202' title='bbox 2329 3706 2492 3757; x_wconf 91' lang='lat' dir='ltr'>eum</span> <span class='ocrx_word' id='word_1_203' title='bbox 2548 3684 2982 3779; x_wconf 89' lang='lat' dir='ltr'>poeniteret.</span> 
     </span>
     <span class='ocr_line' id='line_1_28' title="bbox 744 3805 2997 3905; baseline 0.004 -24"><span class='ocrx_word' id='word_1_204' title='bbox 744 3805 959 3898; x_wconf 82' lang='lat' dir='ltr'>Quod</span> <span class='ocrx_word' id='word_1_205' title='bbox 1054 3829 1212 3881; x_wconf 90' lang='lat' dir='ltr'>cum</span> <span class='ocrx_word' id='word_1_206' title='bbox 1302 3808 1495 3881; x_wconf 89' lang='lat' dir='ltr'>ultro</span> <span class='ocrx_word' id='word_1_207' title='bbox 1573 3831 1738 3883; x_wconf 90' lang='grc'>611111</span> <span class='ocrx_word' id='word_1_208' title='bbox 1852 3808 2214 3883; x_wconf 85' lang='lat' dir='ltr'>facturum</span> <span class='ocrx_word' id='word_1_209' title='bbox 2285 3808 2517 3883; x_wconf 88' lang='lat' dir='ltr'>fuisse</span> <span class='ocrx_word' id='word_1_210' title='bbox 2643 3810 2997 3905; x_wconf 88' lang='lat' dir='ltr'>crederet,</span> 
     </span>
     <span class='ocr_line' id='line_1_29' title="bbox 746 3933 2996 4034; baseline 0.003 -25"><span class='ocrx_word' id='word_1_211' title='bbox 746 3933 1143 4031; x_wconf 86' lang='lat' dir='ltr'>Solymano</span> <span class='ocrx_word' id='word_1_212' title='bbox 1186 3956 1443 4009; x_wconf 88' lang='lat' dir='ltr'>coram</span> <span class='ocrx_word' id='word_1_213' title='bbox 1536 3935 1822 4010; x_wconf 88' lang='lat' dir='ltr'>nunciis</span> <span class='ocrx_word' id='word_1_214' title='bbox 1863 3935 2045 4009; x_wconf 86' lang='lat' dir='ltr'>viris</span> <span class='ocrx_word' id='word_1_215' title='bbox 2102 3936 2475 4034; x_wconf 88' lang='lat' dir='ltr'>primariis</span> <span class='ocrx_word' id='word_1_216' title='bbox 2520 3940 2614 4013; x_wconf 92' lang='lat' dir='ltr'>ab</span> <span class='ocrx_word' id='word_1_217' title='bbox 2654 3939 2705 4014; x_wconf 86' lang='lat' dir='ltr'>J</span> <span class='ocrx_word' id='word_1_218' title='bbox 2711 3939 2996 4017; x_wconf 88' lang='lat' dir='ltr'>ohanne</span> 
     </span>
     <span class='ocr_line' id='line_1_30' title="bbox 748 4063 2996 4163; baseline 0.003 -26"><span class='ocrx_word' id='word_1_219' title='bbox 748 4063 841 4137; x_wconf 89' lang='lat' dir='ltr'>ad</span> <span class='ocrx_word' id='word_1_220' title='bbox 881 4086 1041 4136; x_wconf 91' lang='lat' dir='ltr'>eum</span> <span class='ocrx_word' id='word_1_221' title='bbox 1082 4063 1357 4155; x_wconf 89' lang='lat' dir='ltr'>missis,</span> <span class='ocrx_word' id='word_1_222' title='bbox 1399 4064 1520 4160; x_wconf 90' lang='lat' dir='ltr'>qui</span> <span class='ocrx_word' id='word_1_223' title='bbox 1560 4087 1865 4138; x_wconf 89' lang='lat' dir='ltr'>munera</span> <span class='ocrx_word' id='word_1_224' title='bbox 1891 4063 1957 4138; x_wconf 93' lang='grc'>61</span> <span class='ocrx_word' id='word_1_225' title='bbox 1996 4065 2326 4163; x_wconf 88' lang='lat' dir='ltr'>pretiosa</span> <span class='ocrx_word' id='word_1_226' title='bbox 2364 4065 2797 4161; x_wconf 87' lang='lat' dir='ltr'>detulerant,</span> <span class='ocrx_word' id='word_1_227' title='bbox 2819 4069 2996 4143; x_wconf 90' lang='lat' dir='ltr'>hila·</span> 
     </span>
     <span class='ocr_line' id='line_1_31' title="bbox 745 4188 2997 4293; baseline 0.004 -31"><span class='ocrx_word' id='word_1_228' title='bbox 745 4190 808 4263; x_wconf 89' lang='lat' dir='ltr'>ri</span> <span class='ocrx_word' id='word_1_229' title='bbox 848 4188 1053 4264; x_wconf 87' lang='lat' dir='ltr'>vultu</span> <span class='ocrx_word' id='word_1_230' title='bbox 1093 4189 1499 4281; x_wconf 88' lang='lat' dir='ltr'>renunciat,</span> <span class='ocrx_word' id='word_1_231' title='bbox 1567 4198 1640 4265; x_wconf 88' lang='lat' dir='ltr'>et</span> <span class='ocrx_word' id='word_1_232' title='bbox 1667 4192 2088 4266; x_wconf 87' lang='lat' dir='ltr'>universam</span> <span class='ocrx_word' id='word_1_233' title='bbox 2129 4190 2392 4286; x_wconf 88' lang='lat' dir='ltr'>aulam,</span> <span class='ocrx_word' id='word_1_234' title='bbox 2418 4194 2612 4289; x_wconf 89' lang='lat' dir='ltr'>quod</span> <span class='ocrx_word' id='word_1_235' title='bbox 2650 4196 2850 4293; x_wconf 90' lang='lat' dir='ltr'>apud</span> <span class='ocrx_word' id='word_1_236' title='bbox 2870 4218 2997 4270; x_wconf 88' lang='grc'>606</span> 
     </span>
     <span class='ocr_line' id='line_1_32' title="bbox 748 4314 3000 4415; baseline 0.002 -24"><span class='ocrx_word' id='word_1_237' title='bbox 748 4316 823 4391; x_wconf 90' lang='grc'>111</span> <span class='ocrx_word' id='word_1_238' title='bbox 861 4314 1290 4392; x_wconf 87' lang='lat' dir='ltr'>solennibus</span> <span class='ocrx_word' id='word_1_239' title='bbox 1348 4325 1422 4393; x_wconf 92' lang='lat' dir='ltr'>et</span> <span class='ocrx_word' id='word_1_240' title='bbox 1458 4318 1749 4414; x_wconf 85' lang='lat' dir='ltr'>magnis</span> <span class='ocrx_word' id='word_1_241' title='bbox 1786 4319 2008 4393; x_wconf 88' lang='lat' dir='ltr'>rebus</span> <span class='ocrx_word' id='word_1_242' title='bbox 2046 4318 2206 4394; x_wconf 78' lang='lat' dir='ltr'>fieri</span> <span class='ocrx_word' id='word_1_243' title='bbox 2235 4320 2635 4415; x_wconf 87' lang='lat' dir='ltr'>consvevit,</span> <span class='ocrx_word' id='word_1_244' title='bbox 2656 4323 3000 4398; x_wconf 84' lang='lat' dir='ltr'>exornari</span> 
     </span>
     <span class='ocr_line' id='line_1_33' title="bbox 738 4442 2994 4545; baseline 0.005 -30"><span class='ocrx_word' id='word_1_245' title='bbox 738 4443 973 4539; x_wconf 91' lang='lat' dir='ltr'>jubet.</span> <span class='ocrx_word' id='word_1_246' title='bbox 1017 4442 1376 4521; x_wconf 90' lang='lat' dir='ltr'>Omnibus</span> <span class='ocrx_word' id='word_1_247' title='bbox 1418 4447 1492 4520; x_wconf 91' lang='lat' dir='ltr'>id</span> <span class='ocrx_word' id='word_1_248' title='bbox 1532 4448 2004 4523; x_wconf 83' lang='lat' dir='ltr'>vehementer</span> <span class='ocrx_word' id='word_1_249' title='bbox 2040 4449 2405 4545; x_wconf 89' lang='lat' dir='ltr'>placebat,</span> <span class='ocrx_word' id='word_1_250' title='bbox 2443 4456 2742 4544; x_wconf 89' lang='lat' dir='ltr'>praeter</span> <span class='ocrx_word' id='word_1_251' title='bbox 2780 4473 2994 4526; x_wconf 91' lang='lat' dir='ltr'>unum</span> 
     </span>
     <span class='ocr_line' id='line_1_34' title="bbox 754 4568 2990 4671; baseline 0.004 -29"><span class='ocrx_word' id='word_1_252' title='bbox 754 4568 1158 4665; x_wconf 89' lang='lat' dir='ltr'>Becesium,</span> <span class='ocrx_word' id='word_1_253' title='bbox 1235 4596 1279 4645; x_wconf 88' lang='lat' dir='ltr'>a</span> <span class='ocrx_word' id='word_1_254' title='bbox 1354 4574 1558 4668; x_wconf 87' lang='lat' dir='ltr'>cujus</span> <span class='ocrx_word' id='word_1_255' title='bbox 1615 4573 1998 4650; x_wconf 83' lang='lat' dir='ltr'>voluntate</span> <span class='ocrx_word' id='word_1_256' title='bbox 2065 4598 2155 4649; x_wconf 91' lang='lat' dir='ltr'>ne</span> <span class='ocrx_word' id='word_1_257' title='bbox 2231 4576 2454 4650; x_wconf 88' lang='lat' dir='ltr'>latum</span> <span class='ocrx_word' id='word_1_258' title='bbox 2513 4575 2804 4671; x_wconf 90' lang='lat' dir='ltr'>quidem</span> <span class='ocrx_word' id='word_1_259' title='bbox 2865 4601 2990 4651; x_wconf 84' lang='lat' dir='ltr'>rex</span> 
     </span>
    </p>
   </div>
  </div>
 </body>
</html>
