3293 5219
2370 349 2534 423 521

299 567 597 661 agebat,
622 575 696 641 et
717 568 1003 642 crebris
1024 567 1584 642 excursionibus
1606 566 1946 641 infestam
1973 565 2335 641 reddebat
2357 566 2544 640 Tur·

297 716 545 768 earum
587 695 950 785 ditionem,
973 702 1047 770 et
1065 719 1339 791 magna
1375 693 1527 768 illis
1549 694 1815 769 damna
1851 695 2242 770 inferebat.
2264 693 2429 786 Qua
2452 694 2544 769 de

283 842 518 895 causa
543 823 862 897 turcicus
884 824 1304 921 praefectus
1325 822 1756 917 zigetiensis
1779 822 2022 897 dolum
2065 818 2541 896 machinatur.

284 946 582 1044 Etenim
620 948 1142 1024 secretissimis
1179 949 1450 1025 litteris
1489 957 1564 1025 et
1598 951 1887 1024 nunciis
1963 973 2055 1023 ex
2113 947 2539 1022 christianis

287 1074 723 1170 parentibus
762 1097 933 1150 sese
971 1083 1208 1151 ortum
1247 1076 1691 1173 significare,
1716 1099 1957 1174 neque
1978 1076 2367 1174 quiequam
2382 1098 2534 1149 ma-

286 1199 410 1294 gis
467 1222 756 1298 cupere,
816 1225 1032 1299 quam
1083 1204 1180 1276 ad
1237 1225 1400 1277 eam
1458 1202 1896 1297 religionem
1933 1226 2227 1295 veram,
2270 1202 2344 1275 in
2397 1222 2540 1297 qua

284 1325 628 1401 nimirum
686 1334 904 1402 natus
963 1328 1080 1422 sit,
1137 1328 1428 1425 redire3
1471 1350 1881 1425 agnoscere
1935 1327 2126 1403 enim
2166 1350 2250 1403 se
2284 1350 2540 1402 veram

289 1448 535 1544 fidem,
578 1475 989 1549 agnoscere
1050 1455 1223 1552 quid
1264 1440 1473 1531 salus
1511 1456 1799 1530 animae
1838 1455 2208 1553 postulet3
2261 1476 2539 1549 rogare

290 1601 475 1675 ergo
496 1602 681 1671 eum,
703 1588 783 1654 ut
802 1581 1216 1658 seconsilio
1259 1590 1334 1658 et
1353 1582 1629 1659 auxilio
1660 1585 1931 1678 juvare
1951 1580 2153 1656 velit.
2211 1578 2536 1656 Tamdiu

290 1727 429 1802 per
484 1705 984 1781 internuncios
1025 1692 1030 1697 ’
1066 1715 1139 1782 et
1193 1716 1344 1782 tam
1404 1708 1676 1783 callide
1731 1730 1855 1783 res
1912 1707 2202 1803 agitata
2255 1713 2389 1797 est,
2462 1712 2542 1780 ut

299 1832 520 1907 fidem
577 1828 912 1929 Georgio
972 1834 1269 1931 feeerit3
1310 1841 1384 1909 et
1442 1835 1538 1909 ad
1575 1833 2158 1910 Maximilianum
2202 1856 2339 1930 per
2378 1854 2541 1907 eum

300 1958 619 2056 perlata,
667 1962 1227 2060 approbataque
1285 1963 1402 2036 sit.
1474 1965 1737 2059 Itaque
1792 1962 1979 2036 diem
2038 1968 2390 2053 statuunt,
2445 1959 2541 2036 ad

304 2110 522 2184 quam
575 2085 951 2186 Georgius
1009 2090 1239 2183 adsit,
1317 2090 1444 2165 ille
1502 2113 1683 2164 vero
1742 2089 2061 2165 concisis
2134 2088 2542 2189 praesidia-

304 2213 441 2288 riis
478 2215 707 2290 tureis
748 2215 1259 2292 Maximiliano
1300 2224 1840 2292 sacramentum
1877 2224 2230 2315 praestet.
2299 2213 2540 2291 Geor-

292 2340 463 2437 gius
505 2365 666 2417 cum
706 2342 1221 2418 selectissimis
1261 2343 1631 2441 equitibus
1671 2343 1980 2441 ungaris
2027 2345 2123 2433 D,
2163 2342 2539 2443 peditibus

297 2466 429 2545 OG
452 2469 547 2544 ad
586 2467 997 2544 condictam
1035 2467 1225 2542 diem
1268 2469 1583 2545 advenit.
1624 2452 1764 2546 Ille
1803 2477 2045 2545 autem
2085 2470 2181 2544 ab
2220 2492 2540 2567 protege

298 2594 614 2671 budensi
672 2594 970 2670 auxiliis
1028 2595 1501 2695 comparatis,
1539 2596 1615 2670 in
1671 2595 1836 2695 ipso
1874 2594 2071 2672 arcis
2109 2601 2535 2695 prospectu,

299 2731 693 2821 postquam
752 2717 1131 2817 Georgius
1188 2724 1743 2823 comparuisset,
1809 2746 1892 2798 se
1947 2722 2290 2798 ostendit.
2388 2721 2539 2797 Ubi

305 2844 682 2943 Georgius
739 2845 939 2921 aliud
997 2846 1477 2923 deliberatum
1533 2848 1791 2940 fuiss'e,
1849 2856 1923 2923 et
1958 2847 2160 2923 aliud
2199 2848 2540 2923 evenisse

305 2972 528 3065 videt,
568 2971 663 3046 ad
701 2996 1024 3071 pugnam
1064 2996 1147 3048 se
1183 2981 1607 3072 praeparat,
1649 2996 2074 3072 summoque
2113 2973 2399 3067 ardore,
2440 2976 2541 3049 al-

299 3099 443 3172 teri
482 3121 618 3196 pro
656 3097 810 3172 vita
835 3106 907 3172 et
938 3099 1199 3187 salute,
1223 3099 1442 3174 alteri
1464 3100 1559 3173 ab
1582 3100 2023 3173 saevissimo
2046 3122 2179 3175 suo
2201 3101 2416 3176 hoste
2455 3123 2538 3176 se

290 3224 701 3314 liberandO,
743 3248 956 3321 quem
997 3248 1216 3300 unum
1255 3225 1731 3300 vehementer
1768 3228 2210 3318 metuebant,
2271 3228 2539 3302 acerri-

295 3372 488 3424 mum
529 3348 889 3447 praelium
928 3349 1221 3426 faciunt.
1265 3349 1387 3426 Ad
1427 3356 1830 3427 extremum
1869 3359 2114 3427 tamen
2134 3360 2536 3451 superante

290 3597 475 3654 ertek.
514 3582 590 3653 1:3³
616 3597 832 3661 latvan,
860 3598 1012 3668 hogy
1040 3618 1109 3654 az
1135 3597 1601 3655 szabadulasban
1630 3601 1828 3654 semmi
1852 3595 2155 3670 remenseg
2180 3600 2436 3670 nincsen,
2469 3617 2538 3654 az

293 3691 517 3746 sisakot
542 3689 722 3745 kiveti
751 3686 968 3760 fejebc'il
989 3730 1003 3752 ,
1032 3709 1068 3744 a
1094 3687 1270 3760 vegre
1296 3690 1449 3760 hogy
1477 3692 1754 3747 elevenen
1781 3708 1854 3745 ne
1881 3689 2197 3761 foghassak
2225 3708 2356 3761 meg
2378 3729 2392 3754 ,
2436 3689 2537 3744 ha-

292 3797 425 3834 nem
450 3778 605 3851 hogy
629 3800 697 3836 az
724 3779 880 3850 fejen
909 3780 1130 3836 halalos
1157 3782 1335 3837 sobek
1364 3782 1627 3846 ossenek,
1673 3779 1735 3836 es
1764 3800 1919 3853 nagy
1942 3787 2144 3839 ero'sen
2172 3779 2358 3839 vivott
2384 3783 2538 3837 mind

293 3870 526 3941 halalig.
567 3869 759 3942 Vegre
803 3870 1108 3942 ennehany
1152 3871 1425 3942 kopjzival
1478 3871 1900 3936 altal‘okleltek‚
1948 3893 2018 3929 az
2062 3872 2217 3944 fejen
2244 3875 2292 3928 is
2319 3875 2423 3928 sok
2451 3891 2538 3948 se·

291 3961 407 4017 bek
434 3960 691 4029 estek,es
719 3959 835 4032 tigy
863 3967 1014 4016 esett
1040 3980 1109 4017 az
1138 3961 1337 4017 foldro.
1362 3964 1447 4016 Az
1474 3963 1639 4017 to'rek
1667 3964 1715 4016 is
1741 3962 1956 4033 latvan,
1986 3964 2139 4036 hogy
2165 3982 2293 4021 nem
2321 3961 2394 4026 el,
2420 3960 2538 4035 ligy

291 4049 490 4109 vettek
519 4051 679 4121 fejdt.
700 4054 807 4123 Igy
834 4054 941 4107 lett
961 4070 1031 4107 az
1051 4052 1278 4122 jambor
1304 4050 1457 4108 vitdz
1486 4054 1795 4109 embernek
1824 4055 2034 4111 haldla.
2059 4057 2147 4112 De
2193 4057 2355 4113 holta
2397 4056 2537 4112 utan

293 4140 505 4198 fizetek
548 4161 678 4212 meg
722 4139 1141 4197 maradekinak
1180 4142 1408 4212 jambor
1451 4143 1841 4214 szolgalatjat,
1867 4145 2022 4215 hogy
2055 4147 2272 4202 Kesziit
2309 4165 2378 4201 az
2405 4147 2539 4201 kas-

292 4231 421 4297 telt,
442 4233 530 4287 kit
557 4230 908 4288 Maximiiian
954 4231 1183 4288 csaszar
1228 4233 1363 4287 neki
1390 4234 1553 4288 adott
1578 4235 1731 4295 vala,
1762 4230 2104 4304 folesdgett'il
2137 4235 2538 4305 gyermekito'l,

291 4323 422 4377 List
463 4322 644 4379 Janos
688 4320 983 4386 kedve'drt,
1013 4323 1071 4376 ki
1128 4323 1311 4378 akkor
1352 4325 1518 4394 gyo'ri
1561 4324 1768 4396 pispek
1794 4325 1944 4393 vala,
1971 4323 2033 4379 e's
2072 4344 2143 4381 az
2171 4323 2362 4381 kastel
2390 4326 2438 4380 is
2466 4344 2536 4381 az

294 4411 717 4484 pispekseghez
745 4414 876 4469 valo
904 4414 1040 4477 volt,
1086 4410 1317 4469 azontul
1345 4412 1589 4473 elvevek
1609 4415 1787 4471 t616k.
1829 4415 1972 4471 Nem
2017 4416 2120 4471 sok
2165 4417 2259 4472 id6
2303 4416 2536 4473 mulvan

300 4521 369 4558 az
397 4502 474 4558 fia
501 4503 566 4566 is,
596 4503 714 4570 Pal,
742 4503 803 4558 ki
832 4523 900 4560 az
930 4504 1157 4560 csaszar
1184 4506 1331 4560 inasi
1359 4507 1558 4562 kozott
1585 4507 1738 4568 vala,
1761 4506 2044 4574 meghala.
