3293 5219
802 284 963 364 442

798 507 1083 599 dicitur,
1096 528 1347 597 uxore,
1362 502 1670 580 Henrici
1692 501 2106 582 Galliarum
2124 507 2332 605 regis
2351 507 2524 600 filia,
2546 532 2856 606 quarum
2874 532 3028 584 am-

798 635 943 711 bae
980 656 1126 711 uno
1145 633 1544 729 eodemque
1567 639 1916 732 tempore,
1942 634 2184 711 altera
2217 636 2294 710 in
2316 631 2667 728 Galliam,
2686 636 2927 712 altera
2944 635 3018 710 in

796 760 1206 859 Hispanias
1242 781 1377 858 per
1400 757 1744 855 Belgium
1791 765 1867 835 et
1885 783 2087 836 mare
2105 783 2471 856 oceanum,
2509 784 2645 861 per
2685 757 3020 870 oratores

795 887 1187 965 eorundem
1241 884 1654 984 principum
1690 883 2090 984 perductae
2144 896 2332 964 sunt.
2391 888 2554 964 Pax
2605 891 2684 964 in
2743 886 3022 964 Galliis

795 1014 1085 1090 firmata
1118 1017 1234 1089 est
1288 1011 1828 1088 conditionibus
1868 1015 2147 1112 aequis,
2204 1015 2546 1113 pontifice
2583 1024 2837 1091 tamen
2895 1038 3022 1089 ve-

794 1141 1170 1218 hementer
1223 1137 1561 1228 adverso,
1638 1138 1832 1235 quod
1888 1147 2161 1216 mortes
2235 1142 2558 1217 virorum
2615 1142 3025 1241 principum

796 1267 1054 1344 mirum
1105 1267 1183 1341 in
1217 1266 1507 1341 modum
1545 1268 1960 1364 expetebat,
2017 1268 2431 1367 struxitque
2485 1276 2702 1363 artes,
2742 1268 3028 1359 solitas,

796 1394 930 1471 sed
990 1392 1218 1468 lassis
1274 1392 1371 1467 ad
1424 1391 2025 1470 deformationem
2082 1401 2155 1470 et
2210 1394 2742 1471 desolationem
2797 1418 3030 1492 usque

795 1519 1009 1615 regni
1062 1519 1422 1595 ambabus
1480 1518 1842 1614 partibus,
1897 1516 2123 1620 nullis
2160 1521 2446 1596 artibus
2482 1527 2609 1597 aut
2641 1520 3030 1618 promissis

797 1648 1026 1723 semel
1101 1645 1389 1743 quietos
1465 1644 1772 1719 incitare
1842 1645 2095 1743 potuit„
2200 1646 2536 1744 Namque
2607 1646 3027 1744 Hispanum

793 1798 882 1851 eo
912 1773 1344 1865 adduxerat,
1381 1778 1461 1846 ut
1494 1772 1561 1846 is
1600 1793 1884 1847 omnem
1939 1758 2348 1868 impensam
2383 1773 2565 1848 belli
2594 1768 2829 1848 Gallo
2862 1795 3028 1870 pro-

789 1900 1134 1986 mitteret3
1171 1898 1638 1996 magnatibus
1677 1919 1877 1989 vero,
1936 1898 2061 1995 qui
2099 1923 2146 1974 a
2200 1898 2530 1974 consiliis
2569 1900 2887 1991 fuerunt,
2922 1902 3026 1975 in-

788 2026 1036 2102 finitas
1072 2024 1517 2123 larg-itiones
1555 2024 1772 2101 ambo
1810 2025 2166 2100 fecerunt.

1006 2150 1110 2227 At
1126 2152 1203 2227 in
1222 2149 1568 2248 Ungaria
1584 2172 1777 2227 anno
1799 2150 2167 2249 superiori
2187 2153 2437 2250 magni
2453 2153 2810 2229 tumultus
2828 2155 3024 2253 prin-

787 2279 981 2379 cipia
999 2279 1496 2378 apparebant:
1518 2276 1838 2353 diximus
1859 2278 2060 2354 etuti
2080 2278 2305 2353 animi
2324 2287 2628 2377 repente
2648 2281 2802 2355 sint
2839 2301 3023 2355 com-

787 2406 1062 2485 mutati.
1103 2405 1481 2503 Siquidem
1503 2402 1862 2479 Becesius
1902 2427 1996 2479 ex
2034 2427 2123 2481 eo
2161 2411 2491 2504 tempore
2528 2406 2822 2503 quietus
2861 2428 3024 2481 esse

785 2558 931 2613 non
947 2530 1220 2632 potuit:
1258 2553 1541 2606 omnem
1561 2530 1880 2605 animum
1899 2552 2330 2628 omnemque
2366 2538 2705 2607 conatum
2747 2531 2847 2631 ad
2865 2555 3025 2630 ger·

780 2659 1139 2738 manicam
1173 2656 1569 2735 factionem
1580 2657 1976 2733 transtulit.
1997 2657 2235 2733 Multa
2271 2657 2347 2732 in
2368 2666 2656 2733 secreto
2695 2681 3020 2749 versare,

783 2789 1011 2863 multa
1028 2791 1287 2884 aperte
1307 2807 1553 2880 agere,
1574 2792 1656 2858 nt
1675 2807 1931 2881 regem
1968 2791 2044 2859 et
2063 2782 2459 2880 plerosque
2493 2783 2570 2859 in
2589 2806 2802 2859 suam
2825 2784 3017 2884 opio·

782 2936 947 2988 nem
983 2909 1402 2987 adduceret.
1441 2909 1563 2984 Ad
1583 2907 1958 3009 Calendas
1979 2910 2033 2987 J
2037 2933 2288 2985 anuar.
2311 2910 2604 2986 comitia
2641 2912 2716 2985 in
2754 2912 3018 3010 oppido

728 3128 733 3133 ⁶
787 3035 1340 3136 meggyesiensi
1357 3034 1613 3112 habita
1636 3044 1825 3129 sunt,
1845 3038 1921 3110 in
1941 3037 2208 3134 quibus
2241 3058 2402 3111 cum
2430 3035 2692 3134 paucis
2713 3060 3022 3113 commu·

788 3166 1033 3242 nicato
1051 3162 1378 3256 consilio,
1398 3165 1679 3262 placuit
1696 3163 1884 3241 mitti
1907 3164 2352 3261 legationem
2372 3163 2693 3262 amplam
2730 3165 2833 3238 ad
2851 3166 3020 3239 Ma-

787 3292 1255 3369 ximilianum.
1296 3290 1702 3390 Postquam
1732 3316 1826 3366 ex
1865 3292 2154 3367 comitio
2190 3292 2501 3367 reditum
2541 3299 2685 3384 est,
2745 3291 3024 3367 vocatis

787 3418 1240 3519 principibus
1297 3416 1565 3493 Albam
1614 3418 1666 3494 J
1670 3417 1895 3493 uliam
1933 3417 2152 3493 trium
2187 3416 2581 3507 nationum,
2617 3415 3025 3492 nobilitatis

787 3544 1096 3635 scilicet,
1118 3567 1474 3621 saxonum
1496 3550 1571 3618 et
1589 3543 2004 3636 siculorum,
2027 3543 2121 3618 ad
2140 3542 2451 3639 triginta
2467 3543 3022 3638 personis,retu-

790 3672 876 3747 lit
887 3694 1021 3749 rex
1060 3671 1156 3746 ad
1193 3671 1752 3747 consultandum
1769 3670 2026 3768 paucis
2046 3668 2585 3744 verbis.Bekes
2604 3670 2908 3767 excepit
2925 3693 3026 3744 re·

790 3798 909 3895 gis
948 3796 1369 3889 orationem,
1391 3804 1466 3873 et
1493 3796 1741 3871 multis
1779 3795 2030 3872 verbis
2068 3795 2439 3887 disseruit,
2475 3794 2604 3869 alii
2642 3801 2818 3892 post
2856 3797 3018 3870 sub·

792 3924 1082 4021 sequuti
1136 3931 1324 4012 sunt,
1361 3945 1497 4021 pro
1535 3922 1835 4020 ingenio
1875 3922 2184 4021 quilibet
2219 3944 2353 3999 suo
2395 3923 2517 3997 vel
2555 3921 2845 3997 affectu.
2886 3922 3027 3996 De-

791 4051 1108 4128 cernitur
1125 4074 1306 4147 ergo
1327 4050 1604 4147 legatio
1625 4051 1873 4148 ampla
1888 4073 2024 4149 per
2041 4049 2465 4148 provincias
2485 4049 2839 4141 caesaris,
2860 4069 3024 4122 nam

786 4177 1079 4274 Pragae
1132 4177 1209 4250 in
1273 4174 1629 4252 Bohemia
1664 4175 1955 4251 comitia
2011 4197 2099 4250 eo
2138 4180 2468 4273 tempore
2517 4174 2880 4270 agitabat,
2918 4198 3025 4249 re-

790 4302 1275 4379 clamantibus
1296 4301 1696 4400 plerisque.
1722 4301 2059 4399 Namque
2086 4299 2532 4397 legationem
2559 4298 2750 4374 mitti
2783 4298 3026 4397 place·

790 4429 939 4523 bat,
959 4436 1035 4505 ct
1051 4450 1309 4527 pacem
1327 4428 1490 4503 fieri
1509 4450 1670 4505 cum
1692 4428 2256 4504 christianorum
2276 4450 2583 4504 caesare
2603 4451 2621 4522 3
2643 4449 2910 4503 verum
2928 4427 3028 4501 in·

788 4555 1166 4631 ternuncio
1221 4560 1402 4649 rege
1458 4553 1837 4648 Poloniae‚
1895 4563 1975 4630 ut
2049 4577 2267 4651 quam
2318 4554 2724 4630 tectissime
2782 4556 3026 4629 omnia
