3293 5219
693 305 914 373 LXVI

695 513 830 590 per
885 489 1027 563 hoc
1081 488 1423 585 praefato
1466 484 2111 581 Archi-Episcopo
2153 485 2428 559 nullum
2474 483 2958 579 imposterum

697 613 1225 715 praejudicium
1265 621 1689 710 generetur.
1750 611 2025 687 Forma
2082 617 2327 686 autem
2364 610 2418 688 J
2425 603 2787 683 uramenti
2824 625 2959 701 per

698 750 772 818 te
810 740 1240 841 praestandi
1277 741 1451 816 talis
1492 748 1608 817 est
1652 768 1668 813 ε
1709 741 1879 836 Ego
1902 738 2130 843 Fran<
2153 737 2355 813 iscus
2376 737 2687 813 Electus
2707 732 2956 809 Vara-

702 868 1001 959 diensis,
1042 868 1138 942 ab
1177 868 1322 942 hac
1360 869 1566 961 hora,
1604 874 1685 942 ut
1739 873 1979 957 antea,
2019 862 2265 939 fidelis
2313 870 2389 939 et
2425 859 2782 937 obediens
2828 879 2955 933 ero

701 998 922 1072 beato
963 991 1209 1083 Petro,
1250 990 1720 1089 sanctaeque
1753 988 2235 1088 Apostolicae
2274 989 2661 1066 Romanae
2698 983 2963 1061 Eccle-

705 1121 864 1197 siae
904 1143 995 1195 ac
1033 1118 1350 1195 Domino
1390 1125 1648 1193 nostro
1689 1117 2010 1192 Domino
2053 1115 2190 1192 Pio
2248 1114 2505 1214 Papae
2546 1114 2728 1190 IIII.
2772 1109 2964 1186 suis-

706 1269 848 1345 que
902 1242 1461 1320 successoribus
1521 1238 1895 1317 Canonice
1949 1240 2416 1316 intrantibus,
2475 1238 2647 1314 Non
2702 1257 2830 1312 ero
2888 1235 2965 1309 in

708 1370 1050 1460 consili0,
1112 1390 1479 1445 consensu
1536 1368 1658 1443 vel
1712 1366 1952 1459 fact0,
2007 1375 2088 1441 ut
2146 1366 2372 1442 vitam
2428 1363 2779 1464 perdant,
2839 1369 2971 1437 aut

709 1499 1133 1589 membrum,
1174 1517 1306 1570 seu
1345 1493 1753 1593 capiantur,
1792 1494 1916 1568 vel
1961 1493 2277 1583 injuriae
2316 1491 2612 1589 aliquae
2646 1490 2968 1564 inferan-

710 1632 829 1699 tur
868 1622 1129 1720 quovis
1170 1619 1507 1718 quaesito
1548 1619 1820 1695 colore.
1867 1615 2276 1693 Consilium
2336 1639 2514 1694 vero
2555 1614 2751 1714 quod
2787 1613 2970 1688 mihi

715 1745 1067 1823 credituri
1121 1754 1328 1837 sunt,
1386 1768 1519 1843 per
1577 1766 1663 1820 se
1718 1751 1845 1820 aut
1923 1744 2273 1832 nuncios,
2332 1765 2467 1819 seu
2518 1741 2811 1817 litteras
2870 1740 2967 1815 ad

716 1893 966 1948 eorum
1004 1870 1342 1946 damnum
1399 1894 1515 1945 me
1573 1870 1852 1947 sciente
1909 1869 2179 1946 nemini
2216 1869 2560 1967 pandam.
2604 1866 2968 1965 Papatum

714 1997 1128 2072 Romanum
1166 2004 1242 2071 et
1277 1995 1602 2093 Regalia
1642 1994 1719 2071 S.
1760 1995 1965 2070 Petri
2015 1994 2309 2091 adjutor
2346 1994 2456 2069 eis
2496 2015 2624 2068 ero
2664 1992 2761 2070 ad
2797 1992 2970 2068 reti-

715 2120 1056 2216 nendum,
1097 2128 1173 2197 et
1209 2120 1746 2198 defendendum
1804 2128 2061 2196 contra
2108 2141 2391 2195 omnem
2431 2118 2818 2196 hominem.
2868 2160 2967 2172 —-

717 2249 1083 2345 Legatum
1103 2244 1590 2344 Apostolicae
1622 2242 1842 2321 Sedis
1880 2245 1957 2319 in
1997 2244 2256 2335 eundo,
2294 2251 2367 2318 et
2402 2244 2800 2338 redeundo,
2844 2244 2972 2320 ho-

718 2375 1019 2450 norifice
1075 2375 1435 2463 tractabo,
1499 2381 1573 2449 et
1626 2373 1701 2446 in
1759 2370 1916 2447 suis
1964 2369 2533 2446 necessitatibus
2571 2372 2966 2467 adjuvabo.

720 2504 951 2594 Jura,
1006 2501 1370 2592 honores,
1426 2498 1824 2598 privilegia
1879 2504 1952 2574 et
2008 2498 2516 2574 auctoritatem
2591 2497 2971 2574 Romanae

722 2628 1150 2716 Ecclesiae,
1228 2625 1524 2700 Domini
1627 2625 1864 2701 nostri
1937 2624 2232 2724 Papae,
2310 2632 2384 2700 et
2456 2647 2970 2733 successorum

722 2755 1266 2857 praedictorum
1327 2772 1793 2840 conservare,
1855 2751 2273 2844 defendere,
2330 2775 2630 2850 augere,
2679 2761 2754 2828 et
2805 2775 2973 2852 pro-

725 2903 1021 2957 movere
1061 2880 1355 2954 curabo.
1395 2878 1735 2972 Regulas
1775 2875 2212 2954 Sanctorum
2254 2878 2582 2972 Patrum,
2622 2880 2973 2970 Decreta,

725 3006 1250 3096 ordinationes,
1289 3004 1716 3095 sententias,
1758 3003 2285 3103 dispositiones
2315 3013 2389 3081 et
2412 3007 2758 3083 mandata
2782 3006 2977 3106 Apo-

725 3132 994 3209 stolica
1032 3132 1210 3205 totis
1268 3130 1548 3204 viribus
1608 3133 2027 3207 observabo
2069 3140 2141 3206 et
2181 3133 2450 3208 faciam
2487 3133 2579 3208 ab
2639 3133 2810 3209 aliis
2851 3134 2974 3207 ob-

731 3256 1043 3333 servari.
1095 3255 1561 3346 Haereticos,
1602 3257 2117 3333 schismaticos
2157 3268 2233 3335 et
2271 3260 2613 3352 rebelles,
2654 3260 2978 3335 Domino

731 3392 1007 3476 nostro,
1067 3391 1140 3458 et
1196 3384 1756 3461 successoribus
1814 3385 2218 3483 praedietis
2276 3409 2408 3483 pro
2467 3407 2690 3484 posse
2728 3408 2980 3484 perse·

729 3534 915 3608 quar
951 3517 1025 3585 et
1060 3511 1533 3608 impugnabo.
1578 3553 1671 3564 —-
1719 3512 2050 3587 Vocatus
2109 3512 2203 3583 ad
2261 3512 2622 3609 synodum
2662 3511 2978 3599 veniam,

730 3637 875 3711 nisi
931 3637 1409 3734 praepeditus
1464 3639 1675 3711 fuero
1730 3631 2115 3713 Canonica
2158 3637 2735 3735 praepeditione.
2781 3635 2980 3735 Apo-

731 3762 1088 3838 stolorum
1124 3762 1377 3837 limina
1395 3760 1737 3838 Romana
1775 3763 1978 3837 curia
2016 3762 2379 3838 existente
2418 3762 2624 3854 citra,
2662 3762 2980 3858 singulis

732 3888 968 3980 annis,
1008 3887 1205 3963 ultra
1223 3910 1399 3963 vero
1431 3895 1737 3980 montes,
1777 3888 2093 3984 singulis
2131 3887 2448 3964 bienniis
2486 3888 2804 3964 visitabo
2844 3912 2981 3985 per

732 4040 870 4109 me,
910 4022 1036 4094 aut
1071 4038 1207 4113 per
1264 4037 1498 4089 meum
1555 4014 1916 4105 nuncium,
1954 4014 2100 4088 nisi
2149 4011 2590 4112 Apostolica
2628 4014 2981 4091 absoluar

734 4142 1053 4216 licentia.
1111 4141 1649 4219 Possessiones
1708 4165 1887 4217 vero
1945 4141 2042 4217 ad
2097 4163 2423 4219 mensam
2482 4165 2720 4217 meam
2757 4142 2981 4238 perti-

732 4272 995 4342 nentes
1032 4292 1178 4344 non
1217 4270 1548 4361 vendam,
1569 4292 1809 4366 neque
1836 4268 2148 4363 donabo,
2169 4291 2408 4365 neque
2444 4268 2982 4367 impignorabo,

735 4415 972 4489 neque
1031 4392 1122 4467 de
1180 4418 1369 4471 novo
1426 4393 1825 4472 infeudabo
1883 4396 2001 4470 vel
2059 4394 2308 4490 aliquo
2357 4394 2574 4469 modo
2613 4393 2982 4482 alienabo,

735 4517 957 4595 etiam
1011 4542 1172 4595 cum
1229 4543 1590 4597 consensu
1651 4516 1977 4614 Capituli
2035 4518 2427 4594 Ecclesiae
2464 4541 2694 4610 meae,
2735 4518 2985 4593 incon-
