3293 5219
629 325 786 409 510

619 546 867 625 Ceteri
905 549 983 623 in
1021 546 1492 649 compedibus
1547 545 1814 629 ferreis
1867 544 1965 622 ad
2000 546 2410 624 aedificium
2469 543 2859 622 varadien-

620 701 723 771 se,
804 678 1409 773 gravissimorum
1483 699 1786 775 operum
1839 675 2138 752 assiduo
2212 676 2473 751 labore
2543 696 2860 773 poenam

614 806 923 879 luerunt.
978 803 1261 879 Idcirco
1316 825 1478 877 cum
1532 824 1760 899 saepe
1799 801 1912 875 ·ad
1969 801 2553 877 Maximilianum
2593 801 2700 911 xde
2766 798 2861 873 iis

628 927 1050 1026 Stephanus
1106 930 1445 1027 Bathory
1500 936 2092 1026 conquereretur,
2169 928 2721 1003 commissurum
2778 947 2863 1000 se

624 1057 779 1134 suis
817 1055 1212 1152 praefectis
1270 1055 1563 1131 solebat
1608 1054 2081 1152 respondere,
2144 1064 2221 1129 ut
2257 1055 2353 1129 ab
2409 1052 2864 1130 excursioni-

632 1185 769 1258 bus
842 1207 975 1280 per
1048 1183 1394 1258 ditionem
1464 1182 2110 1257 transsilvanicam
2182 1181 2631 1255 abstineant.
2711 1176 2867 1254 Sed

619 1311 693 1385 id
728 1332 861 1410 per
900 1331 1061 1383 eum
1099 1331 1299 1384 more
1338 1308 1556 1383 solito
1599 1309 2067 1383 observatum
2108 1315 2251 1403 est3
2294 1329 2456 1382 cum
2491 1326 2861 1402 nunquam

620 1438 715 1512 ab
752 1436 1128 1535 perpetuis
1168 1435 1725 1512 excursionibus
1775 1443 2144 1510 cessatum
2182 1433 2298 1508 sit.
2338 1433 2529 1507 Eam
2571 1432 2667 1506 ob
2708 1454 2866 1505 rem

623 1561 818 1661 apud
856 1562 1145 1637 Turcas
1184 1583 1457 1657 graves
1515 1557 1889 1656 Stephano
1946 1559 2327 1634 molestias
2363 1558 2865 1643 facessebant3

621 1687 815 1786 quod
883 1687 1315 1785 persuaderi
1391 1710 1536 1762 non
1595 1692 1956 1782 poterant,
2015 1687 2190 1783 quin
2244 1686 2679 1762 connivente
2740 1690 2869 1758 aut

627 1815 1122 1891 consentiente
1179 1837 1266 1889 eo
1321 1821 1811 1912 patrarentur,
1866 1815 2306 1911 praesertim
2365 1813 2557 1912 quod
2633 1808 2866 1906 aliqui

627 1966 721 2019 ex
800 1942 1410 2016 transsilvanicae
1468 1941 1762 2015 ditionis
1816 1941 2232 2016 hominibus
2271 1940 2469 2038 capti
2522 1938 2865 2013 fuissent,

624 2069 749 2166 qui
786 2090 955 2143 sese
994 2066 1354 2142 adversae
1411 2067 1646 2165 partis
1707 2066 2308 2142 excursatoribus
2366 2065 2859 2140 miscuissent.

625 2193 924 2289 Magnis
999 2216 1180 2288 ergo
1258 2195 1567 2269 subinde
1659 2195 2081 2270 muneribus
2164 2195 2456 2269 illorum
2529 2192 2867 2267 facinora

628 2321 822 2419 apud
857 2331 1299 2420 purpuratos
1358 2321 1605 2397 delere
1658 2323 2082 2417 cogebatur.
2176 2322 2297 2395 Ex
2334 2322 2598 2418 quibus
2638 2319 2867 2394 rebus

625 2448 896 2522 factum
932 2456 1067 2541 est,
1106 2455 1185 2522 ut
1217 2449 1599 2524 castellum
1641 2471 1907 2523 novum
1943 2445 2398 2544 Erdeohegy
2435 2447 2530 2522 ad
2565 2444 2869 2521 fiuvium

623 2572 913 2650 Fekete
949 2574 1199 2649 Keres
1253 2576 1624 2671 erigerent
1679 2573 1775 2651 ad
1809 2572 2304 2673 prohibendas
2359 2574 2867 2666 excursiones,

630 2725 774 2777 non
829 2702 1043 2776 modo
1084 2705 1563 2779 caesarianae
1622 2703 1899 2793 ditioni,
1941 2701 2075 2777 sed
2133 2705 2353 2778 etiam
2390 2696 2870 2778 varadinensi

610 2826 847 2912 ,valde
886 2829 1439 2904 incommodum.
1498 2828 1664 2921 Qua
1701 2830 1777 2903 in
1804 2852 1886 2904 re
1921 2829 2107 2905 illud
2159 2831 2417 2905 mirum
2473 2835 2608 2920 est,
2672 2825 2871 2925 quod

633 2954 1043 3029 caesariani
1100 2978 1258 3031 cum
1297 2956 1545 3031 decem
1584 2957 1742 3031 fere
1799 2956 2030 3032 millia
2083 2956 2449 3031 hominum
2508 2955 2605 3031 ad
2639 2956 2868 3029 latro-

640 3079 833 3155 cinia
871 3079 1406 3174 conductorum,
1447 3105 1635 3179 quae
1676 3083 1796 3158 vel
1833 3084 1908 3156 in
1945 3104 2211 3177 magno
2251 3082 2447 3157 bello
2485 3082 2611 3154 vix
2647 3079 2869 3154 truci-

636 3207 811 3282 data
847 3207 1180 3301 fuissent,
1221 3208 1513 3284 biennio
1553 3210 1952 3300 amiserint,
1993 3230 2080 3283 eo
2121 3210 2283 3307 ipso
2313 3216 2666 3307 tempore,
2705 3229 2866 3282 cum

634 3331 848 3431 pauci
906 3335 1196 3410 Turcae
1254 3334 1637 3411 castellum
1695 3336 2188 3429 aedificarent,
2243 3360 2334 3411 ne
2392 3361 2521 3411 ora
2577 3335 2866 3432 quidem

636 3461 1026 3536 ostendere
1046 3461 1209 3537 ausi
1250 3463 1415 3536 sint.
1461 3464 1550 3537 In
1588 3463 1889 3559 Illyrico
1928 3463 2243 3537 feliciori
2280 3464 2574 3537 fortuna
2611 3483 2870 3536 excur-

637 3586 966 3661 sionibus
1003 3587 1120 3662 usi
1176 3596 1362 3679 sunt,
1404 3587 1763 3684 siquidem
1818 3612 1911 3663 ex
1970 3588 2303 3663 confiniis
2357 3586 2736 3686 praesidia
2771 3584 2867 3659 ad

639 3720 1071 3787 conventum
1128 3711 1321 3786 diem
1377 3720 1834 3808 congregata
1869 3714 1947 3787 in
2002 3713 2421 3788 interiorem
2476 3711 2868 3787 Bossinam

637 3839 978 3915 irruendo
1017 3862 1356 3935 magnam
1411 3839 1765 3937 praedam
1803 3847 2133 3936 egerunt,
2194 3839 2599 3936 agrestium
2656 3861 2868 3938 prae-

643 3967 896 4042 sertim
971 3966 1359 4041 hominum.
1419 3965 1658 4058 Quam
1729 3990 1885 4041 rem
1977 3966 2294 4043 Selimus
2370 3964 2873 4065 expostulavit

638 4101 893 4169 contra
927 4093 1231 4168 foedera
1264 4100 1654 4190 patratam.
1734 4091 1872 4170 Cui
1927 4094 2492 4185 MaximilianuS,
2554 4094 2748 4192 quod
2785 4114 2869 4168 se

639 4217 1092 4317 imprudente
1130 4227 1435 4317 patrata
1473 4228 1741 4313 essent,
1800 4220 2201 4313 excusavit,
2232 4221 2606 4317 jussitque
2644 4218 2869 4317 capti-

640 4366 772 4420 vos
791 4345 1090 4441 dimitti,
1130 4347 1261 4422 sed
1300 4369 1460 4420 cum
1494 4347 1745 4444 populi
1784 4346 2211 4445 depraedati
2250 4347 2589 4448 Byzantii
2643 4369 2870 4444 supra

645 4473 889 4568 capita
926 4473 1121 4566 ignis
1160 4473 1439 4547 incensi
1478 4459 2016 4573 significatione
2056 4475 2398 4571 querelas
2438 4472 2708 4549 Selimo
2748 4472 2871 4546 de-

647 4597 987 4673 tulissent
1028 4599 1142 4688 (id
1217 4599 1410 4712 quod
1466 4600 1517 4673 ii
1580 4602 1825 4677 facere
1883 4603 2139 4692 solent,
2209 4603 2329 4699 qui
2389 4600 2873 4698 gravissimas
