3293 5219
707 307 807 383 47
816 304 867 383 8

702 547 895 619 pune
954 521 1487 620 vastandoque,
1556 526 1853 613 praeter
1910 517 2530 596 innumerabilem
2587 515 2957 618 praedam,

703 648 801 724 ad
838 645 899 727 C
959 647 1192 724 millia
1229 645 1761 743 mancipiorum
1801 645 2215 741 abduxere,
2256 666 2563 741 quorum
2610 645 2962 741 pleraque

704 774 1145 871 Byzantium
1203 772 1612 869 deportata,
1678 777 1751 845 et
1804 770 1881 844 in
1940 771 2361 847 auctionem
2416 793 2640 871 more⁸
2675 773 2959 847 turcico

712 898 1075 996 exposita3
1098 898 1249 971 alia
1292 920 1468 971 vero
1489 920 1624 995 per
1645 917 1887 994 pagos
1926 898 2022 970 ab
2046 895 2394 972 Tartaris
2433 899 2820 997 distracta,
2843 903 2960 980 vel

708 1025 1010 1101 vendita
1068 1033 1194 1100 aut
1227 1030 1670 1098 commutata
1727 1029 2066 1097 oratores
2115 1024 2352 1099 nostri
2391 1038 2957 1125 conspexerunt,

711 1153 836 1251 qui
872 1150 1313 1251 Byzantium
1350 1148 1671 1247 profecti
1708 1171 2014 1223 munera
2069 1150 2512 1226 detulerant.
2568 1152 2812 1251 Erant
2849 1157 2957 1231 hi:

714 1275 1136 1376 Stephanus
1179 1277 1495 1370 Tompa‚
1540 1271 1963 1370 Gregorius
2019 1274 2418 1369 Varffalvi,
2494 1284 2568 1351 et
2644 1279 2962 1358 Michael

713 1400 997 1502 Giulay
1051 1402 1398 1499 princeps
1454 1400 1874 1495 legationis.
1934 1399 2082 1475 Per
2138 1423 2269 1477 eos
2328 1398 2648 1479 Solimus
2697 1429 2959 1484 novum

712 1526 1033 1625 diploma
1070 1526 1291 1619 misit,
1317 1547 1459 1623 quo
1483 1524 2128 1601 Transsilvaniam
2166 1534 2240 1601 et
2277 1526 2699 1605 universam
2740 1555 2960 1631 quon·

714 1653 882 1729 dam
956 1652 1008 1728 J
1015 1649 1325 1726 ohannis
1418 1649 1765 1725 ditionem
1823 1648 2200 1746 Stephano
2294 1661 2518 1751 atque
2566 1655 2960 1738 heredibus

717 1778 872 1854 suis
910 1783 1267 1875 perpetuo
1296 1778 1468 1872 Jure
1508 1774 1832 1851 donavit.
1881 1776 1935 1853 J
1939 1800 2057 1851 am
2095 1799 2220 1851 res
2257 1787 2572 1876 pacatae
2609 1783 2957 1864 videban-

624 1911 631 1919 ’
674 1914 852 1994 .tur,
894 1903 1029 1979 sed
1066 1901 1434 1979 hominum
1471 1902 1711 1978 turbis
1770 1909 2236 1978 assuetorum
2281 1904 2594 2008 ‘ingenia
2646 1913 2962 1990 nondum

715 2030 1211 2127 quiescebant.
1273 2028 1568 2103 Etenim
1607 2024 1872 2120 Siculi,
1915 2035 2004 2105 ‚ut
2059 2049 2284 2126 supra
2337 2034 2831 2130 narravimus,
2890 2040 2962 2113 in

658 2140 659 2143 Ὺ
711 2157 763 2234 J
769 2156 1131 2231 ohannem
1186 2154 1462 2230 bellum
1518 2162 1920 2247 moverant,
1962 2162 2036 2230 et
2070 2149 2288 2251 {bello
2345 2156 2545 2252 victi,
2605 2164 2962 2241 servitute

715 2281 1044 2357 mulctati
1080 2281 1414 2378 fuerunt;
1456 2281 1728 2380 quippe
1763 2281 2017 2378 populi
2092 2280 2406 2358 antehac
2460 2285 2709 2383 liberi,
2755 2301 2836 2367 at
2872 2293 2967 2370 ad

714 2431 997 2483 omnem
1054 2408 1581 2506 proditionem,
1621 2407 1689 2480 si
1763 2414 2113 2481 emtorem
2153 2404 2627 2506 habuissent,
2670 2437 2971 2518 semper

711 2535 1039 2611 venales.
1082 2532 1233 2608 Vix
1249 2533 1445 2607 ullus
1465 2554 1723 2629 regum
1741 2532 1837 2606 ab
1858 2531 2130 2628 injuria
2148 2533 2395 2631 gentis
2414 2534 2752 2618 immunis
2793 2566 2964 2622 esse

717 2662 970 2759 potuit,
995 2667 1069 2735 et
1106 2682 1332 2758 saepe
1352 2658 1846 2770 miserandum
1864 2659 1939 2732 in
1949 2659 2241 2736 modum
2261 2661 2357 2736 ad
2393 2662 2968 2748 internecionem

715 2787 965 2883 gentis
1019 2785 1306 2861 multati
1400 2784 1665 2860 iterum
1701 2785 2110 2860 revaluere.
2150 2783 2539 2864 Postremo
2577 2791 2632 2867 J
2635 2792 2967 2875 ohannes

716 2910 991 2986 domuit
1025 2910 1334 3006 primum
1373 2907 1681 3006 praelio;
1706 2908 1988 2985 deinde
2030 2909 2314 2987 duabus
2356 2915 2626 2991 validis
2666 2921 2967 3001 arcibus

717 3035 1105 3133 impositis,
1166 3042 1239 3109 et
1309 3033 1564 3110 levata
1613 3035 1749 3110 illa
1802 3035 2104 3111 licentia
2159 3036 2540 3136 populari,
2603 3065 2749 3139 qua
2808 3054 2966 3124 tan-

610 3233 615 3238 .
717 3183 933 3260 quam
955 3162 1171 3236 bruta
1209 3160 1559 3235 animalia
1580 3162 1741 3235 sine
1762 3161 2069 3257 imperio
2092 3162 2283 3256 inter
2304 3187 2473 3240 sese
2508 3167 2960 3248 ferebantur.

721 3287 912 3364 Eam
970 3287 1213 3362 adhuc
1269 3288 1741 3385 expetebant,
1780 3295 1852 3362 et
1904 3288 1978 3361 in
2036 3288 2264 3365 initiis
2302 3315 2526 3388 posse
2566 3294 2850 3396 aliquid
2884 3321 2966 3374 se

718 3422 1103 3512 praestare
1154 3411 1643 3488 confidebant.
1703 3413 1884 3488 Ideo
1923 3416 2284 3513 primores
2320 3419 2616 3517 plebem
2653 3423 2965 3520 agitare,

714 3549 958 3615 tamen
1015 3560 1159 3614 non
1219 3545 1499 3639 aperte.
1545 3537 1785 3630 Quam
1841 3539 1967 3614 ubi
2003 3541 2383 3624 incitatam
2422 3545 2707 3621 vident:
2804 3573 2962 3627 cur-

716 3687 884 3742 rere
921 3666 1017 3742 ad
1056 3665 1491 3765 principem,
1529 3687 1701 3740 sese
1750 3688 2134 3759 excusare,
2179 3669 2480 3746 dicendo
2521 3700 2538 3745 :
2598 3676 2843 3750 vereri
2882 3699 2963 3752 se
3039 3733 3052 3739 -

723 3795 1027 3889 majora,
1085 3813 1173 3867 ac
1211 3790 1494 3887 fingere
1536 3789 1758 3867 etiam
1794 3790 2009 3884 ultro,
2051 3794 2274 3869 tacite
2312 3804 2557 3872 tamen
2597 3822 2852 3877 omnes
2890 3803 2964 3879 in

714 3939 932 3995 unum
989 3917 1431 3994 consentire.
1494 3916 1648 3994 Ubi
1702 3943 1850 3994 non
1905 3920 2326 4018 proficiunt,
2383 3925 2600 4022 primi
2655 3926 2732 4002 in
2789 3928 2964 4003 sede

717 4040 907 4119 Osik
963 4051 1038 4119 et
1091 4040 1377 4139 Gergio
1400 4046 1887 4120 concursione
1924 4047 2123 4122 facta
2144 4047 2366 4123 duces
2425 4050 2569 4125 sibi
2608 4051 2960 4148 deligunt.

716 4167 963 4244 Fuere
1020 4167 1117 4241 ad
1141 4168 1377 4263 mille;
1418 4171 1659 4265 etjam
1699 4169 2008 4246 villatim
2052 4173 2461 4270 proficisci,
2501 4199 2590 4250 ac
2626 4202 2964 4276 paganos

718 4294 989 4368 invitos
1028 4316 1277 4369 secum
1300 4294 1707 4392 abducere3
1758 4304 1832 4370 et
1866 4299 2126 4397 paucis
2167 4299 2427 4377 diebus
2466 4303 2696 4379 multa
2734 4304 2966 4380 millia

719 4419 1463 4517 confluerepoterant.
1508 4419 1871 4522 Princeps
1891 4424 2122 4519 primo
2138 4448 2270 4522 per
2305 4426 2597 4504 litteras
2636 4450 2727 4502 ac
2766 4429 2968 4526 lega—

720 4544 959 4619 tiones
982 4564 1112 4619 eos
1153 4546 1246 4620 ab
1270 4545 1555 4621 nefario
1579 4549 1866 4623 scelere
1906 4549 2305 4648 dehortari,
2325 4553 2461 4628 sed
2495 4553 2644 4651 ipsi
2645 4557 2806 4650 jam
2827 4555 2969 4632 sibi
