3293 5219
746 295 901 402 164

742 539 930 614 enim
948 543 1250 636 praeter
1287 543 1573 609 ceteras
1585 537 1834 630 justas
1858 555 2148 622 causas,
2209 527 2532 604 maxime
2551 531 2864 604 hortatu
2884 550 3006 624 po-

744 662 1135 739 tentissimi
1156 661 1360 756 regis
1380 660 1748 733 inductam
1769 645 2024 748 fuisse,
2045 665 2127 730 ut
2163 678 2472 750 regnum
2500 656 2761 731 fraude
2799 657 3009 756 amis·

746 813 906 865 sum
941 796 1335 887 repeteret.
1398 789 1659 881 Itaque
1700 784 2069 881 pertinere
2111 782 2207 856 ad
2246 783 2721 857 securitatem
2764 781 2994 876 regni,

741 927 815 993 et
854 918 1287 1014 dignitatem
1312 915 1535 1010 regiS,
1557 921 1637 986 ut
1653 912 1966 988 confinia
1989 911 2253 1007 Lippa,
2277 911 2838 1002 Temesvarum,
2864 908 3000 982 Be-

753 1045 910 1136 che,
969 1038 1481 1130 Bechkereke,
1521 1038 1840 1125 Orsova,
1876 1045 1950 1110 et
1986 1036 2274 1132 reliqua
2297 1036 2682 1110 Inferioris
2723 1034 3004 1109 Panno·

754 1172 947 1261 niae,
969 1166 1384 1266 proditione
1426 1163 1742 1259 Georgii
1780 1163 2116 1237 monachi
2174 1161 2649 1236 Ferdinando
2713 1162 3003 1251 tradita,

756 1320 889 1395 per
910 1318 1217 1391 eumque
1233 1294 1529 1384 amissa,
1546 1292 1642 1365 ab
1661 1291 2170 1389 potentissimo
2188 1292 2597 1364 Turcarum
2622 1291 3004 1384 imperato·

755 1448 835 1500 re
879 1445 1012 1519 pro
1036 1446 1146 1510 ea,
1187 1444 1332 1518 qua
1389 1418 1585 1516 apud
1604 1420 1808 1492 illum
1831 1419 2265 1491 auctoritate
2287 1418 2518 1508 valet,
2577 1421 2995 1514 recuperetz,

753 1548 947 1646 quod
985 1549 1048 1622 si
1108 1548 1556 1644 impetraret,
1599 1544 2019 1644 Superioris
2062 1566 2349 1641 quoque
2389 1544 2780 1639 Ungariae
2837 1541 2998 1616 reli-

754 1675 968 1772 quias
1007 1677 1130 1747 vel
1168 1673 1625 1761 auctoritate,
1648 1673 1770 1745 vel
1806 1672 1880 1744 vi
1919 1669 2138 1745 facile
2176 1671 2271 1743 ab
2295 1669 2749 1744 Ferdinandi
2791 1692 2998 1766 prae-

751 1800 937 1874 sidio
1012 1799 1461 1874 liberaturas
1518 1797 1628 1871 iri.
1726 1777 1872 1872 Sed
1933 1798 2027 1871 ad
2085 1797 2678 1893 consequendum
2732 1796 2874 1868 hoc
2932 1804 3002 1867 et

749 1935 1001 2025 optato
1059 1925 1201 2000 fine
1239 1926 1793 2016 terminandum,
1855 1926 2147 2021 quando
2215 1923 2608 2021 praeclara
2645 1921 3003 2021 principia

745 2053 947 2129 felici
1003 2075 1355 2127 successu
1413 2052 1864 2143 arrisissent,
1924 2051 2117 2126 duab
2139 2075 2227 2126 us
2285 2050 2509 2125 r'ebus
2569 2072 2755 2150 opus
2796 2072 2998 2123 esse:

754 2177 1135 2279 Solymani
1174 2181 1446 2280 quippe
1502 2182 1769 2277 gratia,
1830 2205 2018 2277 quae
2057 2189 2207 2254 tum
2249 2182 2587 2257 omnibus
2627 2189 3003 2257 constaret

752 2333 912 2383 cum
954 2309 1269 2386 confinia
1307 2309 1777 2399 restituisset,
1817 2317 1890 2381 et
1907 2310 2332 2405 pecuniario
2376 2309 2707 2387 subsidio
2749 2308 3001 2404 regiae

748 2435 1165 2529 majestatis
1185 2435 1261 2507 in
1282 2443 1562 2510 sumtus
1585 2433 1915 2507 bellicos.
1948 2435 2209 2530 Itaque
2234 2434 2329 2507 ad
2351 2432 2826 2530 Solymanum
2847 2455 3003 2505 ora·

748 2570 982 2636 torem
1018 2561 1439 2658 ponderosa
1478 2569 1549 2634 et
1606 2558 1892 2633 efficaci
1936 2555 2308 2653 legatione
2343 2559 2763 2655 ablegaret,
2786 2565 2862 2633 et
2884 2558 3007 2632 sti-

745 2685 1172 2784 pendiorum
1197 2687 1513 2781 quinque
1537 2683 1768 2758 millia
1786 2686 1861 2757 in
1883 2684 2453 2781 quinquennium
2480 2687 2999 2761 contribueret.

748 2813 1029 2906 Magna
1048 2811 1332 2884 laetitia
1353 2835 1485 2883 rex
1527 2818 1601 2884 et
1637 2811 2083 2905 legationem
2125 2813 2432 2910 accepit,
2472 2822 2545 2886 et
2585 2813 3004 2911 respondit3

752 2961 919 3011 nam
941 2937 1100 3010 sine
1120 2936 1274 3011 ulla
1311 2939 1536 3033 longa
1559 2937 1910 3013 dilatione
1952 2947 2203 3037 optato
2241 2962 2601 3037 responso
2641 2949 3006 3015 oratorem

755 3062 1053 3152 dimisit,
1095 3063 1397 3161 insuper
1435 3065 1661 3137 filiam
1698 3066 1771 3137 111
1813 3065 2251 3140 connubium
2281 3066 2333 3142 J
2339 3067 2607 3140 ohanni
2648 3067 3007 3165 promisit,

750 3189 1279 3287 Ragusamque
1317 3215 1550 3289 usque
1592 3193 2092 3267 deducendam
2144 3203 2582 3289 curaturum,
2622 3195 2826 3269 illinc
2862 3218 3001 3269 non

755 3320 977 3414 longo
1036 3320 1296 3394 itinere
1353 3345 1489 3419 per
1548 3331 1887 3418 pacatam
1968 3319 2347 3417 Solymani
2422 3323 2878 3419 provinciam
2932 3323 3006 3394 in

748 3445 1165 3541 Ungariam
1224 3468 1448 3543 posse
1505 3447 1920 3546 perveniri,
1982 3446 2260 3520 auxilia
2301 3449 2617 3545 quinque
2679 3448 3006 3545 peditum

754 3571 1064 3647 millium
1111 3574 1203 3648 ad
1244 3575 1850 3671 quinquennium;
1888 3575 1962 3645 in
2003 3574 2429 3648 foederibus
2455 3599 2632 3649 vero
2674 3575 2830 3651 suis
2868 3596 3010 3648 non

752 3700 968 3775 modo
1011 3724 1093 3774 se
1133 3703 1849 3800 comprehensurum,
1907 3703 2039 3775 sed
2081 3704 2299 3775 etiam
2357 3703 2626 3779 obnixe
2668 3704 3002 3778 omnibus

753 3826 1039 3926 opibus,
1061 3830 1254 3902 omni
1275 3829 1515 3904 studio
1539 3839 1976 3922 curaturum,
2000 3853 2088 3903 ac
2107 3830 2400 3926 penitus
2440 3833 2888 3925 effecturum,
2928 3842 3005 3907 ut
3111 3850 3118 3854 ’

747 3969 1182 4052 quacunque
1203 3958 1511 4049 ratione,
1535 3957 2164 4053 qualibuscunque
2188 3957 2751 4050 conditionibus,
2774 3982 2998 4055 quan-

745 4083 1180 4176 tumcunque
1219 4104 1382 4179 ope,
1423 4081 1755 4175 consiliO,
1778 4083 2109 4179 pecunia,
2152 4085 2609 4174 auctoritate,
2649 4086 3001 4181 potentia,

743 4204 1003 4301 possit,
1045 4230 1135 4281 ac
1173 4206 1441 4301 valeat,
1464 4209 1800 4308 Lippam,
1824 4208 2382 4301 Temesvarum,
2421 4211 3000 4309 Inferioremque

746 4328 1201 4407 Pannoniam
1239 4336 1292 4412 J
1298 4335 1566 4409 ohanni
1627 4337 1827 4411 affini
1887 4360 2040 4428 su0,
2079 4335 2420 4433 filiaeque
2478 4359 2656 4412 suae
2697 4362 2998 4435 recupe-

746 4467 878 4532 ret.
920 4460 1204 4552 Quodsi
1243 4485 1423 4557 ergo
1462 4469 1674 4537 tanta
1712 4465 2056 4554 affinitas,
2098 4470 2309 4537 tanta
2349 4463 2674 4537 amicitia
2713 4465 2998 4540 Isabel-

746 4583 867 4662 lae
926 4596 1145 4685 atque
1184 4611 1415 4684 regno
1456 4589 1660 4662 cordi
1699 4600 1918 4681 esset,
1975 4613 2110 4687 per
2149 4591 2539 4682 trimestre,
2579 4598 2658 4664 ut
2692 4612 2994 4689 respon-
