3293 5219
779 278 938 368 450

775 515 929 583 tum
964 528 1112 581 non
1146 465 1483 591 fuissent,
1522 523 1615 575 ex
1654 494 2158 575 familiaritate
2200 494 2578 596 principis,
2618 497 2834 575 etiam
2870 490 3002 591 pri·

776 632 1029 723 marii,
1085 637 1212 705 aut
1267 627 1730 724 ejicerentur,
1789 632 1915 701 aut
1970 622 2377 698 consistere
2432 621 2837 718 nequirent.
2872 621 3002 695 His

778 757 1120 832 omnibus
1193 754 1290 829 ab
1348 752 1704 827 Becessio
1778 751 2012 826 frater
2069 758 2420 847 tanquam
2490 749 3001 844 antesignanus

774 882 1249 981 praepositus
1290 886 1426 969 est,
1465 878 1907 953 arctissimis
1962 876 2348 967 mandatis,
2404 875 2471 948 si
2526 897 2764 966 secus,
2804 897 3002 971 quam

776 1009 940 1107 ipse
994 1007 1527 1107 praecepisset,
1585 1005 1862 1080 factum
1915 1004 2204 1078 fuisset.
2279 1001 2646 1078 Omnibus
2702 1023 2833 1075 suo
2901 1024 3003 1074 ar·

775 1133 1057 1209 bitratu
1090 1133 1197 1207 ita
1235 1129 1621 1229 dispositis
1678 1129 2098 1225 deliguntur
2151 1128 2441 1202 nobiles
2497 1127 2640 1200 viri
2693 1126 2771 1199 in
2806 1126 3005 1201 comi-

774 1266 1027 1347 tatum,
1084 1278 1314 1352 equos
1369 1276 1644 1347 omnes,
1701 1275 1889 1351 quos
1947 1275 2080 1327 suo
2156 1251 2374 1327 libitu
2426 1251 2695 1342 voluit,
2770 1256 3003 1324 vestes

776 1405 1068 1480 quoque
1107 1389 1183 1457 et
1199 1380 1441 1479 pelles
1478 1379 1874 1455 zibellinas
1914 1379 2162 1475 magni
2199 1377 2425 1476 pretii
2462 1377 2560 1450 ab
2597 1399 2781 1472 rege
2819 1398 3007 1451 acce-

776 1508 890 1606 pit
909 1564 925 1597 ,
964 1507 1373 1607 pecuniam,
1412 1528 1691 1597 aurum,
1724 1511 2132 1601 argentum,
2154 1509 2499 1600 qnantum
2538 1498 2791 1575 voluit.
2829 1501 3007 1575 Nam

774 1633 1206 1708 thesaurum
1244 1640 1320 1707 et
1354 1632 1739 1730 pecuniam
1799 1648 2085 1705 omnem
2142 1627 2499 1727 principis
2537 1628 2616 1701 in
2650 1634 3007 1725 potestate

773 1758 1122 1851 habebat,
1161 1778 1402 1855 neque
1442 1780 1624 1854 ergo
1664 1758 1988 1855 petebat,
2048 1755 2179 1830 sed
2229 1777 2483 1850 neque
2524 1760 2794 1850 rogato
2830 1753 3007 1850 prin-

773 1885 938 1984 cipe
1011 1885 1522 1983 dispensabat,
1578 1891 1659 1958 ut
1696 1883 2019 1974 volebat,
2076 1889 2150 1957 et
2217 1881 2587 1955 utebatur.
2664 1876 3010 1977 Sponsae,

699 2012 700 2015 ’
772 2034 963 2110 quae
997 2011 1203 2084 nulla
1238 2008 1479 2084 adhuc
1535 2015 1743 2083 certa
1800 2015 1982 2100 erat,
2022 2005 2156 2082 sed
2193 2006 2658 2104 sperabatur,
2720 2027 3012 2078 munera

775 2158 1025 2212 secum
1083 2133 1393 2231 accipit,
1451 2134 1691 2230 pelles
1747 2133 2181 2224 zibellinas,
2275 2155 2364 2205 ac
2440 2152 2775 2227 gemmas
2829 2127 3019 2221 haud,

771 2260 991 2360 parvi
1044 2259 1412 2335 momenti.
1492 2257 1776 2350 Quarto
1835 2256 2122 2334 calend.
2170 2260 2467 2355 Januar.
2523 2257 2824 2332 tandem
2859 2256 3012 2354 ipso

769 2385 1135 2464 Johannis
1210 2386 1727 2483 evangelistae
1802 2384 1922 2460 die
1999 2384 2245 2463 solvit.
2357 2381 2646 2460 Caesar
2723 2383 3012 2458 dimisso

771 2512 1067 2587 comitio
1107 2511 1430 2609 spirensi
1467 2510 1771 2606 Pragae
1810 2519 1991 2605 erat,
2013 2510 2180 2586 ideo
2220 2507 2663 2586 Oassoviam
2709 2517 2783 2584 et
2820 2509 3011 2583 illinc

771 2635 1215 2715 Cracoviam
1254 2638 1476 2713 venit.
1533 2639 1652 2714 Ibi
1691 2660 1854 2712 eum
1892 2661 2131 2735 neque
2170 2645 2499 2729 senatus,
2535 2660 2779 2733 neque
2815 2658 3009 2734 prae-

769 2765 1010 2840 fectus
1047 2763 1278 2862 urbis,
1317 2785 1555 2860 neque
1596 2764 2014 2863 episcopus,
2052 2786 2292 2861 neque
2329 2763 2791 2861 privatorum
2829 2762 3010 2859 quis-

771 2912 989 2988 quam
1026 2888 1180 2964 ullo
1236 2889 1541 2965 honoris
1578 2890 1871 2966 nominc
1928 2897 2056 2966 aut
2111 2889 2654 2985 significatione
2709 2889 3006 2988 excepit.

774 3017 958 3093 Inde
1033 3038 1171 3115 per
1227 3016 1617 3093 Poloniam
1675 3024 1750 3092 et
1804 3017 2125 3093 Slesiam
2182 3016 2382 3091 circa
2452 3016 2670 3091 finem
2748 3014 3009 3091 mensis

757 3141 1086 3240 januarii
1121 3141 1451 3239 Pragam
1503 3143 1866 3240 pervenit.
1962 3142 2116 3219 Sub
2164 3140 2386 3217 finem
2463 3143 2795 3218 autumni
2833 3142 3009 3216 duae

767 3267 1022 3344 clades
1059 3267 1136 3341 in
1175 3266 1497 3343 diversis
1533 3267 1785 3342 mundi
1821 3269 2161 3366 partibus
2200 3268 2659 3361 acciderunt,
2683 3268 2762 3341 in
2800 3266 3011 3343 Italia

766 3401 843 3468 et
879 3392 1242 3490 Ungaria.
1283 3391 1497 3467 Haec
1532 3391 1609 3465 in
1648 3391 1993 3489 Ungaria
2040 3393 2147 3468 ita
2184 3415 2267 3468 se
2306 3392 2569 3468 habet:
2610 3392 3008 3491 Postquam

764 3517 1127 3594 Becesius
1166 3517 1242 3591 in
1278 3517 1591 3615 primam
1659 3515 2107 3614 legationem
2145 3519 2524 3616 profectus
2561 3510 3007 3612 fuitsetiam-

765 3641 832 3716 si
870 3642 945 3716 in
982 3640 1294 3717 consilio
1334 3642 1707 3718 decretum
1761 3643 1920 3736 fuit,
1974 3652 2051 3718 ut
2087 3644 2366 3738 legatio
2405 3665 2627 3741 quam
2666 3643 3009 3718 secretis-

765 3766 954 3842 sima
991 3791 1162 3845 esse
1219 3767 1547 3861 deberet,
1587 3793 1679 3844 ac
1733 3770 1930 3845 aliae
1987 3791 2258 3845 causae
2311 3768 2387 3843 in
2443 3770 2820 3869 publicum
2857 3769 3012 3845 ede-

761 3900 1052 3988 rentur,
1107 3901 1355 3969 tamen
1389 3893 1554 3990 ipse
1611 3893 1909 3970 minime
1947 3896 2264 3982 celabat,
2301 3903 2454 3971 tum
2491 3897 2801 3972 levitate
2845 3896 3011 3972 soli-

759 4027 861 4111 ta,
898 4025 1050 4093 tum
1087 4041 1266 4095 vero
1323 4026 1682 4119 concepto
1746 4022 1979 4097 semel
2036 4022 2276 4096 livore
2323 4026 2472 4097 no'n
2528 4029 2791 4098 contra
2830 4019 3011 4098 Seli-

761 4164 954 4217 mum
1011 4143 1248 4238 mod0,
1308 4146 1442 4220 sed
1499 4154 1761 4223 contra
1814 4148 2039 4223 etiam
2093 4147 2457 4245 primores
2498 4148 2737 4243 regni.
2796 4147 3011 4245 Apud

701 4274 705 4278 ’
760 4263 1115 4344 Selimum
1170 4270 1363 4345 enim
1421 4279 1496 4346 et
1551 4272 2042 4349 Mehemetem
2101 4274 2447 4369 visirum,
2504 4274 2570 4348 si
2626 4275 3008 4351 Johanues

617 4423 626 4428 ·
758 4399 1088 4467 mortuus
1142 4393 1426 4485 fuisset,
1482 4394 1769 4471 insanis
1826 4396 2349 4495 largitionibus
2404 4397 2791 4492 imperium
2828 4399 3004 4500 peti-

759 4525 991 4613 verat,
1030 4526 1105 4592 et
1151 4541 1312 4593 cnm
1367 4521 1702 4595 convicio
1760 4524 2105 4619 repulsus
2161 4526 2424 4614 fuerat.
2490 4525 3005 4604 Transtulerat
