3293 5219
742 315 895 393 508

732 545 885 612 tres
926 559 1020 611 ex
1056 536 1472 635 praecipuis
1533 538 1709 613 belli
1769 536 2095 625 ducibus,
2158 540 2280 636 qui
2322 541 2558 638 ipsum
2598 543 2667 614 in
2706 564 2970 617 manus

730 664 1002 738 Albani
1038 663 1331 739 tradere
1390 662 1636 737 conati
1698 672 1883 755 sunt,
1932 664 2008 737 in
2047 673 2357 760 quatuor
2412 673 2669 763 partes
2729 667 2964 744 disse-

729 791 895 886 cuit,
971 790 1218 865 multis
1277 790 1608 865 dextram
1683 791 2108 888 amputavit,
2184 801 2257 866 et
2328 794 2681 890 plurimos
2753 795 2964 869 vario

727 916 1068 1016 supplicii
1105 939 1377 1013 genere
1434 916 1699 992 affecit.
1741 918 1928 992 Eum
1982 940 2268 1015 quoque
2307 919 2430 1016 qui
2484 915 2962 995 Mechliniam

731 1047 1157 1122 deseruerat
1205 1045 1445 1143 capite
1484 1044 1882 1119 mulctavit.
1925 1046 2260 1121 Albanus
2316 1048 2603 1124 interea
2642 1050 2967 1124 conaba-

703 1174 842 1250 ‘tur
915 1173 1257 1249 civitates
1330 1171 1649 1246 amissas
1714 1194 2209 1269 recuperare;
2294 1181 2367 1248 et
2439 1174 2811 1273 Neomagi
2889 1176 2964 1250 in

730 1298 1043 1377 Geldria
1078 1300 1328 1374 sedem
1367 1299 1543 1373 belli
1582 1297 1768 1394 figit,
1790 1298 1982 1373 unde
2021 1300 2419 1375 exercitum
2457 1302 2553 1376 ad
2590 1302 2964 1378 civitatem

727 1429 1040 1505 Harlem
1079 1426 1314 1516 mittit,
1357 1448 1546 1522 quae
1580 1426 1805 1500 muris
1863 1426 2136 1502 nudata
2171 1401 2529 1503 acerrime
2586 1452 2964 1528 oppugna-

728 1557 962 1631 batur.
1050 1551 1199 1628 Sed
1291 1559 1668 1650 postrema
1743 1554 2195 1651 oppugnatio
2272 1556 2513 1629 acrior
2567 1556 2725 1631 fuit.
2770 1558 2960 1633 Nam

725 1682 1080 1758 cuniculis
1135 1679 1634 1777 Hispanorum
1693 1702 1785 1753 ex
1842 1679 2155 1754 adverso
2222 1682 2516 1757 obviam
2570 1684 2964 1759 contrariis

731 1809 1014 1886 artibus
1075 1816 1148 1881 et
1205 1805 1685 1881 validioribus
1739 1807 2020 1882 viribus
2083 1808 2258 1882 itum
2298 1815 2434 1900 est,
2470 1809 2577 1884 ita
2629 1818 2710 1884 ut
2768 1810 2960 1886 XIII

720 1935 992 2012 tribuni
1049 1933 1588 2032 vexilliferique
1646 1958 1737 2009 ea
1812 1934 2359 2032 oppugnatione
2435 1958 2527 2009 ex
2597 1934 2960 2035 Hispanis

726 2061 1124 2136 desiderati
1164 2061 1327 2135 sint.
1367 2061 1651 2136 Eadem
1708 2061 2029 2158 insuper,
2077 2085 2219 2157 qua
2265 2062 2452 2136 haec
2509 2065 2957 2161 oppugnatio

727 2190 929 2263 facta
969 2195 1101 2281 est,
1125 2186 1262 2281 die,
1304 2186 1739 2285 Orangiana
1777 2187 2074 2279 auxilia,
2114 2211 2275 2263 cum
2315 2196 2721 2264 commeatu
2759 2188 2959 2263 vehi-

727 2315 913 2391 culis
953 2314 1363 2415 deportata,
1402 2338 1534 2412 per
1589 2313 1908 2409 glaciem
1966 2313 2180 2388 salva
2234 2314 2310 2388 in
2347 2315 2722 2390 civitatem
2759 2339 2961 2392 rece-

721 2450 853 2542 pta
909 2450 1093 2537 sunt,
1168 2443 1356 2518 unde
1413 2465 1547 2538 per
1605 2448 2192 2539 propugnatores
2265 2464 2499 2517 novus
2556 2465 2811 2517 murus
2870 2444 2960 2517 ab

723 2570 913 2647 intro
970 2571 1318 2669 fossaque
1372 2567 1729 2668 perducta
1790 2575 1974 2644 sunt.
2036 2566 2320 2660 Quibus
2358 2568 2579 2645 rebus
2636 2567 2964 2669 Hispani

729 2719 861 2797 spe
915 2695 1309 2795 potiundae
1361 2696 1565 2771 urbis
1621 2695 1961 2770 frustrati
2019 2705 2233 2789 sunt,
2330 2717 2633 2793 quorum
2708 2697 2961 2781 saucii,

725 2845 883 2899 cum
957 2822 1033 2896 in
1086 2820 1430 2920 oppidum
1518 2820 1792 2896 Armue
1865 2821 2072 2895 missi
2132 2821 2462 2913 fuissent,
2523 2829 2601 2896 ut
2637 2823 2961 2923 navigiis

725 2948 1204 3047 Antverpiam
1243 2947 1821 3044 deportarentur,
1863 2949 1957 3023 ab
1986 2949 2324 3025 hostibus
2365 2950 2735 3048 oppressi,
2774 2959 2852 3026 et
2888 2952 2961 3025 in

725 3098 928 3150 mare
967 3074 1061 3148 ad
1112 3097 1329 3150 unum
1368 3098 1617 3151 omnes
1656 3075 2124 3174 praecipitati
2183 3084 2370 3152 sunt.
2428 3074 2548 3150 Ab
2585 3076 2852 3151 iisdem
2889 3078 2961 3152 in

722 3206 966 3300 portu-
991 3201 1474 3300 antverpiano
1533 3224 1667 3277 sex
1726 3224 1953 3277 naves
2012 3203 2392 3278 onerariae
2489 3203 2955 3302 supellectile

723 3351 968 3421 aurea,
1006 3335 1381 3424 argentea,
1420 3337 1494 3403 et
1530 3331 1681 3404 tela
1735 3329 1952 3422 linea,
1994 3352 2180 3426 quae
2255 3330 2581 3427 pretiosa
2622 3339 2696 3405 et
2730 3331 2958 3406 multa

723 3457 797 3531 in
833 3454 983 3530 illis
1023 3479 1071 3553 p
1097 3455 1446 3530 rovinciis
1490 3455 1597 3544 fit,
1661 3463 1969 3530 onustae
2021 3462 2494 3554 occupantur3
2532 3457 2958 3554 praedaque

724 3580 915 3658 omni
951 3580 1476 3679 Hispanorum,
1522 3604 1739 3678 quam
1779 3605 1871 3656 ex
1929 3581 2166 3679 captis
2221 3589 2293 3656 et
2348 3580 2615 3657 deditis
2652 3583 2961 3660 urbibus

725 3706 1198 3804 collegerant,
1256 3707 1645 3805 potiuntur.
1707 3707 1828 3781 Ad
1883 3707 2066 3782 haec
2103 3708 2477 3783 civitatem
2515 3707 2957 3785 maritimam

721 3834 1015 3930 Bergen
1068 3842 1452 3932 occupant,
1515 3836 2023 3932 tormentaque
2080 3857 2314 3910 aenea
2380 3859 2539 3911 cum
2597 3844 2959 3935 apparatu

721 3961 987 4037 bellico
1026 3959 1102 4034 in
1141 3967 1582 4057 potestatem
1635 3962 1982 4057 redigunt
2020 3988 2038 4057 ς
2102 3969 2174 4036 et
2213 3959 2644 4038 conflatoria
2682 3962 2958 4038 salina-

721 4071 872 4181 ria,
928 4094 1007 4161 ut
1081 4087 1429 4183 vectigali
1486 4088 1669 4162 salis
1725 4088 2105 4186 Hispanos
2181 4089 2600 4184 privarent,
2680 4089 2961 4165 confre-

728 4221 1007 4310 gerunt.

930 4341 1018 4414 In
1092 4336 1430 4434 Ungaria
1522 4340 1793 4416 bellum
1859 4364 2004 4418 non
2080 4348 2196 4415 est
2269 4348 2579 4437 gestum,
2654 4343 2793 4417 sed
2866 4365 2955 4417 ex

721 4467 940 4543 solita
1029 4467 1321 4570 fortuna
1430 4466 1675 4542 clades
1744 4490 1887 4543 non
1979 4465 2380 4542 defuerunt.
2475 4469 2560 4543 In
2656 4469 2956 4543 Inferio-

712 4593 775 4670 ri
839 4594 1027 4670 enim
1105 4591 1444 4688 Ungaria
1516 4594 1610 4669 ad
1687 4593 2028 4691 oppidum
2104 4591 2553 4671 Simandium
2612 4597 2942 4674 celebres
