3293 5219
791 322 940 398 538

784 541 1078 614 viscera
1155 547 1226 613 et
1270 539 1702 635 sanguinem
1763 539 1953 612 hosti
2033 539 2583 629 crudelissimo,
2658 538 3032 636 possides,

777 676 1150 764 acceptum
1192 667 1444 741 refers.

992 795 1255 885 HuiuS‚
1295 795 1609 890 inquam,
1670 794 1882 869 unius
1959 795 2211 869 virtuti
2288 803 2363 869 et
2423 794 2770 881 consili0,
2829 794 3028 889 quod

777 920 1009 995 minus
1051 918 1429 995 servitutis
1464 920 1638 1015 iugo
1681 919 2165 995 acerbissimo
2205 921 2534 996 cervices
2589 920 3024 1011 subieceris,

773 1047 1109 1121 omnibus
1133 1046 1361 1120 Asiae
1386 1056 1606 1142 atque
1646 1045 1949 1122 Africae
1998 1047 2281 1122 viribus
2321 1047 2492 1122 inte
2514 1045 3029 1121 crudelissimo

771 1174 984 1248 hoste
1025 1173 1520 1256 incumbente,
1562 1173 1790 1247 debes
1832 1172 2102 1247 vindici
2143 1173 2383 1249 eidem
2459 1195 2708 1248 eorum
2746 1172 3016 1263 futuro,

774 1324 960 1397 quae
999 1299 1333 1386 amisisti,
1376 1299 1515 1372 nisi
1574 1323 1736 1373 eam
1784 1298 2096 1394 gloriam
2133 1299 2498 1395 integram
2557 1297 3020 1394 solidamque

769 1427 918 1500 filio
957 1424 1398 1520 reliquisset,
1424 1447 1568 1521 quo
1606 1427 2059 1523 Imperatore
2135 1426 2454 1500 maximo
2494 1434 2569 1500 et
2604 1423 3015 1499 fortissimo

772 1574 1135 1647 nunquam
1173 1560 1288 1625 est
1308 1551 1519 1625 nobis
1561 1573 1736 1647 spes
1759 1560 1970 1627 tanta
2008 1552 2419 1627 interitura.
2449 1552 2750 1627 Nullum
2773 1560 3018 1628 autem

766 1678 893 1752 ille
930 1678 1006 1750 in
1049 1685 1120 1753 te
1162 1700 1477 1773 unquam
1520 1678 1745 1752 studii
1796 1678 1909 1753 sui
1948 1678 2454 1754 documentum
2496 1687 2569 1753 et
2607 1678 3016 1753 voluntatis

767 1802 1131 1877 illustrius
1171 1803 1389 1877 dedit.
1414 1804 1490 1877 Is
1532 1803 1720 1876 enim
1741 1826 1927 1878 unus
1951 1811 2086 1895 est,
2111 1804 2234 1900 qui
2271 1813 2344 1878 te
2383 1803 2752 1879 labentem
2792 1804 3014 1878 susti·

770 1952 969 2017 nere,
1012 1927 1305 2025 erigere
1360 1930 1740 2019 iacentem,
1766 1929 2195 2006 distractam
2233 1937 2309 2005 et
2346 1928 2658 2005 divisam
2693 1930 3012 2017 firmare,

759 2063 832 2130 et
870 2055 1333 2151 coniungere,
1397 2056 1557 2130 sive
1597 2078 1880 2131 summa
1956 2057 2261 2145 virtute,
2341 2065 2566 2153 atque
2603 2055 2824 2129 animi
2864 2079 3014 2130 ma·

758 2180 1156 2278 gnitudine,
1199 2183 1356 2256 sive
1394 2182 1500 2257 rei
1541 2182 1880 2257 militaris
1921 2183 2189 2280 peritia
2262 2204 2447 2279 opus
2488 2187 2643 2277 est,
2686 2181 3002 2257 maxime

753 2314 1029 2404 posset.
1086 2306 1303 2399 Quod
1363 2306 1791 2383 beneficium
1829 2308 1904 2381 in
1958 2317 2033 2382 te
2072 2316 2372 2397 tantum,
2432 2328 2580 2381 non
2657 2309 2893 2382 solum
2932 2317 3012 2384 tu

755 2431 1044 2529 quidem
1066 2442 1283 2527 grato
1305 2433 1544 2507 animo
1584 2433 1658 2506 in
1696 2434 2124 2531 praesentia
2162 2457 2599 2530 agnoscere,
2643 2433 2780 2508 sed
2818 2435 3012 2510 tueri

751 2557 826 2632 in
865 2565 1237 2656 posterum
1277 2558 1421 2632 fide
1460 2559 1624 2657 pari
1677 2566 1752 2633 et
1790 2560 2208 2635 constantia
2267 2560 2461 2634 vltro
2537 2559 2727 2636 tanti
2767 2559 3008 2658 Regis

752 2687 1181 2782 praeclaros
1222 2694 1527 2761 conatus
1565 2686 2012 2776 adiuvando,
2052 2686 2278 2762 totius
2317 2685 2566 2780 Regni
2604 2688 3009 2764 contractis

750 2810 1052 2902 viribus,
1095 2812 1339 2886 debes.
1396 2811 1507 2886 Ac
1545 2836 1706 2887 cum
1745 2813 1939 2887 aliae
1983 2812 2295 2888 virtutes
2338 2835 2592 2887 omnes
2629 2814 2704 2887 in
2747 2813 3009 2889 Ferdi-

744 2937 986 3012 nando
1026 2939 1432 3033 viguerunt,
1476 2961 1668 3036 quae
1708 2948 1879 3015 sunt
1918 2962 2197 3015 summo
2235 2938 2590 3037 Principe
2655 2945 2730 3015 et
2789 2940 3008 3038 Rege

746 3063 1052 3161 dignae,
1093 3072 1241 3139 tum
1300 3073 1608 3140 naturae
1684 3068 1879 3142 bona
1918 3066 1991 3138 in
2032 3064 2284 3140 eodem
2362 3065 2637 3140 eximia
2675 3072 2753 3141 et
2787 3090 3005 3164 prae-

746 3190 951 3265 clara
987 3191 1295 3273 fuerunt,
1348 3191 1461 3265 vis
1501 3192 1777 3286 ingenii
1818 3191 2220 3286 singularis
2246 3247 2262 3279 ‚
2300 3192 2653 3267 memoria
2690 3216 2852 3290 par,
2890 3193 3004 3268 fa-

743 3320 983 3393 cultas
1024 3318 1116 3392 ad
1156 3317 1558 3408 dicendum,
1602 3341 1787 3413 quae
1810 3317 2053 3407 vellet,
2095 3314 2439 3392 mirifica:
2466 3317 2564 3391 ad
2582 3317 2772 3394 haec
2807 3342 3005 3416 quae

740 3445 979 3520 studio
1001 3451 1579 3541 comparaverat,
1601 3452 1676 3518 et
1715 3444 2192 3518 maximarum
2207 3464 2450 3517 rerum
2491 3465 2630 3519 usu
2660 3445 2998 3520 recondi·

736 3571 965 3647 tiores
987 3571 1266 3658 literae,
1289 3593 1527 3645 rerum
1553 3544 1766 3646 varia
1787 3569 2132 3667 cognitio,
2175 3575 2583 3668 praecepta
2621 3573 2996 3647 Iuriscon-

737 3697 1088 3772 sultorum
1111 3705 1185 3771 et
1208 3695 1822 3793 Philosophorum
1860 3698 2069 3788 scita,
2094 3704 2173 3770 ut
2191 3697 2731 3794 saepeeruditis
2765 3696 2996 3774 homi·

735 3824 970 3905 nibus,
994 3822 1437 3920 quaerendo,
1460 3822 1929 3912 sciscitando,
1953 3823 2506 3918 interrogando,
2529 3823 2724 3899 ultro
2763 3848 2993 3923 nego·

741 3951 915 4025 tium
930 3947 1732 4025 facesseretHistoriae
1747 3948 2067 4025 studium
2089 3954 2164 4024 et
2185 3951 2858 4046 cognoscendarum
2878 3977 2995 4029 re·

740 4099 920 4168 rum,
943 4099 1128 4172 quas
1152 4075 1468 4151 maiores
1490 4099 1651 4150 cum
1672 4072 1887 4151 laude
1911 4076 2349 4173 gessissent,
2390 4077 2844 4154 acerrimum.
2871 4081 2992 4154 In-

738 4208 855 4276 ter
894 4200 1396 4298 prandendum
1436 4208 1689 4275 etcum
1729 4200 1953 4275 animi
1974 4203 2316 4279 remissio
2355 4227 2401 4277 a
2439 4203 2659 4279 rebus
2697 4205 2994 4297 gravio-

732 4328 945 4403 ribus
967 4335 1466 4424 quaereretur,
1502 4327 1878 4403 variarum
1921 4352 2164 4405 rerum
2184 4337 2407 4428 atque
2440 4329 2990 4407 'admirabilium

733 4453 1416 4530 commemoratione
1456 4453 1637 4527 mire
1678 4453 2095 4550 gaudebat,
2139 4479 2299 4530 cum
2338 4477 2533 4530 nova
2578 4477 2872 4555 semper
2911 4468 2990 4534 et

735 4580 974 4652 relatu
997 4577 1431 4653 admiranda
1452 4602 1588 4654 sua
1632 4587 1893 4677 sponte
1929 4581 2092 4680 ipse
2133 4584 2452 4658 afferret.
2497 4581 2982 4681 Hispanicam
