3293 5219
844 361 993 434 1:32>

834 585 951 651 tes
991 575 1172 650 nihil
1212 574 1408 649 aliud
1448 581 1574 648 aut
1611 581 1812 668 agat,
1836 581 1962 646 aut
1985 572 2397 660 meditetur,
2424 595 2639 669 quam
2683 594 2823 669 quo
2864 581 3086 669 pacto

835 702 1221 778 Pannonia
1260 702 1588 794 subacta,
1614 701 1809 774 viam
1841 699 1982 772 sibi
2016 699 2110 773 ad
2132 699 2492 795 reliquam
2515 698 2858 774 ditionem
2884 707 3090 772 tuam

834 828 1326 905 invadendam
1366 828 1693 924 aperiat3
1755 848 2043 922 quoque
2101 825 2337 914 citius,
2396 826 2462 897 si
2500 824 2633 899 Dii
2680 826 2956 922 placet,
2995 822 3098 896 in-

835 957 1166 1032 satiabili
1190 953 1585 1050 cupiditate
1609 955 1954 1051 potiatur,
1998 953 2166 1026 dolo
2185 975 2320 1050 pro
2339 952 2607 1026 virtute
2627 959 2900 1044 utatur,
2915 972 3106 1024 sum-

835 1106 1175 1180 mamque
1213 1105 1355 1157 non
1407 1082 1641 1155 solum
1700 1080 2012 1171 laudem,
2070 1079 2204 1153 sed
2263 1086 2337 1153 et
2390 1079 2736 1175 pietatem
2775 1085 3094 1174 reputet,

838 1214 903 1287 si
962 1211 1095 1287 tibi
1153 1218 1279 1286 aut
1332 1209 1732 1285 fallacibus
1787 1208 2202 1305 promissis,
2260 1216 2387 1281 aut
2440 1204 2929 1303 Jurejurando
2970 1204 3097 1277 im-

833 1360 1109 1439 ponere
1164 1342 1405 1432 queat.
1484 1333 1767 1409 Omitto
1844 1334 2270 1431 provincias
2345 1332 2827 1407 Pannonibus
2886 1329 3108 1405 finiti·

835 1487 1017 1556 mas,
1057 1460 1482 1552 Thraciam,
1539 1469 1922 1558 utramque
1992 1460 2388 1551 Moesiam,
2448 1457 2783 1534 serviam
2820 1455 3114 1556 praeci-

838 1611 1205 1690 puamque
1281 1586 1565 1685 Illyrici
1624 1595 1932 1684 partem,
2017 1607 2210 1682 quae
2266 1591 2340 1660 et
2394 1585 2527 1659 illa
2581 1585 2871 1659 unicum
2913 1589 2995 1657 te
3035 1581 3112 1654 li-

840 1715 1155 1789 bertatis
1213 1721 1663 1787 assertorem
1720 1712 1841 1785 inc
1866 1711 2303 1787 redibilibus
2358 1712 2550 1785 votis
2608 1715 2993 1808 exoptant,
3035 1707 3107 1779 in

832 1851 907 1917 te
949 1842 1200 1915 oculos
1237 1840 1429 1913 fixos
1449 1846 1724 1913 tenent.
1819 1837 1968 1913 Pro
2011 1836 2421 1913 Germania
2468 1837 2628 1929 tibi,
2698 1833 3102 1934 imprimis-

836 1989 978 2064 que
1021 1966 1506 2040 celeberrima
1542 1966 1725 2040 urbe
1772 1966 2087 2055 Vienna,
2147 1965 2220 2039 in
2261 1990 2408 2062 qua
2445 1965 2686 2053 sedes,
2728 1962 3105 2060 sepulcra,

835 2093 964 2169 Dii
1003 2101 1313 2191 penates
1406 2093 1758 2185 majorum
1832 2100 2119 2168 tuorum
2179 2102 2348 2169 sunt
2406 2092 2700 2182 collata,
2738 2091 2950 2163 ferro
2994 2096 3108 2160 est

832 2220 1384 2295 decernendum.
1448 2218 1640 2292 Nam
1702 2218 2098 2293 Pannones
2157 2220 2634 2296 diuturnitate
2695 2213 3098 2291 multitudi-

834 2372 1071 2446 neque
1109 2345 1470 2423 bellorum
1510 2348 1748 2438 fras-ti,
1798 2348 1866 2421 in
1901 2347 2313 2422 visceribus
2354 2346 2572 2443 regni
2618 2343 2911 2420 hostem
2944 2344 3100 2438 jam

832 2477 1059 2567 alunt,
1133 2473 1478 2549 amissuri
1555 2473 1984 2571 propediem
2065 2474 2274 2548 inviti
2351 2495 2707 2569 regnum,
2784 2470 3103 2566 ejusque

837 2602 1413 2699 possessionem,
1491 2599 1562 2673 ni
1604 2608 1683 2675 tu
1739 2623 2147 2691 succurras,
2187 2599 2570 2699 lapsisque
2610 2597 2835 2673 rebus
2879 2619 3097 2696 prae-

832 2728 1096 2802 sidium
1153 2726 1474 2801 adferas.
1571 2724 1902 2816 Quorum
1961 2727 2346 2804 calamitas
2428 2750 2516 2802 eo
2577 2723 3096 2801 vehementius

834 2877 949 2927 me
988 2853 1393 2950 perturbat,
1417 2856 1612 2951 quod
1651 2856 1900 2953 clypei
1938 2857 2177 2931 instar
2196 2857 2505 2953 reliquis
2547 2852 2938 2931 christiani
2978 2874 3093 2926 or·

833 2979 951 3053 bis
987 2979 1325 3076 partibus
1365 2982 1461 3055 ab
1501 2982 1709 3057 initio
1751 2990 1921 3057 sunt
1944 2982 2199 3072 habiti,
2224 2984 2624 3079 multisque
2645 2980 2856 3056 annis
2901 3004 3095 3056 sum-

832 3130 954 3181 ma
990 3106 1259 3181 virtute
1316 3107 1662 3206 impetum
1717 3109 2146 3206 rabiemque
2203 3110 2556 3184 turcicam
2615 3107 3095 3200 sustinentes,

832 3234 1196 3329 insignem
1210 3258 1450 3311 rerum
1467 3244 1842 3332 gestarum
1857 3236 2172 3333 gloriam
2191 3238 2286 3311 ab
2301 3236 2637 3312 omnibus
2659 3235 3093 3312 christianis

831 3363 1193 3454 tulerunt;
1272 3385 1462 3436 nunc
1517 3385 1816 3437 numero
1877 3362 2306 3461 viribusque
2362 3365 2726 3455 exhausti,
2786 3365 3091 3462 saepius

831 3491 928 3564 ab
966 3489 1151 3585 ipsis
1210 3489 1465 3583 fugato
1522 3490 1836 3587 fusoque
1894 3488 2090 3565 hosti
2150 3486 2641 3568 miserandam
2722 3490 3090 3567 cervicem

831 3614 1259 3689 submittere
1318 3622 1696 3707 eoguntur.
1782 3614 2029 3711 Auget
2084 3616 2410 3691 dolorem
2471 3616 2857 3711 sangvinis
2918 3638 3088 3717 pro·

830 3741 1227 3838 pinquitas,
1269 3741 1464 3836 quod
1519 3749 1924 3815 maternum
1984 3766 2220 3840 genus
2286 3746 2383 3818 ab
2423 3744 2517 3818 iis
2557 3746 2839 3833 ducam,
2883 3744 3087 3819 exin-

833 3867 1071 3963 deque
1133 3889 1579 3942 communem
1639 3868 1816 3942 mihi
1854 3892 2014 3944 cum
2051 3870 2145 3945 iis
2182 3894 2467 3946 omnem
2506 3873 2878 3947 fortunam
2916 3893 3086 3946 esse

831 3999 1185 4091 reputem.
1225 3995 1430 4085 Quos
1473 4003 1551 4067 ut
1606 4017 1722 4067 me
1758 3994 1833 4067 in
1861 3994 2136 4072 bellum
2174 3996 2404 4073 misso
2502 4021 2793 4090 serves,
2840 3999 3081 4096 iisque

839 4120 1164 4195 servatis
1256 4128 1481 4196 totam
1544 4118 2021 4198 Germaniam
2079 4148 2125 4198 a
2199 4135 2397 4201 metu
2453 4126 2761 4217 liberes,
2836 4133 2914 4199 te
2950 4147 3086 4222 per

829 4247 1176 4345 pietatem
1255 4248 1417 4322 orbi
1498 4250 1924 4342 christiane,
1985 4274 2118 4348 per
2194 4252 2722 4349 benignitatem
2801 4249 3077 4326 nationi

829 4372 1227 4469 ungaricae
1250 4373 1381 4447 tibi
1422 4374 1645 4479 affini,
1674 4375 1846 4449 mihi
1869 4378 2230 4471 sangvine
2257 4380 2580 4474 junctae,
2602 4401 2737 4476 per
2757 4377 3074 4474 gemitus

832 4497 1326 4594 lacrimasque
1368 4521 1642 4589 eorum,
1690 4499 1813 4595 qui
1856 4508 1986 4575 aut
2005 4502 2152 4603 ipsi
2196 4503 2274 4578 in
2313 4504 2826 4579 tristissimam
2849 4503 3078 4578 servi-

831 4634 1057 4699 tutem
1097 4624 1312 4723 rapti,
1354 4623 2069 4701 calamitosissimam
2133 4630 2355 4706 vitam
2394 4632 2463 4705 in
2506 4632 2707 4707 luctu
2746 4640 2820 4705 et
2856 4654 3069 4729 squa-
