3293 5219
452 522 663 608 Haec
720 538 943 631 atque
980 529 1164 606 talia
1216 530 1599 607 innumera
1636 530 1712 604 in
1753 531 2088 629 scriptis;
2127 533 2260 607 sed
2299 532 2365 607 si
2403 532 2493 606 de

233 658 568 735 omnibus
626 657 1140 757 querimoniis,
1219 657 1515 752 dolore,
1617 658 2011 749 moestitia,
2075 660 2492 734 animorum

227 786 788 883 perturbatione
827 785 1047 859 velim
1089 783 1357 874 dicere,
1397 791 1694 880 tempus
1736 807 1955 882 quam
1992 807 2115 859 res
2134 785 2490 859 maturius

227 937 345 988 me
386 913 752 987 deficeret.
801 911 1319 1004 Quamobrem,
1357 919 1437 985 ut
1476 934 1767 986 cursum
1805 909 2163 987 historiae
2201 934 2494 1009 sequar,

226 1041 326 1114 ad
345 1039 788 1115 narrandum
808 1040 1202 1113 maximum
1221 1039 1496 1112 bellum
1534 1046 1801 1112 memet
1854 1039 2257 1133 accingam,
2299 1037 2493 1135 quod

228 1167 663 1263 priusquam
693 1166 1057 1262 inceperO,
1106 1188 1194 1240 ea
1217 1188 1406 1261 quae
1446 1174 2034 1259 praecesserunt,
2055 1174 2135 1240 ut
2155 1165 2493 1263 quodque

229 1292 491 1367 ordine
548 1295 817 1367 factum
911 1299 1044 1386 est,
1096 1293 1700 1384 commemorabo.
1794 1294 2056 1388 Itaque
2105 1286 2492 1388 AJnackeo

230 1442 483 1493 arcem
556 1420 633 1492 in
693 1419 968 1493 ditione
1028 1417 1492 1507 cassoviana,
1566 1416 1889 1491 validam
1982 1417 2079 1491 ad
2153 1410 2498 1515 magnam

230 1546 457 1620 etiam
495 1544 642 1618 vim
681 1544 1208 1636 sustinendam,
1265 1543 1482 1617 foede
1541 1544 1792 1617 statim
1850 1544 2248 1621 amisimus.
2307 1547 2495 1621 Eam

232 1671 562 1746 Michael
584 1669 947 1746 Sarkeozi
965 1672 1389 1768 praefectus
1413 1667 1759 1763 habebat,
1783 1678 1960 1746 etex
1985 1694 2075 1746 ea
2112 1672 2499 1746 Eustachii

172 1886 176 1889 ¹
235 1796 549 1886 Feledii,
611 1796 884 1882 domini
925 1797 1061 1889 sui,
1140 1794 1458 1872 heredes
1518 1798 1978 1891 excluserat3
2070 1798 2199 1873 illo
2256 1806 2501 1873 autem

232 1930 481 2022 capt0,
521 1930 600 1997 ut
671 1920 1257 2016 memoravimus,
1296 1944 1482 1997 uxor
1519 1922 1790 2016 tenuit;
1850 1946 2086 2020 neque
2123 1923 2200 1998 id
2236 1924 2498 1998 virium

232 2049 672 2147 imperatori
708 2048 867 2139 fuit,
928 2050 1264 2144 quamvis
1304 2049 1633 2142 enitenti,
1675 2056 1761 2123 ut
1807 2050 2205 2124 heredibus
2244 2050 2501 2124 redde·

231 2185 457 2266 retur,
502 2175 732 2249 donec
768 2176 1112 2250 muliebri
1149 2175 1612 2270 negligentia
1649 2175 1942 2272 perdita
1980 2172 2097 2250 est
2116 2174 2204 2276 ³⁸).
2298 2177 2497 2251 Vere

225 2304 382 2398 jam
420 2297 672 2376 adulto
711 2303 1111 2398 vulgantur
1146 2301 1494 2399 prodigia
1554 2303 2084 2376 imminentium
2140 2305 2499 2378 malorum

234 2427 530 2519 nuncia,
588 2446 776 2525 quae
836 2428 1005 2502 aliis
1064 2429 1490 2521 observata,
1552 2451 1956 2524 congruum
2011 2429 2150 2503 fuit
2186 2452 2324 2502 nec
2361 2450 2496 2501 nos

238 2553 602 2629 omittere.
656 2557 745 2630 In
803 2546 1282 2630 admissariis
1343 2555 1724 2631 caesareis
1765 2555 1962 2653 apud
1983 2553 2316 2632 Ovarum
2333 2554 2498 2630 hin·

232 2679 459 2755 nulus
501 2681 742 2777 capite
781 2682 1242 2778 pedibusque
1283 2682 1629 2773 cervinis,
1695 2683 1923 2756 claris
1963 2682 2220 2776 oculis,
2278 2690 2357 2756 at
2393 2683 2498 2755 lu·

233 2806 434 2880 mine
509 2805 824 2904 privatis
880 2816 1325 2902 generatus3
1417 2809 1752 2884 Viennae
1789 2809 1866 2882 in
1903 2808 2359 2885 xenodochio
2400 2806 2496 2880 ci-

240 2932 509 3006 vitatis
550 2932 935 3008 biformem
973 2934 1246 3009 foetum
1288 2933 1550 3009 mulier
1589 2936 1848 3031 enixa3
1890 2933 2255 3011 Sabariae
2293 2923 2496 3032 oppi-

235 3059 334 3134 do
377 3059 574 3133 lacte
609 3058 815 3154 pluit.
858 3058 1074 3135 Unde
1115 3060 1340 3133 etiam
1365 3060 1443 3134 in
1480 3061 1918 3157 religionem
1956 3085 2180 3136 versa
2221 3061 2495 3135 diluvia

234 3208 392 3260 non
451 3184 639 3259 alias
696 3193 846 3259 tam
910 3188 1192 3278 crebra,
1249 3194 1550 3285 tamque
1609 3212 1902 3285 magna,
1943 3197 2016 3263 et
2053 3188 2493 3263 miserandis

234 3312 540 3388 casibus
562 3316 687 3385 aut
706 3313 1078 3410 absumpti
1099 3321 1222 3387 aut
1243 3315 1587 3389 concussi
1605 3337 2007 3413 paucorum
2030 3315 2274 3412 spatio
2296 3338 2491 3388 men-

234 3438 430 3516 sium
488 3438 717 3511 ferme
778 3461 1029 3513 omnes
1106 3440 1712 3516 consiliariorum
1783 3441 2222 3517 intimorum.
2300 3440 2490 3514 Nam

234 3563 500 3660 paucis
542 3571 711 3638 ante
752 3563 1033 3658 diebus,
1075 3588 1293 3662 quam
1333 3590 1598 3668 caesar
1617 3566 2036 3663 Augustam
2072 3565 2490 3665 proficisce-

232 3699 463 3783 retur,
521 3692 1013 3766 cancellarius
1082 3694 1529 3788 bohemicus,
1568 3696 1621 3771 J
1627 3693 2007 3771 oachimus
2085 3694 2174 3766 de
2248 3693 2489 3786 Nova,

240 3819 460 3893 domo
482 3815 862 3892 revisurus
885 3841 1080 3910 suos,
1102 3820 1522 3894 constitutis
1534 3824 1692 3917 Jam
1716 3822 1811 3895 ad
1828 3821 1973 3895 iter
2001 3827 2491 3915 augustanum

240 3944 566 4035 cunctiS,
615 3944 1086 4041 jamprimum
1143 3945 1218 4019 in
1275 3945 1440 4044 ipso
1496 3947 1847 4043 ingressu
1894 3945 2203 4037 itineris,
2279 3946 2489 4041 equis

458 4227 520 4298 θ’)
561 4223 835 4298 Pon-gach
880 4227 935 4284 S.
977 4227 1255 4302 jegyzete
1286 4250 1299 4298 3
1346 4228 1434 4283 Az
1484 4230 1775 4300 porokval
1819 4230 2036 4285 szerrel
2085 4228 2494 4297 virasztattak,

239 4320 495 4378 amazok
524 4325 623 4376 azt
648 4317 918 4385 elunvan,
973 4318 1385 4391 megmondtak
1409 4337 1476 4373 az
1524 4320 1855 4388 toreknek3
1896 4335 1964 4372 az
2009 4317 2174 4373 torek
2203 4321 2493 4388 ‘megszer-

234 4414 412 4469 zodik
440 4411 636 4479 velek,
664 4429 733 4464 az
758 4408 938 4464 kiken
966 4427 1035 4465 az
1064 4428 1193 4466 szer
1214 4411 1353 4478 volt,
1383 4411 1536 4465 azok
1563 4408 1898 4466 felmenven
1926 4409 2260 4476 virasztani,
2283 4414 2495 4480 egytin·

238 4502 388 4559 kent
418 4500 676 4557 kosarba
702 4500 919 4557 vontak
947 4500 1026 4555 fel
1052 4502 1208 4570 6ket,
1232 4501 1389 4571 hogy
1415 4519 1485 4558 az
1510 4496 2317 4570 vitrasztasnakmunkajatol
2341 4516 2492 4571 meg*

236 4590 720 4663 menekedjenek.
764 4583 960 4646 Szinto
990 4594 1166 4646 Szent
1188 4590 1428 4665 Gyorgy
1453 4610 1638 4665 napta
1664 4593 1992 4650 virradolan
2021 4590 2243 4663 hagtak
2270 4607 2417 4660 meg.
