3293 5219
2382 233 2484 311 39

242 468 395 520 cum
419 449 1016 546 paucissuorum
1055 448 1391 550 dilapsus
1412 456 1771 526 terrorem
1791 449 2164 526 militibus
2201 449 2301 547 inj
2312 452 2474 545 ecit3

246 596 330 648 ex
387 598 536 672 quo
598 576 957 653 seditione
1015 577 1316 652 militari
1356 584 1541 669 orta,
1604 577 1904 675 dignam
1944 577 2484 677 expeditionem

236 709 596 799 perpetua
669 704 914 801 gloria
1004 705 1069 778 si
1141 704 1652 800 provenisset,
1751 704 2074 802 dispersi
2147 704 2501 798 omisere,-

234 838 610 906 crescente
684 833 1020 907 obsessis
1058 833 1527 924 necessitate,
1570 840 1644 907 et
1681 833 1756 906 in
1796 854 2075 906 summo
2150 830 2481 930 periculo

232 957 663 1033 constitutis.
739 959 1078 1056 Namque
1155 982 1379 1057 super
1453 959 1835 1033 continuas
1930 957 2482 1056 acerrimasque

230 1083 848 1185 oppugnationes,
944 1106 1383 1183 quamquam
1467 1084 1697 1161 multa
1791 1085 2020 1159 caede
2115 1085 2476 1178 hostium,

233 1200 686 1309 suorumque,
726 1212 976 1311 inopia
1050 1220 1520 1307 commeatus,
1546 1210 1650 1309 jet
1683 1212 2014 1311 pulveris
2052 1213 2470 1288 laborabat.

236 1340 392 1414 Non
430 1340 690 1415 deerat
723 1348 969 1417 tamen
1009 1340 1294 1414 crebris
1335 1339 1832 1431 concionibus,
1874 1347 2094 1436 atque
2134 1337 2480 1435 alloquiis

233 1466 524 1542 militem
600 1467 917 1558 firmare,
956 1457 1285 1565 non{³quo
1345 1487 1573 1563 spem,
1615 1474 1742 1540 aut
1779 1465 2151 1556 auxilium,
2229 1466 2360 1541 sed
2398 1472 2480 1540 ut

231 1591 759 1692 pulcherrimae
834 1591 1093 1679 mortis
1110 1582 1450 1691 fgloriam
1505 1613 1641 1689 pro
1681 1590 1847 1682 fide,
1886 1613 2021 1688 pro
2060 1592 2325 1690 patria,
2405 1604 2480 1669 et

233 1720 628 1818 praemium
684 1719 881 1817 apud
939 1719 1182 1793 Deum
1236 1718 1650 1799 immortale
1692 1726 2121 1794 ostentaret.
2171 1716 2474 1801 ,Octav-

239 1848 511 1925 demnm
552 1843 926 1921 Calendas
948 1847 1022 1923 -J
1023 1845 1175 1938 ulii,
1215 1868 1406 1941 quae
1442 1844 1582 1920 fuit
1628 1844 1954 1920 secunda
1989 1852 2064 1921 et
2091 1846 2475 1923 tricesima

239 1974 493 2051 obsidii
514 2031 532 2068 ,
571 1973 947 2071 generalis
1027 1973 1481 2072 oppugnatio
1521 1981 1854 2070 sequuta,
1881 1996 2164 2069 ¹magno
2204 1998 2294 2050 ac
2327 1982 2472 2051 ter·

237 2101 424 2177 ribili
442 2099 640 2176 edito
663 2101 1006 2191 clamore,
1031 2099 1521 2194 tubarumque
1562 2120 1768 2192 sono,
1787 2098 1954 2195 pari
1990 2105 2466 2197 utrorumque

239 2226 657 2319 constantia,
699 2250 786 2301 ac
803 2225 1250 2319 fortitudine,
1271 2224 1590 2298 hostium
1621 2226 1847 2301 multo
1887 2227 2166 2322 maj01‘e
2206 2227 2473 2325 caede3

243 2355 368 2431 sed
401 2355 493 2429 ad
531 2359 937 2429 extremum
977 2356 1375 2452 superante
1411 2351 1873 2427 multitudine
1913 2350 2320 2451 Aquariam
2358 2379 2472 2429 ar-

238 2506 380 2558 cem
433 2504 877 2582 perrupere3
955 2505 1100 2578 qua
1175 2487 1412 2577 capta,
1451 2480 1799 2554 fortiores
1880 2480 2151 2577 quique
2209 2482 2471 2556 velin-

238 2611 511 2703 teriere,
552 2607 674 2683 vel
713 2607 1025 2683 sauciati
1102 2606 1197 2681 ad
1232 2630 1556 2705 pugnam
1594 2607 1893 2682 inutiles
1931 2614 2106 2684 sunt
2178 2606 2466 2684 redditi.

240 2735 334 2812 Ut
366 2760 586 2837 supra
625 2734 1022 2825 docuimuS,
1062 2726 1533 2835 interffmedia
1572 2742 2056 2828 commeatus,
2098 2742 2173 2810 et
2208 2742 2459 2812 mutua

206 2864 543 2944 *subsidia
615 2863 1221 2962 prohibebantur.
1328 2847 1742 2954 Losoncius
1816 2861 2291 2967 nibilominus
2350 2862 2457 2937 iu-

236 2994 513 3070 territus
589 3000 813 3089 atque
868 2990 1208 3064 immotus
1268 2989 1630 3064 adversus
1709 2966 1961 3064 omnes
2012 3011 2233 3065 casus
2308 2990 2460 3064 ani-

239 3144 410 3197 mum
479 3121 924 3210 firmaverat,
973 3116 1115 3192 nisi
1156 3114 1735 3193 acclamantibus
1774 3115 2068 3207 Turcis,
2109 3140 2197 3191 ae
2272 3117 2463 3191 salu-

237 3257 384 3339 tem,
454 3268 843 3343 rerumque
901 3245 1215 3319 omnium
1275 3242 1587 3319 liberam
1637 3241 2097 3319 eductionem
2170 3243 2466 3339 promit-

239 3374 555 3467 tentibus,
635 3372 1111 3447 civitatenses
1172 3370 1620 3466 legationem
1697 3369 2094 3462 misissent,
2145 3378 2220 3444 et
2257 3368 2455 3444 dedi·

242 3502 483 3576 tionem
554 3524 691 3600 per
759 3498 1298 3575 obtestationes
1372 3498 2076 3595 obsecrationesque
2152 3495 2455 3594 petivis-

238 3635 416 3704 sent:
471 3651 600 3705 cur
638 3635 747 3703 tot
784 3624 1085 3701 millium
1163 3625 1442 3700 crudeli
1500 3624 1684 3716 neci,
1726 3646 2050 3720 suaeque
2089 3623 2441 3722 propriae

239 3755 500 3853 quando
598 3751 898 3829 afflictis
977 3752 1157 3826 nihil
1230 3759 1531 3851 praeter
1606 3758 1882 3825 certum
1962 3750 2262 3826 exitium
2339 3772 2456 3825 su-

236 3889 564 3979 peresset,
586 3904 855 3957 vanam
896 3878 1355 3954 constantiae
1394 3876 1712 3974 gloriam
1749 3873 2285 3976 praeoptaret?
2324 3897 2448 3951 no-

236 4009 383 4083 mini
418 4030 730 4106 quoque,
770 4015 845 4083 et
877 4007 1119 4082 famae
1158 4005 1622 4083 satisfactum
1664 4004 2004 4080 diuturna
2042 4001 2447 4096 obsidione,

233 4145 293 4210 et
324 4136 953 4214 innumerabilium
992 4135 1310 4210 hostium
1349 4140 1651 4230 strage,
1691 4132 1866 4229 quid
1897 4132 2107 4207 -aliud
2146 4130 2443 4230 abipso

224 4263 359 4356 jam
393 4264 800 4340 desiderari
874 4285 1120 4361 posse,
1179 4285 1339 4337 cum
1378 4259 1770 4359 stipendio,
1832 4265 2259 4353 commeatu,
2309 4256 2462 4359 pul·

233 4410 387 4464 vere
423 4390 736 4490 denique
775 4390 1199 4490 sulphureo,
1237 4403 1381 4464 non
1421 4387 1714 4486 quidem
1753 4413 1800 4461 a
1837 4386 2174 4487 principe
2214 4381 2450 4484 (cujus

230 4518 566 4612 promissa
605 4517 855 4615 qualia
894 4517 1060 4608 sint,
1071 4520 1232 4612 jam
1273 4511 1690 4615 apparere),
1713 4515 1848 4600 sed
1873 4516 1966 4590 ab
1991 4516 2153 4612 ipso
2177 4536 2259 4587 se
2289 4535 2451 4612 pro-
