3293 5219
849 290 1001 371 148

846 533 987 610 que
1033 509 1185 584 oris
1259 509 1680 604 miserandi,
1736 510 2211 607 perturbatis,
2268 519 2341 585 et
2394 510 2590 585 raris
2666 509 3085 604 ordinibus,

843 637 1082 734 signis
1175 637 1395 714 etiam
1488 638 1945 736 complicatis
2041 637 2539 715 Leuchoviam
2614 640 3080 738 perveniunt.

844 764 1045 842 Luce
1134 772 1482 864 posterae
1557 763 1704 840 diei
1782 771 2197 864 appetente,
2292 765 2531 841 hostis
2605 769 2847 843 locum
2921 765 3079 842 sal-

844 899 993 966 tem
1069 899 1478 967 castrorum
1571 913 1969 990 superesse
2047 891 2684 986 animadvertens,
2760 892 3087 968 nondum

846 1043 1039 1112 rem,
1117 1019 1336 1097 sicuti
1391 1028 1591 1113 erat,
1652 1019 1991 1115 credere;
2083 1043 2320 1117 neque
2378 1021 2567 1097 enim
2617 1020 2970 1096 inducere
3013 1020 3090 1094 in

836 1148 1155 1224 animum
1191 1149 1343 1223 ullo
1383 1156 1601 1244 pacto
1639 1155 1955 1246 poterat,
1977 1154 2228 1223 tantas
2269 1147 2525 1245 copias
2566 1155 2936 1246 apparatu
2973 1171 3088 1222 re-

831 1299 992 1351 rum
1028 1274 1460 1351 bellicarum
1517 1275 1832 1350 omnium
1892 1282 2039 1350 tam
2100 1274 2403 1371 egregie
2464 1273 2890 1368 instructas,
2929 1280 3090 1349 tam

840 1403 1184 1501 exiguam
1238 1425 1534 1480 suorum
1571 1425 1884 1498 manum,
1922 1401 2364 1502 praesertim
2421 1400 2714 1477 levibus
2771 1400 3089 1499 praeliis

835 1531 1259 1630 superiores
1314 1529 1723 1627 fugituras3
1782 1530 1916 1604 sed
1967 1531 2209 1604 fucum
2250 1529 2497 1603 inesse
2535 1535 2870 1603 metuens
2911 1528 3089 1603 abs-

830 1657 1042 1733 tinuit
1079 1656 1681 1755 apersequendis
1722 1656 2018 1731 nostris.
2058 1655 2377 1730 Divinae
2415 1655 2491 1729 id
2528 1654 2843 1731 bonitati
2881 1653 3088 1728 haud

833 1780 1051 1858 dubie
1089 1782 1581 1878 tribuendum3
1621 1807 1788 1858 nam
1830 1783 1892 1857 si
1931 1783 2306 1859 insecutus
2344 1781 2630 1874 fuisset,
2667 1782 3083 1881 peditatum

831 1918 1029 1984 certe
1050 1931 1333 1984 omnem
1351 1909 1638 1985 itineris
1660 1933 1748 1984 ac
1769 1909 2078 1985 aliarum
2108 1908 2609 1985 molestiarum
2627 1987 2630 1992 ,
2648 1908 3080 1999 insolentia,

833 2033 1269 2134 inscitiaque
1307 2037 1589 2110 lassum
1623 2035 2145 2134 palantemque
2182 2057 2488 2134 prorsus
2512 2034 2762 2110 delere
2800 2034 3085 2132 potuis-

836 2159 1053 2254 set*).
1078 2163 1485 2238 Tormenta
1505 2169 1668 2237 octo
1692 2161 2026 2259 integros
2048 2161 2207 2237 dies
2229 2161 2303 2236 in
2326 2163 2524 2238 valle
2545 2164 2886 2237 saltuosa
2904 2185 3077 2237 cum

825 2287 1105 2388 ingenti
1126 2313 1462 2367 curruum
1482 2313 1783 2366 numero
1807 2312 2167 2383 mansere,
2190 2314 2326 2365 nec
2344 2291 2550 2389 prius
2572 2300 2697 2367 aut
2716 2291 2976 2366 Turca
2994 2289 3075 2364 id

831 2419 1247 2518 explorare,
1289 2427 1415 2495 aut
1454 2418 1693 2494 nostri
1751 2425 1921 2494 sunt
1980 2417 2143 2492 ausi
2201 2418 2540 2511 avehere,
2584 2418 2815 2494 dones
2856 2441 3080 2513 agre-

826 2553 984 2623 stes
1020 2547 1457 2623 invadentes
1497 2546 2031 2646 supellectilem
2094 2546 2169 2622 in
2202 2546 2356 2623 illis
2395 2553 2771 2646 repertam
2807 2545 3087 2645 diripe·

822 2680 1008 2765 rent,
1067 2673 1489 2770 aliquotque
1527 2672 1687 2747 dies
1728 2696 1819 2747 ea
1856 2672 2139 2770 passim
2187 2673 2641 2772 asportando
2678 2674 3073 2750 insumsis-

824 2807 1011 2875 sent.
1051 2798 1217 2874 Hac
1276 2798 1513 2874 nostri
1569 2797 1783 2874 clade
1841 2808 2167 2898 accepta,
2224 2801 2507 2898 passim
2566 2801 2725 2876 sine
2753 2801 3073 2897 imperio

834 2926 1095 3001 ducum
1149 2934 1319 3001 sunt
1376 2926 1668 3024 dilapsi.
1738 2926 2031 3002 Turcae
2089 2950 2266 3002 vero
2342 2953 2422 3004 re
2497 2934 2910 3027 comperta,
2975 2927 3080 3002 vi-

821 3050 1015 3147 ginti
1052 3059 1416 3127 tormenta
1454 3074 1615 3128 cum
1655 3052 2189 3148 impedimentis
2228 3053 2389 3128 sine
2427 3054 2759 3152 periculo
2798 3075 3075 3129 avexe-

822 3200 924 3270 re,
982 3185 1204 3276 atque
1262 3179 1501 3253 onusti
1562 3178 1979 3254 omnimoda
2034 3178 2317 3277 praeda
2370 3185 2772 3255 revertere.
2867 3179 3071 3255 Dum

823 3301 1076 3380 Simon
1115 3302 1465 3402 Forgach
1523 3327 1686 3381 cum
1738 3304 1889 3379 illis
1929 3304 2085 3398 fuit,
2141 3304 2459 3379 feliciter
2514 3329 2637 3381 res
2674 3306 3070 3401 processit,

824 3428 958 3505 sed
992 3438 1165 3529 post
1221 3430 1811 3529 expugnationes
1868 3430 2223 3506 dictarum
2284 3431 2564 3507 arcium
2621 3431 2716 3508 ad
2754 3430 3064 3507 admini-

817 3554 1257 3633 strationem
1294 3558 1680 3633 Inferioris
1721 3556 2107 3653 Ungariae
2146 3565 2221 3632 et
2261 3556 2644 3653 Varadini,
2685 3582 2872 3657 quae
2901 3561 3065 3654 jam

814 3685 1106 3759 tertium
1170 3708 1490 3759 mensem
1551 3685 2138 3783 oppugnabatur,
2199 3708 2282 3760 se
2338 3685 2571 3762 invito
2627 3686 3055 3784 praefectus

818 3818 1016 3907 erat3
1059 3817 1134 3886 et
1171 3808 1343 3908 quia
1381 3811 1456 3885 id
1514 3833 1854 3906 magnum
1911 3810 2280 3886 silentium
2339 3812 2789 3910 requirebat,
2831 3833 2924 3886 ne
2962 3809 3062 3884 ad

813 3937 1069 4014 hostes
1152 3937 1352 4013 fama
1423 3937 1885 4036 perveniret,
1964 3938 2248 4035 aliquot
2304 3939 2462 4016 dies
2518 3947 2686 4013 ante
2759 3935 3054 4012 cladem

962 4155 1014 4226 *)
1043 4152 1301 4227 Forgdch
1331 4153 1389 4209 S.
1407 4155 1683 4228 jegyzete
1706 4174 1720 4209 ε
1746 4154 1886 4211 Nem
1909 4171 2026 4227 ugy
2053 4159 2188 4225 volt,
2218 4156 2423 4210 banem
2449 4153 2604 4226 hogy
2630 4151 3060 4228 RosnobAnJA·

811 4263 877 4302 ra
900 4246 1181 4316 indultak,
1228 4245 1290 4301 es
1314 4265 1381 4303 az
1410 4248 1573 4304 tor-ek
1626 4249 1881 4304 utriunok
1933 4254 2109 4317 ment,
2188 4248 2280 4303 hol
2310 4250 2480 4322 egyet
2504 4247 2597 4304 hol
2623 4248 2813 4305 kettb't
2839 4247 3051 4304 hattak

806 4337 860 4393 el
887 4354 957 4393 az
998 4335 1291 4409 dgyukba,
1332 4339 1484 4394 mind
1511 4337 1703 4408 addig,
1765 4340 1915 4412 hogy
1942 4337 2121 4410 vegre
2170 4339 2325 4395 mind
2352 4338 2468 4396 oda
2493 4339 2812 4396 maradtak.
2849 4338 2943 4395 De
2983 4355 3055 4393 ιι

812 4426 977 4483 torek
1004 4427 1234 4484 azontol
1262 4429 1465 4487 elvitte
1487 4430 1644 4498 &ken
1691 4427 1751 4484 es
1774 4434 2004 4485 menten
2032 4430 2264 4486 mentek
2292 4428 2542 4486 Badara.
2588 4430 2767 4486 Sokat
2806 4429 3051 4501 nyertek

804 4516 859 4574 el
886 4536 955 4573 az
984 4517 1337 4575 szekerekbe
1399 4521 1464 4588 is,
1506 4520 1679 4576 sokat
1716 4534 1784 4573 az
1835 4528 2072 4592 paraszt
2098 4518 2211 4590 nep
2258 4521 2304 4575 is
2332 4517 2687 4585 selvert‚sok
2727 4518 2876 4590 ὄρεα
2904 4519 3050 4576 haza

796 4616 960 4664 ment
