3293 5219
770 336 877 415 78

776 555 1025 652 cipere
1062 574 1145 627 se
1180 572 1327 627 non
1363 571 1613 650 posse.
1654 550 1773 625 Ita
1810 547 2064 622 clerici
2101 549 2406 625 militem
2442 550 2667 626 etiam
2707 549 3020 626 conscri-

775 679 1070 769 bunt,et
1109 674 1458 752 auxilium
1481 680 1890 765 accersunt,
1911 674 2159 766 armis,
2199 675 2266 750 si
2301 682 2628 774 possent,
2667 699 2821 751 rem
2856 698 3019 773 per-

776 802 1031 878 acturi.
1072 799 1577 876 Civitatenses
1616 824 1658 874 e
1681 805 1939 875 contra
1960 798 2263 874 militem
2285 822 2741 899 comparare,
2767 800 3021 874 armis-

776 950 915 1026 que
967 928 1308 1024 utrinque
1366 927 1752 1002 decertare
1791 931 2130 1024 coeptum
2168 933 2303 1000 est.
2362 924 2515 1001 Sed
2552 927 3021 1004 civitatenses

775 1076 911 1152 per
966 1053 1189 1128 talem
1229 1051 1693 1128 occasionem
1732 1051 1953 1126 etiam
2007 1047 2359 1127 nonnulla
2415 1051 2690 1150 oppida
2732 1051 3021 1128 illorum

775 1187 1157 1277 occupant.
1232 1176 1354 1252 Ad
1432 1177 1864 1252 clericorum
1922 1198 2103 1272 ergo
2160 1200 2435 1273 graves
2529 1176 3021 1273 querimonias

776 1326 1038 1379 caesar
1093 1327 1249 1379 rem
1283 1304 1361 1378 in
1399 1309 1840 1379 conventum
1878 1300 2196 1395 adducit,
2215 1310 2291 1377 et
2326 1302 2838 1403 episcoporum
2877 1304 3020 1379 suf-

773 1429 1049 1529 fragiis
1106 1428 1799 1526 Magdeburgenses
1853 1428 2435 1527 proscribuntur,
2475 1430 3019 1527 exercitumque

776 1554 1151 1632 conscribi
1167 1554 1465 1654 publico
1487 1561 1781 1651 sumptu
1803 1552 2239 1645 decernitur,
2272 1557 2480 1652 cujus
2518 1577 2695 1631 cura
2733 1554 3021 1655 publice

778 1679 1122 1756 Mauritio
1166 1678 1666 1754 demandatur.
1707 1678 1898 1754 Eam
1935 1702 2094 1755 rem
2131 1679 2388 1755 sedulo
2429 1680 2714 1756 curavit
2751 1681 3019 1757 Mauri-

777 1805 947 1897 tius,
989 1813 1063 1880 et
1081 1803 1673 1903 Magdeburgum
1714 1804 2131 1904 conscripto
2172 1804 2502 1882 exercitu
2541 1806 2875 1901 obsidet3
2902 1829 3015 1883 cu·

767 1934 896 2025 jus
937 1930 1230 2007 obsidio
1271 1953 1432 2005 cum
1468 1930 1872 2028 incepisset
1909 1954 2160 2008 mense
2182 1930 2590 2007 Novembri
2627 1931 2802 2007 anni
2821 1933 3018 2031 quin·

782 2057 1218 2153 quagesimi‚
1238 2055 1531 2132 duravit
1568 2078 1838 2132 annum
1873 2057 2034 2132 fere
2070 2063 2302 2133 totum
2340 2058 3018 2156 quinquagesimum

775 2180 1133 2281 primum,
1191 2182 1330 2258 sub
1389 2182 1664 2257 exitum
1713 2190 1959 2257 tamen
2009 2183 2184 2257 anni
2221 2182 2442 2257 certis
2481 2182 3018 2260 conditionibus

770 2311 854 2387 fit
894 2308 1336 2409 pacificatio,
1386 2316 1465 2383 ut
1503 2306 1881 2407 supplices
1920 2306 2412 2406 deprecentur
2468 2330 2890 2400 caesarem,
2928 2333 3017 2385 ne

781 2435 957 2534 quid
993 2436 1067 2510 in
1090 2435 1540 2512 austriacam
1599 2441 1674 2508 et
1747 2433 2281 2531 burgundicam
2317 2434 2675 2510 familiam
2711 2436 3014 2526 faciant,

780 2584 1116 2639 camerae
1177 2584 1261 2637 se
1300 2561 1773 2655 submittant,
1851 2567 2265 2659 augustano
2307 2560 2600 2638 decreto
2639 2567 3014 2661 postremo

775 2696 1120 2788 pareant,
1151 2686 1307 2784 juri
1345 2709 1428 2762 se
1468 2688 1778 2773 sistant,
1814 2688 2022 2764 urbis
2058 2689 2498 2764 munitiones
2539 2687 2636 2763 ad
2689 2687 3016 2764 caesaris

773 2813 1157 2889 arbitrium
1214 2812 1543 2906 diruant,
1603 2815 1934 2889 caesaris
1971 2814 2350 2913 praesidia
2389 2814 2651 2911 quovis
2688 2823 3014 2914 tempore

774 2939 1203 3032 admittant,
1260 2961 1646 3015 aureorum
1702 2940 1935 3016 millia
1993 2939 2529 3037 quinquaginta
2602 2939 3017 3039 dependant

776 3066 852 3140 in
888 3087 1099 3140 usum
1118 3063 1300 3158 fisci,
1320 3086 1459 3162 pro
1498 3065 1679 3140 belli
1700 3071 1992 3164 sumptu
2028 3072 2395 3140 tormenta
2430 3067 2715 3162 majora
2755 3064 3015 3142 duode-

776 3191 915 3265 cim
975 3189 1266 3265 caesari
1301 3189 1639 3282 tradant,
1681 3189 2021 3290 captivos
2062 3212 2314 3265 omnes
2353 3189 2740 3266 dimittant.
2800 3188 3011 3269 Cete-

770 3340 928 3393 rum
987 3315 1076 3391 de
1113 3314 1459 3394 libertate
1498 3325 1720 3414 atque
1758 3316 2123 3414 religione
2161 3316 2558 3393 Mauritius
2595 3317 2749 3393 illis
2788 3327 3015 3409 cavet,

780 3452 1002 3540 atque
1061 3443 1166 3518 ita
1207 3443 1580 3518 civitatem
1624 3442 2016 3540 ingressus
2070 3442 2148 3516 in
2185 3442 2537 3535 caesaris,
2571 3442 2899 3540 imperii,
2947 3449 3018 3519 et

768 3591 977 3644 suam
1013 3568 1228 3644 fidem
1260 3571 1514 3664 jurare
1557 3567 1782 3664 cogit,
1804 3590 1893 3642 ac
1923 3568 2269 3667 imposito
2306 3568 2682 3666 praesidio
2725 3575 3013 3644 ceteros

770 3692 1031 3769 educit.

982 3817 1127 3894 His
1164 3819 1390 3894 rebus
1429 3843 1476 3892 a
1512 3818 1714 3894 bello
1754 3818 2230 3895 smalcaldico
2263 3817 2829 3917 quinquennium
2864 3818 3014 3893 fere

773 3948 1237 4045 absumptum
1259 3952 1399 4038 est,
1439 3967 1600 4020 cum
1655 3944 1947 4020 interim
2004 3945 2057 4022 J
2062 3944 2388 4020 ohannes
2444 3942 2874 4020 Fridericus
2948 3953 3017 4019 et

769 4071 1253 4169 landgravius
1307 4071 1385 4144 in
1461 4070 1894 4169 captivitate
1995 4079 2425 4148 tenerentur
2462 4099 2479 4144 :
2557 4092 2717 4145 cum
2776 4078 3013 4145 autem

771 4195 1426 4299 Brandeburgicus
1487 4203 1563 4270 et
1599 4195 1993 4272 Mauritius
2033 4219 2079 4268 a
2151 4193 2323 4271 filiis
2363 4181 2784 4290 landgravii
2819 4193 3015 4270 vadi·

769 4322 991 4398 monii
1028 4322 1458 4419 praestandi
1509 4328 2095 4415 accerserentur,
2135 4330 2211 4395 et
2247 4319 2395 4420 ipsi
2426 4342 2508 4396 se
2547 4320 3016 4396 vehementer

776 4445 1101 4524 offensos
1139 4445 1543 4542 crederent,
1566 4446 1763 4544 quod
1791 4445 1992 4523 initis
2021 4445 2232 4545 pacis
2270 4443 2814 4521 conditionibus
2850 4447 3016 4544 post

770 4570 1356 4671 pacificationem
1395 4594 1437 4646 e
1469 4571 1806 4649 convivio
1853 4572 1931 4648 in
1969 4569 2473 4672 captivitatem
2514 4570 2871 4669 abreptus
2908 4590 3015 4645 es-
