3293 5219
825 333 974 408 186

814 552 1028 642 lento,
1068 558 1146 624 nt
1186 559 1396 625 extra
1433 551 1834 647 periculum
1894 553 2146 628 mortis
2210 576 2377 627 esse
2420 554 2809 628 videretur.
2860 555 3071 627 Nihi-

815 676 1123 750 lominus
1179 684 1695 752 testamentum
1756 678 2203 752 condendum
2264 680 2541 770 statuit,
2594 687 2667 753 et
2706 680 3066 755 Melchio-

813 827 966 877 rem
1003 804 1398 879 Balassam
1438 828 1793 881 summum
1834 816 2242 881 curatorem
2281 807 2413 881 filii
2452 808 2905 882 constituere
2938 831 3071 883 vo-

814 932 981 1005 luit:
1022 954 1182 1005 cum
1221 952 1391 1006 ecce
1430 956 1523 1006 ex
1543 929 1859 1007 Polonia
1893 931 2261 1007 Balassae
2316 934 2605 1024 facinus
2646 934 3063 1029 detegitur:

811 1082 980 1134 nam
1071 1057 1124 1133 J
1129 1057 1553 1132 ablonscius
1650 1066 1723 1131 et
1816 1054 2375 1133 Geradovscius
2469 1059 2542 1131 in
2636 1060 3070 1136 civitatibus

810 1183 1431 1281 scepusiensibus,
1489 1206 1678 1280 quae
1699 1184 1795 1258 ad
1851 1184 2235 1260 Poloniam
2290 1185 2831 1280 impignoratae
2873 1197 3068 1267 sunt.

811 1310 1085 1386 stativa
1157 1332 1315 1384 cum
1388 1309 1845 1395 habuissent,
1921 1311 2287 1385 Balassae
2361 1319 2754 1385 tractatum
2836 1320 3066 1409 atque

808 1438 1014 1538 ipsas
1051 1436 1343 1511 litteras
1366 1438 1747 1534 praefecto
1768 1438 1972 1532 regis
2011 1436 2367 1512 Poloniae
2390 1438 2889 1529 ostenderant,
2931 1437 3065 1513 ille

809 1586 985 1639 vero
1044 1564 1137 1639 ad
1176 1586 1428 1659 regem
1505 1562 1862 1637 Poloniae
1938 1564 2323 1638 detulerat.
2384 1564 2719 1639 Tandem
2778 1563 3067 1638 Stanis·

807 1690 1003 1764 laum
1040 1688 1432 1787 Nisovzky
1474 1712 1630 1763 cum
1672 1688 1940 1763 litteris
1980 1689 2562 1781 confirmatoriiS,
2602 1698 2676 1762 et
2711 1713 3065 1786 suprema

808 1817 1120 1891 omnium
1160 1817 1616 1913 negotiorum
1675 1816 2145 1891 conclusione
2204 1816 2299 1891 ad
2340 1814 2888 1912 Sigismundum
2932 1819 3063 1891 ab·

808 1941 1033 2038 legat,
1069 1950 1151 2017 ut
1188 1943 1402 2017 simul
1443 1950 1667 2039 atque
1706 1939 1834 2018 ille
1856 1945 2314 2035 revertisset,
2337 1945 2505 2042 ipsa
2545 1945 2620 2017 in
2642 1946 3058 2019 Mucacium

808 2092 978 2145 sese
1018 2069 1410 2160 conferret,
1450 2069 1777 2145 Johanni
1816 2093 1992 2144 vero
2033 2070 2737 2147 administrationem
2758 2072 3067 2169 reipub-

804 2195 994 2271 licae
1050 2196 1542 2293 permitteret:
1602 2204 1940 2293 quartum
2005 2206 2177 2295 post
2235 2197 2424 2271 diem
2479 2198 3057 2292 ingravescente

804 2324 1057 2399 morbo
1114 2328 1413 2422 praeter
1469 2322 1786 2396 omnium
1842 2330 2088 2396 tamen
2149 2314 2563 2421 opinionem
2604 2348 2647 2398 e
2684 2323 2879 2397 vivis
2932 2348 3057 2398 ex-

804 2450 1016 2525 cedit.
1092 2449 1240 2523 Pro
1298 2447 1691 2547 Nisovzky
1749 2449 2128 2523 celerrime
2185 2449 2522 2539 nuncius,
2582 2450 2704 2545 qui
2753 2472 2916 2523 eum
2960 2475 3054 2525 ex

802 2576 1063 2652 itinere
1082 2582 1400 2668 revocet,
1421 2575 1747 2669 mittitur,
1787 2598 1872 2650 ac
1890 2575 2252 2673 primores
2292 2583 2806 2666 convocantur,
2838 2600 2884 2650 a
2905 2599 3054 2673 quo

797 2710 1156 2778 tractatus
1211 2702 1418 2799 pacis
1475 2711 1548 2776 et
1602 2701 2061 2778 conditiones
2107 2702 2415 2800 primum
2476 2712 3049 2798 cognoscuntur.

805 2827 1082 2904 Gravis
1123 2851 1346 2926 super
1382 2827 1498 2902 his
1541 2828 1977 2925 disceptatio
2017 2837 2181 2904 orta
2219 2839 2353 2923 est,
2393 2839 2467 2904 et
2504 2831 2893 2905 videbatur
2929 2854 3051 2904 re-

801 2956 977 3052 gina
1014 2953 1521 3028 auctoritatem
1559 2953 1694 3027 filii
1723 2960 1944 3051 atque
1984 2955 2196 3051 regni
2217 2955 2705 3041 imminuisse,
2746 2957 3050 3053 insuper

799 3082 1205 3157 futurorum
1245 3103 1453 3179 spem
1492 3081 1996 3176 adempturam
2033 3083 2289 3157 fuisse.
2323 3084 2590 3180 Itaque
2630 3083 2759 3156 alii
2798 3091 3042 3157 osten·

798 3209 1059 3282 tabant
1113 3214 1433 3282 aetatem
1486 3207 1867 3305 principis,
1925 3209 2347 3305 vectigalia,
2390 3209 2781 3298 exercitus,
2822 3217 3043 3305 atque

800 3334 1078 3411 auxilia
1117 3331 1530 3432 Solymani,
1569 3334 1704 3409 sed
1759 3335 2074 3410 maxime
2115 3359 2322 3434 spem
2343 3334 2420 3425 ³¹⁸)
2463 3344 2537 3410 et
2572 3334 2826 3409 florem
2868 3334 3040 3408 ado-

799 3461 1219 3552 lescentiae,
1260 3469 1332 3534 et
1388 3484 1661 3557 magna
1698 3461 1808 3535 illi
1846 3462 1921 3534 in
1961 3461 2154 3536 votis
2212 3463 2686 3537 destinabant
2724 3489 2739 3534 :
2781 3461 2906 3536 alii
2947 3460 3041 3534 ad

799 3589 1255 3664 conditiones
1329 3595 1705 3663 maternas
1781 3582 2095 3685 amplius
2153 3589 2637 3685 adjiciendum
2714 3589 3034 3684 ajebant,

800 3725 875 3793 et
944 3715 1222 3790 Fatrae
1296 3722 1583 3789 montes
1640 3715 1714 3789 in
1779 3715 2124 3790 comitatu
2198 3714 2667 3813 liptoviensi,
2745 3720 2873 3788 aut
2946 3714 3035 3786 ci·

799 3843 1097 3919 vitatem
1210 3838 1646 3916 Oassoviam
1743 3842 2030 3939 imperii
2129 3841 2517 3916 terminum
2608 3840 3036 3937 petendum;

798 3978 872 4046 et
945 3993 1036 4043 ea
1128 3967 1541 4043 conditione
1634 3991 1890 4066 pacem
1981 3968 2531 4043 terminandam.
2699 3966 3031 4041 Tandem

797 4121 891 4172 ex
963 4095 1255 4194 publico
1331 4095 1637 4171 consilio
1730 4095 2011 4191 legatio
2100 4093 2347 4192 ampla
2436 4095 2531 4168 ad
2627 4094 3027 4168 Ferdinan·
3128 4121 3139 4134 ·

794 4223 999 4317 dum,
1056 4232 1392 4300 oratores
1431 4231 1676 4299 autem
1732 4223 2059 4298 Michael
2098 4219 2367 4321 Chaky
2423 4229 2496 4296 et
2534 4218 3024 4320 Christopho-

973 4438 1032 4506 θ)
1059 4435 1296 4493 Ιοινάηίὶ
1328 4441 1635 4510 Jegyzete:
1692 4438 1830 4494 Sola
1855 4447 1913 4494 et
1952 4440 2121 4494 unica
2148 4455 2282 4510 spes
2321 4437 2867 4494 Transsilvanorum
2894 4455 3028 4492 scm·

796 4547 898 4601 per
921 4530 981 4584 in
1006 4527 1197 4584 Tur-ca
1234 4525 1360 4584 fuit.
1398 4527 1515 4588 Sed
1541 4531 1651 4587 hoc
1674 4535 1951 4602 tempore,
1980 4535 2199 4587 mortuo
2225 4527 2557 4601 SolymanO,
2586 4535 2646 4584 et
2669 4530 2910 4585 turcicis
2945 4545 3021 4583 re·

796 4621 904 4677 bus
931 4618 1240 4687 inclinatis,
1279 4619 1451 4691 longe
1477 4637 1579 4691 spe
1606 4638 1714 4677 sua
1752 4620 1882 4676 falsi
1907 4625 2059 4690 sunt,
2086 4636 2213 4675 eum
2234 4617 2548 4675 incredibili
2578 4634 2773 4673 eorum
2805 4620 3021 4673 damno.
