3293 5219
1862 1325 1925 1399 I.

1063 1516 1642 1583 DELIBERATIO
1692 1518 1810 1582 AD
1859 1509 2498 1579 FERDINANDVM
2544 1508 2712 1575 IMP.

761 1697 856 1744 Dr.
886 1693 1190 1745 NRGowlo
1223 1696 1791 1745 TRANSYLVANJAM
1822 1694 1862 1743 A
1911 1692 2093 1740 FILIO
2145 1690 2342 1739 REGIS
2393 1689 2666 1739 IOANMS
2720 1686 3020 1748 RETCVPB-

762 1803 975 1850 RANDI
1039 1802 1176 1849 CVM
1209 1802 1552 1851 svccvRsv
1607 1800 2000 1865 DESPO'ME,
2051 1798 2423 1847 VAYVODAE
2468 1794 2894 1857 MOLDAVIAB„
2936 1794 3028 1841 AB

1146 1909 1473 1959 nmscot‘o
1500 1909 1916 1958 mamm-181
1952 1908 2395 1958 nnvcvnnsra
2433 1889 2627 1955 1561.

983 2114 1150 2190 Etsi
1188 2111 1682 2190 certissimum
1736 2120 1853 2189 est
1875 2172 1891 2205 ,
1960 2119 2221 2189 cuncta
2276 2108 2488 2187 fatali
2546 2106 3023 2204 providentia

766 2237 1289 2333 administrari,
1328 2240 1403 2313 in
1442 2239 1646 2314 nulla
1699 2248 1946 2315 tamen
1982 2261 2063 2313 re
2119 2237 2360 2334 magis
2391 2230 2802 2310 variabiles
2865 2254 3027 2307 sor-

767 2372 905 2452 tes,
946 2386 1167 2461 quam
1206 2365 1280 2439 in
1328 2361 1690 2441 bellorum
1747 2366 2045 2441 casibus
2101 2372 2218 2441 est
2253 2363 2530 2438 videre.
2594 2361 2789 2436 Nam
2827 2358 2941 2434 uti
2979 2381 3024 2432 e

766 2489 1212 2586 longinquo,
1291 2497 1722 2587 matureque
1777 2489 2011 2589 petita
2067 2488 2378 2563 consilia
2432 2486 2588 2563 suis
2629 2484 3027 2561 destinatis

767 2614 1038 2692 finibus
1076 2608 1591 2715 nonnunquam
1652 2618 1975 2716 privari,
2034 2615 2391 2713 illudique
2450 2639 2497 2690 a
2550 2617 2850 2690 fortuna
2908 2635 3027 2688 so-

768 2744 944 2834 lent,
986 2742 1094 2817 ita
1132 2745 1527 2820 subitanea
1564 2745 1897 2836 consilia,
1938 2749 2013 2820 et
2049 2751 2478 2842 extempore
2517 2748 2738 2841 capta
2795 2763 3026 2838 quan·

771 2868 1009 2963 doque
1052 2877 1348 2965 optatos
1404 2869 1655 2944 sortiri
1709 2869 1933 2960 fines,
2011 2891 2314 2967 quorum
2375 2867 2686 2944 alterum
2743 2866 3024 2943 bellum

771 2989 1146 3067 Gallicum
1187 2991 1455 3069 Italiae
1504 2995 1899 3091 infestum,
1955 2993 2271 3071 alterum
2309 3016 2488 3070 vero
2548 2989 3025 3080 Sultanorum

768 3118 1054 3215 Egypti
1094 3116 1556 3207 miserandus
1598 3122 1841 3198 exitus
1881 3121 2222 3200 ostendit.

986 3242 1433 3343 Proponitur
1487 3248 1738 3345 itaque
1793 3249 1867 3323 in
1923 3248 2515 3347 praesentiarum
2571 3245 2760 3321 ratio
2818 3265 3027 3320 recu-

760 3371 1080 3469 perandi
1137 3374 1806 3472 Transylvaniam,
1867 3382 1941 3450 et
1992 3374 2337 3450 ditionem
2404 3370 3024 3449 Trans-Tibisca-

771 3519 965 3590 nam,
1003 3499 1147 3572 nisi
1184 3499 1341 3575 fata
1378 3500 1589 3575 iustis
1631 3506 1705 3575 et
1743 3502 1968 3577 certis
2008 3501 2338 3580 consiliis
2378 3502 2625 3578 aliena
2662 3499 2829 3574 sint.

990 3623 1183 3698 Nam
1228 3624 1603 3723 Despotes
1666 3624 2068 3727 (Vayvoda
2127 3621 2578 3724 Moldaviae)
2637 3647 2775 3723 per
2811 3622 3021 3699 avios

771 3756 1062 3824 montes
1118 3749 1313 3824 iusta
1375 3751 1698 3849 peditum
1756 3754 2225 3850 equitumque
2280 3752 2663 3847 utriusque
2717 3748 3023 3845 generis

771 3896 1026 3962 manu,
1082 3880 1750 3974 tormentorumque
1805 3885 2169 3976 apparatu
2224 3875 2679 3954 Moldaviam
2734 3874 3025 3969 ing-res-

768 4022 916 4089 sus‚
958 4023 1048 4074 ac
1084 4023 1366 4077 summa
1407 4001 1480 4076 vi
1501 4001 1723 4077 animi
1746 4011 1820 4079 et
1859 4004 2198 4103 corporis
2235 4003 2521 4102 praelio
2558 3998 2917 4092 fundens,
2958 3999 3025 4074 si

773 4126 1029 4201 eadem
1073 4128 1455 4203 celeritate
1488 4136 1562 4205 et
1600 4129 1870 4206 virtute
1906 4137 2177 4226 utatur,
2219 4128 2441 4204 dubio
2480 4126 2737 4226 procul
2779 4126 3023 4202 Tran-

771 4246 1188 4346 sylvaniam
1227 4275 1362 4350 spe
1401 4254 1615 4329 citius
1654 4264 2271 4352 temperaturam,
2313 4264 2388 4331 et
2416 4255 3024 4356 Tr'ansylvanum

769 4375 987 4453 simul
1026 4386 1442 4472 nutantem,
1495 4382 1827 4478 nihilque
1866 4381 2019 4459 tale
2058 4382 2550 4478 cogitantem,
2607 4387 3024 4475 extuncque

768 4508 840 4574 et
881 4501 1176 4580 interna
1213 4504 1481 4582 militia
1520 4514 1896 4584 carentem
1935 4508 2249 4607 opprimi
2287 4531 2525 4608 posse.

984 4629 1105 4703 Ad
1143 4630 1283 4705 hoc
1320 4633 1847 4730 praestandum
1886 4656 2035 4710 non
2074 4635 2286 4712 deest
2303 4634 2622 4734 Despoti
2677 4655 2861 4727 erga
2899 4654 3027 4705 no-
