3293 5219
2327 285 2429 363 25

233 508 465 582 niorem
482 508 944 583 occasionem
964 516 1078 582 est
1095 507 1551 581 translatum.
1573 502 1748 579 Rati
1770 503 2130 581 dissoluto
2150 528 2242 581 ex
2252 504 2432 578 erci-

232 642 290 704 tn
337 633 401 705 in
437 633 701 708 itinere
757 658 888 731 per
927 631 1392 708 solitudinem
1432 631 1752 727 aliquam
1790 632 2163 727 negotium
2204 652 2431 729 posse

235 757 473 833 confici.
495 759 827 835 Fuerunt
854 782 946 835 ex
965 758 1474 849 familiaribus,
1497 758 1618 855 qui
1640 756 2142 841 admonerent,
2165 757 2435 856 quibus

233 884 363 981 ipse
398 892 649 961 contra
687 880 942 959 Caroli
978 882 1229 975 Quinti
1266 881 1773 981 imperatoris.
1815 881 2307 973 Ferdinandi,
2348 906 2435 957 ac

238 1010 557 1112 pontificis
595 1009 896 1086 maximi
936 1008 1341 1107 diplomata
1380 1031 1467 1082 ac
1502 1007 1871 1106 promissa
1911 1007 2327 1102 objiciebat,
2350 1032 2439 1082 ac

241 1138 467 1213 malum
508 1137 651 1213 sibi
711 1138 898 1235 ipsis
957 1135 1344 1225 committi,
1405 1135 1524 1232 qui
1582 1157 1705 1209 res
1762 1134 2081 1209 turcicas
2125 1135 2438 1210 nondum

243 1263 772 1363 cognovissent,
814 1263 1234 1338 disserebat
1273 1289 1289 1334 ε
1326 1261 1601 1336 utinam
1640 1261 1978 1359 inquiens
2015 1262 2243 1336 semel
2282 1269 2438 1336 tan-

239 1406 358 1469 tum
390 1391 826 1489 colloquium
867 1413 1025 1466 cum
1048 1388 1519 1465 Ferdinando
1556 1390 2004 1483 inirem3non
2043 1390 2118 1463 in
2157 1389 2438 1487 aliquot

245 1518 455 1593 vilium
514 1517 1036 1616 mancipiorum
1112 1514 1477 1614 capitibus
1552 1513 1850 1590 multum
1929 1514 2145 1590 situm
2225 1537 2430 1621 esse,

241 1666 514 1742 quorum
576 1641 809 1719 multa
863 1640 1097 1715 millia
1176 1638 1617 1739 Solymanus
1689 1641 2000 1716 haberet
2037 1669 2054 1713 :
2114 1640 2246 1716 sed
2302 1640 2441 1716 Bu·

240 1772 374 1846 dam
449 1795 530 1846 se
606 1780 680 1845 et
754 1769 1162 1865 Ungariam
1238 1776 1618 1867 spectare,
1670 1771 1831 1865 ejus
1870 1792 1951 1843 se
1993 1769 2303 1845 consilia
2341 1775 2445 1842 at·

241 1920 354 1995 que
396 1898 714 1974 rationes
757 1894 1305 1994 recuperandae
1347 1896 1699 1989 cogitare.
1725 1938 1825 1948 —-
1865 1897 1952 1970 In
1989 1896 2250 1972 itinere
2289 1918 2445 1971 cum

237 2021 560 2100 Castaldo
607 2046 753 2099 una
788 2023 929 2098 iter
968 2023 1294 2097 faciebat
1327 2022 1400 2096 in
1443 2023 1818 2114 vehicu103
1868 2025 2301 2121 patrandum
2339 2022 2446 2095 fa-

238 2152 411 2226 cinus
444 2147 835 2247 placebat3
893 2146 1025 2221 sed
1083 2169 1240 2221 cum
1299 2169 1589 2244 semper
1646 2147 2019 2247 principes
2078 2149 2278 2224 viros
2329 2170 2443 2221 se·

238 2299 370 2351 eum
404 2273 733 2350 haberet.
775 2297 918 2349 non
957 2273 1230 2373 potuit:
1292 2274 1524 2348 solum
1565 2273 1797 2350 occidi
1837 2276 2209 2372 placebat.
2266 2270 2447 2348 Cum

236 2410 444 2477 autem
492 2398 870 2496 Georgius
909 2399 1003 2474 ad
1043 2394 1347 2473 Calend.
1405 2399 1455 2475 J
1462 2400 1812 2474 annarias
1852 2424 1941 2474 ex
1982 2400 2147 2498 ipso
2185 2400 2451 2474 itinere

235 2529 496 2603 comitia
535 2527 872 2601 omnibus
911 2525 1289 2602 ordinibus
1325 2525 1750 2618 indixisset,
1812 2532 1981 2600 ante
2019 2526 2221 2601 illum
2261 2525 2450 2600 diem

236 2652 612 2730 Castaldus
650 2655 1198 2752 perpetrandae
1238 2653 1365 2732 rei,
1394 2654 1731 2751 quamvis
1754 2654 2213 2731 occasionem
2235 2675 2454 2751 quae-

235 2782 440 2855 rebat.
530 2780 706 2856 Jam
765 2779 836 2852 in
897 2780 1281 2854 castellum
1342 2776 1651 2874 Georgii
1693 2778 2104 2855 Alvincium
2152 2802 2458 2879 perven-

234 2915 359 2980 tum
419 2917 615 2984 erat.
689 2905 1178 3003 melioresque
1237 2903 1734 2981 habitationes
1802 2904 2162 2983 Castaldo
2205 2906 2448 3004 hospi·

235 3033 382 3107 tium
425 3033 768 3108 dederat.
826 3033 988 3130 ipse
1025 3033 1366 3130 proxima
1405 3033 1744 3107 cubicula
1793 3033 1937 3108 sibi
1975 3034 2455 3122 desumserat3

237 3179 520 3257 namque
586 3158 792 3233 illum
850 3160 923 3233 in
981 3180 1263 3234 summa
1303 3160 1779 3237 veneratione
1834 3162 2203 3250 habitum,
2265 3161 2460 3235 cultu

236 3291 578 3382 tamquam
637 3307 866 3382 supra
922 3307 1003 3360 se
1063 3285 1532 3362 observabat.
1571 3288 1971 3384 potentiam
2012 3288 2154 3363 sibi
2193 3287 2459 3362 retine-

237 3410 363 3483 bat
385 3411 536 3485 Nec
576 3411 882 3488 deerant
922 3412 1281 3502 convivia,
1314 3421 1387 3486 et
1426 3414 1670 3488 omnia
1706 3413 2035 3488 laetitiae
2075 3414 2315 3510 signa,
2354 3413 2459 3485 in-

239 3541 336 3608 ter
370 3559 552 3633 quae
596 3534 977 3633 Gregoius
1017 3537 1401 3636 Truppay,
1446 3539 1675 3612 nobili
1716 3539 2003 3636 quidem
2046 3561 2338 3636 genere,
2380 3546 2455 3612 et

238 3661 420 3737 miles
469 3663 641 3739 olim
668 3719 684 3752 ,
725 3663 856 3737 sed
894 3664 968 3736 in
1008 3671 1228 3761 caput
1265 3672 1571 3762 accepto
1610 3665 1945 3755 vulnere,
1987 3671 2061 3738 et
2097 3663 2305 3739 laeso
2363 3687 2451 3738 ac

237 3790 502 3864 turbato
542 3791 852 3864 cerebro
890 3789 1404 3882 facetissimus,
1446 3800 1667 3888 atque
1708 3790 2080 3880 budensis,
2121 3789 2459 3865 aliarum-

242 3934 358 4007 que
396 3915 938 4014 expeditionum
979 3938 1242 4002 comes‚
1283 3919 1377 3991 ab
1418 3916 1752 3992 omnibus
1774 3916 2241 3992 vehementer
2262 3936 2457 3988 ama-

241 4043 356 4114 tus.
398 4049 468 4114 et
510 4040 846 4139 Georgio
886 4065 1146 4132 carus,
1189 4066 1398 4139 quem
1437 4044 1741 4118 fratrem
1781 4043 2197 4128 vocitabat,
2253 4063 2461 4138 prae-

241 4167 335 4236 ter
369 4167 656 4243 solitum
695 4168 773 4242 in
807 4168 1152 4267 pietatem
1177 4176 1251 4244 et
1273 4170 1816 4246 miserationem
1834 4168 2090 4260 flexus,
2114 4167 2464 4242 audacter

240 4284 551 4368 hortatus
575 4322 591 4366 ε
615 4291 843 4382 Cave,
868 4295 1123 4393 inquit,
1146 4296 1244 4370 mi
1281 4297 1514 4371 frater
1548 4297 1685 4371 tibi
1728 4297 1824 4370 ab
1846 4294 2062 4371 Italis
2101 4293 2459 4382 barbatis,

242 4415 345 4507 qui
366 4419 559 4493 sicas
580 4419 654 4493 in
675 4428 873 4494 tuam
893 4442 1148 4496 necem
1172 4420 1528 4510 deferunt,
1550 4422 1708 4496 sive
1729 4422 1803 4495 id
1824 4445 1869 4494 a
1891 4444 1973 4497 se
1993 4420 2297 4496 fatidico
2321 4419 2468 4518 spi-

243 4537 400 4630 ritu,
455 4541 616 4617 sive
656 4542 751 4618 ab
791 4543 937 4619 alio
977 4544 1230 4620 doctus
1269 4545 1566 4622 monuit.
1626 4545 1859 4638 Quem
1918 4544 2348 4644 increpitum
2387 4543 2461 4618 in
