3293 5219
2331 326 2439 407 88

213 534 432 612 statim
469 536 803 613 tristiora
836 560 1149 623 venere·,
1207 563 1523 637 namque
1560 540 1825 616 iisdem
1864 542 2126 620 diebus
2165 566 2436 640 magna

210 662 440 738 clades
477 658 837 758 Zegedini
878 662 1164 740 accidit.
1240 667 1326 740 In
1384 666 1657 765 oppido
1714 666 2094 766 Zegedino
2150 668 2247 744 ad
2302 669 2437 746 Ti-

211 790 479 866 hiscum
512 792 681 885 sito,
740 794 984 891 amplo
1043 802 1266 890 atque
1304 797 1673 893 opulento,
1716 795 2183 896 Solymauus,
2223 821 2436 874 occu-

214 928 368 1015 pata
380 919 613 1013 Buda,
633 942 880 994 arcem
902 942 1125 1019 opere
1150 946 1241 997 ac
1259 923 1656 999 munitione
1694 924 2226 1001 validissimam
2265 950 2436 1000 con-

213 1046 386 1139 didit,
403 1071 541 1122 nec
571 1047 918 1145 gratuitis
956 1049 1362 1144 agrestium
1398 1050 1669 1148 operis,
1710 1051 1847 1128 sed
1884 1077 1977 1127 ex
2016 1054 2197 1128 fisco
2240 1055 2433 1129 solu-

215 1172 312 1265 tis,
346 1178 700 1271 tanquam
735 1174 1047 1248 nominis
1088 1184 1662 1272 monumentum3
1712 1177 1993 1253 addidit
2029 1180 2320 1274 navale,
2345 1201 2434 1256 ac

212 1308 475 1396 portum
497 1301 695 1376 intra
707 1322 957 1377 muros
970 1302 1419 1402 accipiendis
1435 1304 1772 1399 navibus,
1807 1306 1967 1380 sive
1981 1307 2318 1400 nazadis,
2341 1306 2436 1380 si-

212 1448 282 1501 ve
314 1429 498 1525 aliis3
521 1431 1114 1522 armamentario,
1135 1417 1653 1527 vectigalibus,
1676 1454 2038 1508 concursu
2062 1431 2439 1532 negotiato

220 1579 351 1630 rum
363 1559 680 1632 alteram
691 1556 998 1654 Budam.
1012 1558 1335 1633 Michael
1350 1556 1500 1633 Tot
1517 1559 1851 1659 potentia
1865 1584 1956 1634 ao
1975 1561 2241 1658 opibus
2253 1560 2442 1635 inter

212 1682 456 1777 primos
512 1683 937 1782 Zegedinos
976 1694 1172 1762 metu
1210 1684 1461 1787 hostili
1501 1687 1976 1785 profugerat,
2042 1694 2116 1763 et
2151 1687 2439 1762 Debre-

213 1811 346 1883 ceni
373 1812 695 1908 agebat,
735 1811 849 1886 vir
887 1835 1060 1886 acer
1097 1819 1321 1910 atque
1361 1813 1660 1907 iugenio
1696 1813 2010 1910 pollens.
2051 1811 2434 1890 Accende-

210 1935 393 2011 batur
448 1936 893 2012 amissarum
950 1959 1168 2036 opum
1226 1936 1478 2013 dolore
1536 1946 1612 2012 et
1648 1938 2017 2013 vindictae
2055 1938 2436 2036 cupidine:

213 2062 375 2137 unde
392 2063 833 2162 propinquis
856 2070 929 2137 et
946 2063 1395 2161 primoribus
1430 2088 1567 2162 per
1588 2065 1922 2139 occultos
1943 2062 2254 2139 nuncios
2275 2088 2430 2140 cor-

208 2188 436 2286 ruptis,
480 2196 776 2263 ceteros
849 2189 1069 2263 facile
1147 2199 1308 2264 erat
1402 2190 1474 2263 in
1556 2190 1986 2266 societatem
2046 2190 2433 2266 deducere.

210 2312 305 2386 Ea
337 2338 411 2389 re
452 2313 554 2389 ad
584 2313 1129 2389 Ferdinandum
1169 2314 1439 2407 delata,
1462 2314 1732 2389 missus
1772 2315 2143 2413 extemplo
2166 2315 2439 2391 Petrus

209 2436 480 2532 Bakith,
522 2439 724 2514 illius
763 2438 1016 2533 Pauli,
1057 2439 1356 2515 militari
1378 2440 1645 2515 virtute
1687 2464 1776 2515 ac
1812 2440 2209 2538 prudentia
2244 2443 2437 2516 cele-

210 2564 375 2643 brati
407 2568 669 2662 frater,
731 2590 892 2644 cum
935 2566 1185 2641 valida
1224 2566 1546 2664 equitum
1600 2568 1725 2641 ala
1804 2576 1877 2643 et
1913 2568 2262 2646 mandata
2297 2592 2434 2670 per

212 2716 344 2768 eum
377 2693 754 2771 Bernaldo
806 2693 1101 2769 Aldana
1150 2694 1349 2771 data.
1391 2692 1725 2768 Concilio
1765 2694 2019 2771 habito
2058 2697 2133 2772 in
2171 2696 2440 2797 oppido

213 2818 415 2915 Arad,
458 2821 536 2894 in
576 2843 719 2917 quo
756 2827 1056 2918 praeter
1093 2820 1505 2895 nominatos
1548 2818 1874 2895 Alonsus
1916 2819 2189 2917 Perez,
2228 2845 2444 2919 quem

206 2956 441 3042 postea
464 2946 758 3042 Ungari
798 2947 1289 3044 Kiscampum
1337 2947 1840 3046 appellavere,
1893 2947 2249 3023 Nicolaus
2287 2947 2441 3023 Do-

212 3096 306 3172 cy,
342 3074 765 3174 Stephanus
805 3075 1112 3172 Dersffy
1175 3084 1247 3151 et
1310 3075 1762 3151 Franciscus
1819 3075 2112 3151 Horvat
2166 3099 2441 3180 cogno-

208 3212 423 3278 mento
488 3201 665 3300 Nag
721 3210 1254 3295 convenerant,
1333 3201 1727 3278 Michaelis
1786 3199 1936 3276 Tot
1993 3204 2444 3278 sententiam

217 3331 727 3427 approbavere,
749 3338 824 3404 et
859 3330 1112 3405 statim
1153 3338 1677 3427 exsequuntur.
1737 3329 2062 3432 Michael
2099 3355 2232 3429 per
2272 3352 2444 3404 con-

212 3455 385 3530 scios
424 3481 515 3530 ae
552 3456 953 3548 ministros,
987 3456 1304 3552 quinque
1344 3455 1574 3530 millia
1612 3453 2079 3550 aggrestium
2119 3455 2443 3553 peditum

214 3577 580 3678 (hajdones
619 3577 936 3680 vocant),
975 3582 1143 3680 ipsa
1180 3581 1455 3655 robora
1492 3580 1838 3672 virorum,
1861 3579 2069 3675 queis
2110 3581 2442 3678 corporis

217 3707 520 3802 viribus,
560 3708 1042 3808 pernicitate,
1071 3707 1436 3808 patientia
1474 3707 1849 3794 laborum,
1887 3704 2215 3798 inediae,
2256 3705 2444 3798 sitis,

215 3832 493 3929 algoris,
532 3843 754 3931 atque
811 3811 1105 3928 aestus,
1144 3833 1326 3908 nihil
1363 3831 1890 3931 praestantius,
1935 3832 2439 3928 congregavit.

216 3955 338 4033 His
376 3961 611 4059 copiis
650 3958 952 4036 deflexit
977 4018 993 4048 ‚
1052 3969 1131 4035 ut
1170 3961 1598 4035 crederetur
1656 3956 2149 4033 Bechkereke
2190 3982 2439 4033 arcem

216 4096 767 4185 oppugnaturus,
789 4098 865 4164 et
901 4111 1159 4163 rursus
1198 4095 1417 4162 noctu
1452 4085 1724 4184 raptim
1762 4107 2106 4179 magnum
2126 4086 2443 4185 spatium

216 4225 639 4309 remeantes,
697 4215 894 4291 haud
949 4216 1206 4313 procul
1261 4212 1641 4310 Zegedino
1694 4209 1789 4284 ad
1828 4209 2214 4285 Tibiscum
2253 4211 2443 4286 inter

215 4341 623 4417 arundineta
678 4367 766 4417 ac
826 4343 1147 4438 virgulta
1186 4338 1609 4414 consedere.
1708 4337 2034 4432 Magnus
2073 4336 2147 4410 in
2186 4360 2272 4411 eo
2313 4360 2438 4431 op-

216 4467 369 4562 pido
401 4470 853 4570 piscatorum
893 4490 1277 4560 numerus,
1336 4488 1478 4563 quo
1518 4462 1811 4540 facilior
1851 4471 2014 4537 erat
2053 4462 2147 4537 ad
2187 4463 2447 4536 fallen-

217 4591 363 4670 dum
398 4597 674 4672 modus.
728 4597 925 4673 Nam
963 4604 1223 4693 quarto
1263 4593 1589 4670 Kalend.
1630 4589 1948 4666 Martias
1991 4590 2447 4689 septingenti

311 4764 501 4801 Rom.
534 4765 697 4802 8010.
732 4764 870 4802 ms’r.
905 4765 1103 4801 sempr.
1137 4764 1247 4801 xvl.
2070 4717 2119 4791 ὀ
