3293 5219
754 285 908 369 546

755 510 1073 607 sylvano
1113 508 1515 609 percutiat,
1594 509 1764 583 hinc
1821 532 2000 586 vero
2060 509 2454 607 patefactis
2511 510 2735 585 rebus
2795 511 3019 587 irrita

758 631 1068 711 consilia
1104 636 1305 712 fiant.
1576 637 1587 643 ’

758 771 1047 844 (Eredetie
1067 791 1104 830 s
1124 791 1186 830 cs
1200 774 1272 830 .k.
1293 774 1938 862 penziigyminisferium
1959 773 2379 832 levdltardban.
2404 774 2622 831 Kiadta
2640 793 2727 848 gr.
2745 774 3020 846 Kemdny

1397 862 1607 919 Jozsef
1619 881 1689 917 az
1716 862 1786 931 Uj
1813 863 2053 919 M.Muz.
2083 862 2364 930 1854.11.).

1833 1315 1934 1392 11.

1251 1452 1635 1540 NADAsm
1683 1450 1974 1539 TAMAS
2022 1449 2524 1538 NAnoRNAK.

981 1619 1433 1720 Spectabilis
1474 1628 1548 1696 et
1596 1619 1995 1717 Magnifice
2034 1618 2353 1695 Domine
2390 1626 2527 1695 etc.
2589 1620 2800 1698 Nihil
2842 1621 3026 1697 mihi

766 1750 1055 1846 gratius
1095 1755 1333 1837 esset,
1373 1771 1595 1845 quam
1641 1746 2239 1825 Dominationem
2298 1745 2653 1823 Vestram
2714 1746 3030 1845 Specta-

769 1875 992 1951 bilem
1034 1882 1108 1949 et
1164 1874 1641 1969 Magnificam
1680 1898 1775 1950 ex
1815 1873 2039 1949 animi
2080 1872 2237 1948 suis
2276 1872 2602 1948 enteutia
2638 1874 2839 1951 bona
2872 1874 3029 1950 frui

770 1999 1234 2091 valetudine,
1295 1999 1722 2096 utinamque
1758 1998 1968 2075 Deus
2008 1994 2099 2073 O.
2138 1998 2240 2071 M.
2301 1996 2628 2090 eandem,
2681 2021 2821 2096 pro
2878 2023 3035 2099 qua

770 2148 997 2223 saepe
1036 2126 1276 2201 Deum
1317 2124 1547 2218 oravi,
1586 2122 1915 2199 afflictae
1955 2130 2030 2198 et
2068 2120 2597 2221 propemodum
2636 2122 3029 2221 collapsae

767 2256 1069 2326 nostrae
1107 2249 1411 2326 Patriae
1440 2248 1971 2341 Protectorem,
1993 2247 2446 2346 Patremque
2485 2247 2813 2340 Patriae,
2862 2251 3029 2326 feli·

769 2399 926 2453 cem
958 2374 1081 2451 diu
1119 2399 1568 2453 conservare
1601 2375 1967 2472 dignetur.
2013 2371 2361 2450 Ceterum
2399 2395 2598 2449 nova
2635 2377 3030 2474 quaedam,

772 2523 964 2600 quae
1004 2525 1097 2576 ex
1136 2525 1274 2578 sua
1330 2499 1712 2579 Caesarea
1767 2499 2171 2577 Maiestate
2225 2500 2767 2595 intelleximus,
2823 2502 3032 2582 nolui

771 2630 1151 2722 omittere,
1230 2629 1401 2727 quin
1498 2627 2006 2705 Dominationi
2081 2627 2406 2704 Vestrae
2474 2625 2902 2726 Spectabili
2958 2637 3040 2704 et

773 2755 1223 2851 Magnificae
1248 2756 1675 2847 scriberem,
1717 2776 2038 2853 sperans
2057 2776 2206 2828 non
2243 2755 2404 2830 fore
2443 2753 2677 2830 eidem
2699 2755 3025 2852 ingrata.

773 2881 894 2956 Ex
934 2877 1582 2979 Constantinopoli
1619 2880 1959 2972 habetur,
2013 2880 2209 2978 quod
2248 2882 2662 2956 Turcarum
2700 2884 3034 2981 Impera·

768 3012 891 3079 tor
930 3001 1320 3080 Oratorem
1361 3005 1458 3081 ad
1494 3004 1804 3082 Persam
1855 3006 2074 3095 misit,
2115 3031 2162 3082 a
2199 3029 2343 3102 quo
2399 3005 2638 3082 Persa
2695 3009 3031 3107 acceptis

777 3129 1200 3210 muneribus
1258 3129 1649 3229 quinquies
1689 3139 2161 3208 centenorum
2200 3132 2503 3208 millium
2529 3186 2546 3217 ,
2605 3141 2681 3209 et
2736 3134 2828 3209 de
2884 3142 3032 3210 tra-

777 3257 1015 3367 dendo
1053 3257 1410 3353 Bajazete
1447 3258 1826 3354 legatione
1876 3256 2294 3351 intellecta,
2331 3266 2505 3356 post
2543 3258 2829 3356 aliquot
2866 3260 3035 3336 dies

773 3386 1012 3461 Persa
1047 3383 1121 3458 iu
1179 3383 1644 3459 venationem
1703 3386 2125 3482 profectus,
2183 3384 2543 3481 BaJazete
2599 3408 2749 3462 una
2787 3386 3034 3479 ducto,

776 3511 1086 3588 eundem
1143 3510 1457 3588 liberum
1531 3509 1767 3600 misit,
1811 3535 1903 3586 ac
1958 3512 2257 3588 tandem
2315 3509 2625 3588 Oratori
2681 3513 3031 3606 Turcico,

779 3639 1211 3734 Bajazetem
1265 3633 1581 3711 liberum
1637 3649 1847 3732 esse,
1914 3646 1989 3714 et
2026 3639 2392 3739 hospitem
2433 3662 2570 3738 spe
2608 3640 3034 3718 securitatis

779 3763 876 3841 ad
912 3783 996 3836 se
1034 3762 1441 3859 profectum
1499 3763 1925 3861 mancipare
1971 3788 2121 3841 nou
2159 3787 2424 3864 posse,
2482 3771 2637 3841 tum
2712 3766 3035 3844 maxime

779 3890 874 3966 ob
914 3887 1029 3981 id,
1073 3888 1268 3985 quod
1325 3888 1833 3965 crudelitatem
1893 3891 2126 3987 patris
2181 3891 2257 3967 in
2318 3889 2550 3966 filium
2603 3892 2753 3966 iam
2811 3897 3037 3968 antea

781 4015 927 4091 sibi
964 4023 1433 4114 perspectam
1479 4014 1819 4090 haberet.
1898 4014 2114 4106 Quod
2172 4016 2237 4091 si
2275 4023 2541 4115 sponte
2599 4016 2696 4092 ad
2751 4024 3038 4116 patrem

778 4141 1150 4243 proficisci
1187 4139 1436 4237 vellet,
1474 4141 1549 4215 in
1589 4139 1751 4217 eius
1790 4163 1964 4217 esse
2001 4142 2310 4218 arbitrio
2347 4141 2754 4240 respondit.
2816 4140 3033 4219 Cete-

781 4291 942 4345 rum
999 4289 1273 4362 rogare
1330 4289 1414 4342 se
1470 4269 2047 4365 Imperatorem,
2105 4276 2188 4345 ut
2240 4268 2390 4344 tria
2446 4268 2811 4366 quaedam
2871 4269 3042 4345 loca

785 4417 975 4493 quae
1015 4398 1254 4468 antea
1274 4391 1572 4467 ditionis
1625 4393 1947 4470 fuissent
1981 4393 2357 4488 Persicae,
2398 4416 2703 4492 quorum
2738 4395 3044 4472 nomina

785 4516 1377 4595 CaesMaiestas
1388 4526 1564 4595 tunc
1577 4519 1960 4596 nominare
1979 4519 2750 4621 non.potuit,Bajazeti
2769 4519 3040 4597 saltem
