3293 5219
720 303 880 381 360

716 519 816 595 rit
887 540 1050 592 eum
1142 521 1350 590 tanta
1424 512 1731 588 lenitate
1824 532 2074 604 usum3
2210 515 2360 582 tum
2453 506 2533 577 in
2607 526 2973 601 praesens

725 667 980 720 omnes
1040 641 1495 716 conditiones
1537 637 2011 734 accipiendas
2052 657 2243 709 esse.
2309 632 2564 722 Quare
2605 627 2972 705 Svendius

719 771 1079 845 obsessae
1118 765 1403 841 mulieri
1439 786 1586 837 una
1625 785 1785 835 cum
1828 760 2086 834 liberis
2126 757 2626 832 incolumitate
2670 778 2964 830 conces-

721 917 828 987 sa,
869 894 1102 969 omnis
1140 889 1646 987 supellectilis,
1689 911 1904 985 quam
1945 887 2019 959 in
2077 905 2277 975 anre,
2321 890 2656 978 argento,
2701 884 2962 973 serico,

722 1020 1016 1116 aliaque
1055 1017 1369 1092 materia
1426 1015 1774 1101 habebat,
1815 1011 2238 1087 efferendae
2280 1017 2733 1109 potestatem
2776 1007 2962 1095 fecit,

722 1152 1057 1246 praeter·
1120 1149 1563 1240 apparatum
1658 1140 2088 1225 militarem2
2214 1144 2288 1210 et
2382 1157 2613 1231 equos
2717 1135 2973 1209 milita-

722 1291 869 1346 res.
962 1264 1321 1342 Ladislao
1395 1266 1648 1364 itaque
1724 1262 2137 1339 Lorantffio
2219 1266 2293 1336 et
2370 1259 2598 1334 Paulo
2666 1261 2969 1335 Darvas

730 1418 868 1495 pro
928 1392 1318 1470 obsidibus
1358 1391 1575 1482 datis,
1668 1386 2144 1486 V'olfgangus
2201 1384 2649 1462 Veselenius
2729 1388 2969 1460 condi·

724 1519 908 1597 tioni
963 1521 1055 1594 de
1112 1518 1481 1626 sententia
1558 1516 1895 1591 dominae
1945 1537 2126 1589 suae
2184 1513 2604 1587 subscribit.
2706 1511 2972 1587 Condi-

723 1648 924 1721 tione
980 1645 1324 1740 utrinque
1380 1642 1490 1716 sic
1547 1641 1861 1732 firmata,
1922 1647 2242 1715 actutum
2299 1638 2756 1734 Forgacius‚
2819 1662 2973 1713 cnm

726 1780 932 1847 certo
972 1788 1272 1845 numero
1314 1768 1812 1863 Ungarorum‚
1874 1767 2218 1841 Ruberus
2256 1765 2429 1840 item
2470 1774 2544 1840 et
2576 1765 2972 1863 Raminge-

726 1920 853 1973 rus
891 1920 1052 1972 cum
1112 1892 1511 1969 Germanis
1546 1893 1853 1968 totidem
1912 1893 2125 1967 XIV.
2178 1892 2523 1987 Januarii
2562 1917 2610 1965 a
2650 1890 2970 1967 Svendio

727 2023 1126 2111 mittuntur,
1186 2019 1308 2117 qui
1364 2041 1671 2095 uxorem
1706 2019 1983 2093 Bebeci
2042 2040 2202 2093 cum
2263 2018 2419 2092 suis
2479 2017 2704 2092 rebus
2735 2019 2974 2093 immu-

727 2172 894 2224 nem
934 2148 1030 2221 ab
1072 2147 1267 2221 omni
1321 2145 1595 2242 injuria
1633 2144 2053 2219 educerent.
2100 2142 2311 2235 Quae
2352 2143 2652 2217 ductore
2696 2141 2974 2243 Caspa-

731 2298 813 2349 re
876 2271 1263 2368 Magocio,
1343 2270 1569 2347 Petro
1646 2270 1936 2349 Pauca,
1997 2269 2312 2365 aliisque
2387 2269 2678 2363 magnis
2780 2271 2972 2357 viris,

733 2422 918 2498 quos
959 2398 1327 2474 Svendius
1384 2398 1850 2494 adjunxerat,
1911 2397 2263 2472 comitata
2318 2397 2392 2469 in
2433 2419 2684 2471 arcem
2726 2399 2977 2472 Torna

731 2526 1037 2603 honeste
1096 2549 1256 2602 cum
1313 2525 1653 2601 curribus
1711 2524 1994 2599 onustis
2064 2524 2381 2599 deducta
2455 2532 2589 2598 est.
2648 2524 2821 2598 Non
2863 2523 2975 2597 diu

732 2660 1066 2727 moratus
1125 2651 1492 2727 Svendius
1570 2647 2012 2725 Gassoviam
2071 2649 2306 2724 rediit.
2353 2651 2712 2724 Bebecus
2793 2651 2974 2724 enim

731 2801 891 2854 cum
967 2776 1265 2852 amiliis
1359 2775 1656 2874 turcicis
1716 2774 2396 2849 ·Rimazombatum
2511 2785 2974 2872 pervenerat.

730 2903 1257 2979 Verumtamen
1332 2900 1411 2993 ii,
1486 2908 1883 3000 postquam
1958 2923 2204 2976 arcem
2281 2902 2356 2974 in
2432 2908 2806 2998 potestate
2862 2901 2980 2977 ho-

734 3029 953 3103 stium
1052 3028 1616 3124 cognovissent,
1694 3028 1958 3103 iterum
2049 3026 2239 3101 unde
2333 3034 2714 3118 venerant,
2828 3053 2986 3126 pro-

740 3153 913 3231 fecti
992 3162 1179 3230 sunt.
1277 3152 1643 3230 Svendius
1721 3155 2066 3230 Zadvara
2136 3153 2348 3228 citius
2413 3154 2692 3253 potitus
2778 3179 2983 3252 quam

739 3289 1101 3378 sperarat,
1140 3281 1217 3355 in
1257 3305 1465 3379 spem
1504 3281 2009 3356 adducebatur
2045 3280 2380 3379 potiundi
2417 3280 2777 3374 Mucacii,
2843 3289 2984 3382 tum

741 3407 938 3505 quod
981 3407 1402 3506 praesentis
1440 3408 1796 3483 victoriae
1857 3408 2386 3505 qualiscunque
2443 3409 2718 3483 famam
2755 3409 2981 3508 pluri-

738 3555 931 3608 mum
970 3531 1043 3607 in
1082 3532 1305 3607 rebus
1346 3532 1636 3609 bellicis
1686 3536 1957 3630 Juvare
1996 3541 2312 3632 putaret,
2351 3543 2504 3610 tum
2560 3557 2742 3608 vero
2785 3534 2973 3632 quod

736 3656 1067 3733 auxiliae
1090 3658 1664 3733 Transsilvania
1685 3667 1970 3736 remota
1992 3668 2250 3735 etsera
2262 3662 2423 3735 fore
2446 3661 2873 3737 confidebat
2890 3656 2974 3757 ⁴¹).

731 3780 836 3858 At
907 3783 960 3860 J
965 3781 1294 3859 ohannes
1368 3784 1445 3857 id
1491 3782 1919 3882 intelligens
1977 3784 2528 3884 sigismundum
2585 3783 2984 3884 Segnieum

729 3917 882 3986 tum
921 3908 1309 4008 captivum,
1326 3909 1818 4006 jurejurando
1858 3910 2065 4008 prius
2105 3910 2562 4004 adstrictum,
2585 3935 2668 3987 se
2706 3914 2978 3989 reditu-

730 4035 889 4110 rum
929 4055 1091 4109 cum
1129 4056 1511 4135 responso,
1555 4035 2062 4133 qualecunque
2100 4035 2285 4112 illud
2323 4038 2566 4132 fuerit,
2607 4039 2704 4113 ad
2747 4038 2970 4114 Sven-

741 4158 937 4234 dium
1011 4160 1320 4257 ablegat
1395 4185 1555 4237 cum
1630 4162 1748 4238 his
1824 4163 2229 4238 mandatis:
2290 4161 2668 4261 Siquidem
2720 4189 2977 4241 caesar

947 4369 1009 4441 ὓ)
1023 4368 1288 4443 Ροτςάοὴ
1313 4368 1372 4425 S.
1389 4371 1684 4445 jegyzete:
1700 4353 1777 4428 E's
1790 4371 1958 4428 miei-t
1983 4372 2349 4446 hogyimmar
2375 4391 2444 4429 az
2471 4374 2863 4443 fejedelemto'l
2888 4375 2976 4429 bu·

732 4473 863 4516 esus
889 4463 1040 4531 vala,
1081 4460 1455 4518 minekelsstte
1499 4463 1786 4532 kimenne,
1831 4465 1972 4520 akar
1995 4465 2134 4551 yala
2181 4464 2362 4538 megin
2390 4464 2606 4522 valami
2643 4465 2744 4536 oly
2783 4465 2970 4538 dolgot

731 4548 992 4616 inditam,
1019 4550 1177 4607 kivel
1201 4550 1326 4606 hire
1357 4568 1508 4609 neve
1537 4551 1932 4627 oregbedndk.
1971 4554 2047 4608 Es
2073 4551 2148 4609 ha
2172 4552 2540 4624 Munka020t‚
2567 4552 2822 4611 Husztot
2850 4569 2966 4624 mog
