3293 5219
758 265 917 347 254

758 484 892 561 sed
929 484 1005 558 hi
1044 483 1274 558 variis
1314 506 1406 557 ex
1445 483 1714 574 causis,
1754 491 2042 575 metum,
2097 483 2455 573 favorem,
2496 490 2622 558 aut
2653 504 2888 579 spem
2929 481 3041 554 fu-

756 616 1081 683 turorum
1137 608 1471 683 honestis
1511 609 1966 703 argumentis
2027 608 2490 704 obtegebant
2532 632 2549 700 ;
2590 606 2829 705 pauci
2872 606 3042 703 qni·

757 736 894 809 bus
932 734 1244 809 libertas
1286 743 1360 809 et
1402 734 1608 810 salus
1628 735 1926 832 publiea
1963 735 2228 833 potior,
2255 734 2518 829 majori
2558 757 2650 809 ex
2670 742 2913 832 parte
2953 732 3033 805 in

758 883 904 957 qua
961 867 1124 943 erat
1180 859 1568 954 nobilitas,
1628 867 1703 936 et
1758 859 2077 957 plurima
2152 858 2539 934 multitudo
2596 867 3044 934 ceterorum

757 992 1078 1062 statuum
1117 986 1595 1061 assentiebat.
1673 986 1844 1062 Non
1900 986 2222 1079 defuere,
2286 986 2412 1083 qui
2449 984 3035 1060 Ferdinandum

758 1120 1308 1211 praeoptarent,
1347 1121 1595 1188 notum
1648 1112 1977 1203 militiae,
2044 1120 2118 1188 et
2170 1112 2246 1186 in
2282 1111 2485 1188 bello
2524 1119 2696 1186 ante
2738 1132 3043 1209 paucos

761 1261 1017 1328 annos,
1055 1247 1203 1313 tum
1262 1240 1673 1332 elementia,
1729 1238 2181 1315 liberalitate
2221 1247 2445 1336 atque
2482 1238 2930 1314 virtutibus.

972 1361 1367 1463 Absumpti
1421 1372 1591 1439 sunt
1628 1362 2059 1439 altercando
2133 1362 2342 1437 multi
2416 1362 2599 1452 dies,
2674 1362 3041 1460 potentia

763 1490 1101 1566 vincente
1162 1514 1473 1589 aequam
1535 1490 2021 1577 sententiam3
2077 1489 2463 1565 frendente
2526 1496 2786 1564 tamen
2848 1487 3042 1564 mul-

760 1617 1085 1692 titudine.
1162 1616 1793 1715 Archiepiseopus
1852 1615 2415 1711 strigoniensis,
2458 1614 2834 1690 Nicolaus
2877 1614 3045 1690 Zri-

760 1742 960 1834 nius,
1075 1741 1523 1817 Franciseus
1638 1741 2083 1840 Batthiany,
2196 1741 2506 1817 seeretis
2599 1740 3041 1840 principem

755 1867 1220 1952 ,sermonibus
1304 1863 1601 1960 hortati,
1643 1868 1844 1942 fama
1900 1876 2096 1959 erat,
2175 1864 2591 1959 Coronam,
2685 1866 3042 1964 regalia-

760 2016 903 2090 que
959 1993 1284 2089 insignia
1337 1994 1414 2068 in
1452 1994 1790 2069 manibus
1868 2015 2078 2090 esse;
2136 2018 2229 2069 ne
2303 1994 2788 2091 inauguratio
2872 2004 3031 2071 sta-

755 2120 884 2195 tim
960 2120 1114 2213 fiat,
1212 2145 1427 2218 quem
1511 2128 1769 2197 eontra
1860 2120 2262 2196 ausurum?
2376 2119 3039 2220 Archiepiseopus

758 2271 852 2322 ex
891 2245 1403 2322 sordidissimo
1443 2246 1628 2340 loeo,
1671 2253 1745 2320 et
1784 2246 2097 2321 valaeho
2149 2256 2360 2343 patre
2399 2254 2639 2342 natus,
2682 2247 2786 2320 ad
2828 2270 3035 2322 sum-

757 2395 950 2447 mum
1005 2370 1243 2447 loeum
1299 2371 1611 2447 aliorum
1650 2372 1818 2447 odio
1879 2379 2198 2465 evectus,
2257 2372 2917 2448 locumtenentiam
2961 2379 3040 2447 et

763 2498 1047 2595 regium
1104 2498 1432 2594 sigillum
1491 2498 1815 2574 retinere
1854 2497 2220 2574 studebat.
2279 2498 2493 2575 Haeo
2531 2500 2722 2574 enim
2768 2500 3037 2573 omnia

766 2647 1050 2699 summa
1088 2624 1334 2702 officia
1371 2625 1674 2701 tenebat
1732 2648 1894 2700 eum
1932 2625 2147 2720 gravi
2205 2627 2518 2702 omnium
2586 2627 3040 2712 offensione,

768 2750 964 2847 quod
1001 2752 1389 2828 multorum
1430 2751 1857 2846 dignitateS,
1917 2758 1990 2823 et
2027 2749 2193 2825 loea
2230 2751 2536 2848 indigne
2595 2760 3039 2849 oocuparet.

764 2874 1055 2950 Zrinius
1096 2876 1192 2951 ad
1230 2874 1710 2975 palatinalem
1750 2874 2205 2969 dignitatem,
2243 2875 2651 2973 Batthiany
2690 2877 2790 2951 ab
2836 2877 3037 2952 Mat-

761 3000 982 3078 thaeo
1040 3010 1113 3078 et
1161 3004 1515 3081 Ladislao
1557 3001 1813 3077 Sibrik
1872 3001 2228 3077 bonorum
2286 3025 2514 3078 eausa
2569 3003 3037 3099 postulatus,

763 3128 1098 3207 favorem
1118 3133 1401 3228 regium
1425 3130 1871 3206 ambiebant.
1896 3130 2042 3204 Hie
2064 3152 2241 3204 vero
2289 3153 2433 3227 quo
2472 3128 2596 3204 lex
2651 3131 3041 3227 perferre-

770 3261 907 3346 tur,
956 3280 1048 3330 ne
1087 3258 1433 3355 antiquae
1472 3279 1747 3332 causae
1768 3264 1938 3330 ante
1961 3255 2236 3331 obitum
2263 3255 2465 3351 regis
2487 3254 2855 3331 Ludoviei
2878 3279 3039 3331 mo·

762 3385 905 3473 tae,
953 3391 1080 3458 aut
1115 3384 1522 3460 movendae
1541 3384 1618 3458 in
1645 3383 2005 3481 judicium
2027 3382 2382 3457 venirent.
2425 3381 2734 3456 Perlata
2770 3390 3039 3458 tamen

763 3515 880 3580 est
935 3508 1058 3584 lex
1081 3511 1415 3585 certatim
1458 3509 1796 3587 omnibus
1839 3508 2363 3598 annitentibus,
2422 3516 2502 3582 ut
2539 3529 2797 3584 omnes
2861 3531 3039 3584 ean·

761 3654 892 3707 sae
950 3638 1478 3731 judicarentur,
1551 3636 1759 3711 nulla
1833 3635 2092 3712 habita
2149 3635 2437 3710 ratione
2513 3643 2639 3710 aut
2677 3635 3037 3709 differen-

758 3758 902 3854 τίεις
981 3762 1178 3857 quod
1218 3763 1340 3838 diu
1379 3771 1552 3839 ante
1595 3768 2046 3859 exoptatum,
2086 3761 2566 3859 praevalente
2644 3761 3039 3835 contraria

758 3883 1098 3981 faotione,
1141 3911 1450 3986 eamque
1521 3887 1858 3986 principe
1895 3888 2216 3977 fovente,
2274 3884 2657 3982 impetrari
2706 3906 2858 3960 non
2895 3908 3035 3983 po-

759 4015 916 4102 tuit,
1011 4013 1318 4090 Andrea
1370 4015 1730 4106 Batoreo,
1788 4016 1997 4109 eujus
2051 4035 2333 4087 summa
2392 4020 2555 4087 erat
2617 4011 3039 4088 auotoritas

763 4164 856 4215 ex
896 4140 1258 4237 dignitate
1287 4140 1559 4237 judicis
1599 4140 1875 4231 euriae,
1919 4139 2014 4213 ob
2057 4138 2345 4213 illatam
2384 4160 2618 4234 nuper
2655 4138 3036 4236 injuriam,

759 4274 835 4341 et
869 4273 1139 4341 metum
1177 4265 1388 4341 brevi
1426 4285 1741 4341 assensu
1801 4263 2055 4338 omnia
2094 4261 2582 4359 permittente.
2640 4262 3038 4338 Metuebat

758 4390 950 4467 enim
987 4414 1081 4467 ne
1138 4413 1350 4466 arces
1388 4400 1614 4489 atque
1671 4388 2130 4490 amplissima
2185 4387 2402 4479 bona,
2460 4409 2652 4483 quae
2713 4386 2913 4463 ultra
2958 4396 3037 4464 et

761 4515 950 4592 eitra
997 4515 1416 4594 Danubium
1507 4516 1873 4608 habebat,
1923 4515 2051 4591 ,ad
2130 4522 2475 4612 posteros
2529 4513 3035 4608 pervenirent,
