3293 5219
786 301 945 377 484

788 524 1020 590 morte
1078 515 1493 591 machaeris
1533 517 1858 591 cruentis
1899 539 2128 615 saepe
2167 518 2551 611 intentata,
2610 542 2830 595 aures
2868 527 3021 594 tan-

778 649 929 715 tum
968 644 1304 718 abscindi
1333 644 1583 738 jussit,
1625 652 1699 718 et
1737 644 1807 716 in
1850 652 2125 718 terram
2161 646 2578 743 prosterni3
2616 655 3019 743 prostrato·

781 788 922 861 qne
963 768 1295 842 convicia
1320 770 1601 863 jacere,
1664 775 1815 841 tum
1857 764 2235 842 Christum
2272 771 2724 845 salvatorem
2763 792 3020 868 expro-

779 891 1040 967 brare:
1080 893 1251 986 Ubi,
1293 894 1545 990 inquit,
1588 890 1988 967 Christus?
2047 917 2175 967 cur
2216 916 2360 968 non
2396 903 2469 968 te
2508 895 2786 992 eripit?
2846 894 3020 970 Inde

776 1015 852 1088 in
911 1025 1200 1092 ceteros
1260 1038 1549 1115 quoqne
1605 1016 1876 1091 milites
1935 1020 2099 1115 pari
2155 1018 2442 1094 ratione
2481 1019 2848 1094 saevitum
2886 1027 3014 1094 est.

776 1137 1149 1216 Postridie
1169 1141 1570 1240 Mustapha
1609 1141 1981 1215 civitatem
2024 1142 2296 1233 invisit,
2327 1150 2401 1217 et
2424 1142 2870 1241 Theupdum
2907 1143 3022 1218 ad-

775 1267 917 1343 huc
936 1268 1010 1341 in
1032 1266 1328 1342 civitate
1349 1274 1790 1341 remoratum
1813 1267 2215 1364 suspendit.
2233 1268 2818 1365 XVII.Augusti
2835 1266 3018 1365 (dies

774 1391 1093 1470 Veneris
1116 1400 1299 1483 erat,
1331 1392 1452 1489 qui
1474 1393 1712 1467 festus
1736 1392 2006 1466 Turcis
2026 1389 2368 1489 habetur)
2385 1394 2907 1489 Bragadenum
2927 1393 3016 1468 ad

771 1518 1226 1613 singularum
1246 1515 1412 1591 loca
1431 1516 2055 1615 oppugnationum
2077 1518 2567 1609 circumducit,
2582 1528 2656 1593 et
2673 1519 2751 1592 in
2772 1519 3013 1615 singu·

774 1642 869 1716 lis
909 1642 1123 1717 binas
1162 1643 1426 1716 corbes
1464 1650 1713 1717 terrae
1753 1663 2041 1718 sursum
2099 1666 2187 1716 ac
2245 1643 2587 1717 deorsum
2642 1645 2869 1736 ferre,
2945 1652 3014 1719 et

768 1768 1056 1863 quoties
1094 1789 1256 1841 eum
1292 1768 1752 1864 praeteriret⁷
1795 1775 2067 1842 terram
2104 1775 2561 1866 prostratum
2601 1769 3014 1845 deosculari

755 1894 991 1988 jubet.
1036 1893 1217 1966 Inde
1257 1893 1354 1968 ad
1391 1916 1591 1966 mare
1631 1892 2005 1985 deductus,
2056 1901 2130 1968 et
2163 1895 2240 1967 in
2281 1895 2543 1969 sellam
2583 1896 3005 1986 collocatus,

763 2017 861 2090 ad
912 2018 1334 2115 praetoriae
1427 2028 1815 2093 antennam
1910 2026 2290 2113 attractus,
2365 2027 2439 2094 et
2514 2020 2590 2094 in
2630 2028 3007 2118 spectacu-

764 2142 910 2216 lum
967 2150 1379 2218 ostentatus
1449 2151 1580 2216 est.
1676 2142 2074 2218 Retractus
2131 2139 2299 2216 hinc
2356 2143 2431 2216 in
2481 2144 2717 2217 forum
2776 2144 3004 2241 publi-

765 2289 945 2358 cum,
1003 2268 1389 2365 spoliatus,
1442 2275 1515 2340 et
1584 2270 1755 2363 palo
1795 2268 2040 2341 ferreo
2079 2268 2449 2362 alligatus,
2490 2267 2747 2342 mirum
2791 2291 3002 2364 qnam

760 2393 1174 2484 crudeliter,
1198 2400 1272 2468 et
1293 2393 1490 2466 dictu
1511 2414 1800 2488 quoque
1820 2392 2431 2489 immane‚pellem
2453 2390 2866 2466 detraxere:
2889 2391 3003 2466 de-

758 2527 1070 2594 tractam
1113 2519 1463 2594 stramine
1501 2519 1924 2615 opplevere,
1965 2524 2039 2590 et
2086 2516 2183 2590 ad
2240 2517 2556 2591 triremis
2616 2526 3000 2592 antennam

756 2649 1143 2745 alligatam
1216 2672 1350 2746 per
1424 2667 1678 2720 omnes
1763 2654 2019 2743 portus
2096 2642 2364 2741 Syriae
2439 2645 2995 2720 circumductam

752 2781 1239 2849 ostentavere.
1313 2774 1485 2866 Ipse
1542 2794 1721 2845 vero
1779 2770 2374 2845 constantissimo
2413 2779 2635 2867 atque
2681 2770 2987 2844 infracto

757 2898 1018 2988 animo,
1058 2897 1533 2970 violationem
1571 2896 1878 2993 primum
1921 2894 2092 2969 fidei
2134 2897 2541 2991 objectans,
2603 2894 2866 2969 deinde
2903 2893 2994 2967 ad

755 3022 1104 3119 pietatem
1144 3022 1611 3117 compositus,
1634 3020 1732 3095 ad
1755 3019 1994 3094 Deum
2032 3042 2293 3117 preces
2334 3020 2734 3110 effundens,
2754 3018 2993 3093 fortis-

756 3147 939 3220 sime
999 3145 1095 3219 ad
1150 3144 1476 3220 ultimum
1532 3166 1768 3240 usque
1807 3145 2144 3241 spiritum
2183 3166 2435 3218 omnes
2474 3145 2846 3219 cruciatus
2884 3164 2994 3216 su-

753 3270 1043 3368 peravit
1082 3297 1098 3341 :
1139 3270 1454 3366 optimus
1495 3267 1703 3359 civis,
1746 3268 2190 3342 fortissimus
2228 3267 2480 3356 miles,
2538 3266 2990 3364 sapientissi-

753 3418 913 3470 mus
953 3396 1121 3470 dux.
1183 3392 1480 3469 Summa
1519 3392 1838 3469 omnium
1895 3390 2210 3467 hostium
2259 3392 2491 3467 millia
2546 3389 2675 3465 OC
2734 3390 2992 3465 consti-

749 3521 1060 3612 tuebat3
1120 3542 1212 3593 ex
1269 3518 1409 3609 his,
1473 3518 1595 3614 qui
1651 3518 1726 3590 in
1764 3518 2153 3616 stipendiis
2192 3517 2628 3609 militabant,
2686 3516 2983 3590 LXXX

750 3644 1001 3730 millia,
1058 3645 1229 3717 item
1276 3642 1802 3738 Janiciarorum
1855 3665 1948 3716 ex
1988 3641 2195 3733 Asia,
2253 3640 2477 3738 Syria
2513 3650 2587 3716 et
2629 3639 2985 3717 Constan-

743 3768 1054 3865 tinopoli
1111 3767 1577 3842 deductorum
1654 3767 1847 3842 XIV
1884 3767 2133 3857 millia,
2208 3767 2785 3842 voluntariorum
2823 3768 2984 3852 LX,

755 3913 1056 3987 qnorum
1151 3899 1359 3966 tanta
1478 3891 1693 3987 copia
1777 3889 2232 3966 confluxerat
2269 3946 2284 3982 ,
2412 3892 2605 3986 qnod
2714 3891 2984 3966 Masta-

741 4017 891 4114 pha
964 4018 1387 4111 divulgarat
1452 4014 2036 4110 Famaugustam
2114 4013 2672 4091 incredibilibus
2714 4016 2975 4112 opibus

742 4142 963 4237 longe
1020 4141 1397 4215 Nicosiam
1455 4139 1844 4215 excellere.
1930 4140 2215 4214 Diebus
2264 4139 2564 4216 LXXV
2613 4137 2756 4237 (tot
2791 4140 2977 4214 enim

744 4266 902 4339 dies
959 4266 1553 4364 oppugnationes
1611 4267 1930 4359 majores
1970 4259 2449 4359 duraverant)
2489 4263 2802 4360 pilarum
2839 4264 2978 4337 fer-

738 4413 1028 4465 rearum
1065 4391 1297 4465 millia
1334 4391 1866 4487 quinquaginta
1906 4411 2133 4485 supra
2171 4397 2459 4463 centum
2485 4391 2583 4464 ab
2605 4411 2976 4486 oppugna-
