3293 5219
706 309 812 387 44

708 528 819 621 cii,
886 528 1282 629 amputatis
1338 527 1697 603 ambobus
1735 526 2047 625 pedibus
2086 526 2159 601 in
2208 526 2393 626 ipsis
2433 528 2790 621 cruribus,
2831 527 2954 602 diu

704 658 780 733 in
817 656 980 756 ipso
1021 678 1279 731 cruore
1318 655 1566 729 saevis
1624 653 2075 730 cruciatibus
2131 656 2624 731 miserandum
2688 656 2763 729 in
2804 677 2954 731 mo·

707 783 873 859 dum
933 785 1303 857 volutatus
1342 788 1477 871 est,
1553 787 1627 855 et
1664 779 2095 855 lentitudine
2152 780 2411 854 mortis
2467 781 2764 856 dolores
2823 804 2946 856 au-

705 914 947 1006 gente,
1005 908 1298 983 obvium
1357 929 1715 1004 quemque
1772 910 1899 979 aut
1947 903 2513 982 remotissimum
2556 929 2803 997 orans,
2871 892 2953 981 ut

704 1036 1186 1113 miserrimam
1246 1033 1563 1108 animam
1620 1031 1849 1108 tantis
1900 1031 2283 1106 tormentis
2323 1033 2522 1108 ferro
2563 1034 2956 1132 eriperent,

710 1161 950 1261 capite
1011 1160 1350 1260 privatus
1406 1158 1562 1234 fuit.
1664 1156 2047 1257 Stephano
2104 1158 2474 1235 Losoncio
2532 1159 2837 1257 antiqua
2875 1165 2953 1232 et

706 1286 1021 1363 illustris
1060 1284 1344 1360 familia
1383 1289 1566 1374 erat,
1589 1307 1775 1359 unus
1811 1291 1983 1383 post
2005 1282 2417 1381 Georgium
2457 1291 2667 1360 tanta
2696 1293 2952 1368 ‚aucto-

703 1413 922 1489 ritate
960 1421 1183 1510 atque
1221 1411 1634 1511 prudentia,
1657 1418 1736 1486 ut
1754 1410 2082 1489 inclusus
2123 1412 2187 1487 si
2223 1435 2370 1487 non
2408 1413 2692 1504 fuisset,
2734 1434 2949 1510 opem

699 1545 986 1618 laturus
1025 1542 1258 1618 fuisse
1298 1540 1633 1616 obsessis
1673 1540 2117 1615 crederetur.
2177 1541 2390 1617 Uxor
2445 1538 2664 1616 Anna
2703 1538 2949 1630 Pecri,

702 1669 898 1770 apud
938 1668 1368 1745 Ladislaum
1392 1667 1703 1764 Orzagh
1742 1667 1816 1742 in
1856 1668 2317 1744 matrimonio
2355 1667 2636 1760 habita,
2680 1692 2770 1742 ex
2803 1690 2953 1766 qua

697 1794 894 1870 filias
930 1801 1210 1870 tantum
1252 1793 1615 1892 suscepit,
1674 1817 1843 1867 nam
1881 1794 2120 1869 virilis
2160 1795 2462 1870 seminis
2499 1817 2835 1894 propago
2871 1792 2949 1867 in

696 1923 862 2022 ipso
920 1921 1207 1996 defecit.
1283 1921 1600 2020 Lippam
1659 1920 2070 2011 civitatem,
2132 1944 2523 2019 arcemque
2580 1918 2947 2020 Solymos,

699 2049 1116 2125 Bernaldus
1169 2047 1467 2122 Aldana
1521 2047 1883 2147 hispanus
1925 2047 2343 2139 obtinebat,
2402 2048 2693 2146 magnis
2731 2069 2946 2146 prae-

700 2175 933 2267 sidiis,
971 2176 1514 2268 munitionibus,
1555 2176 1803 2270 armis,
1847 2183 2269 2267 commeatu,
2291 2176 2566 2275 optime
2604 2198 2740 2273 per
2759 2170 2948 2249 Ger-

701 2324 956 2379 manos
996 2304 1347 2378 firmatas.
1388 2301 1538 2378 Sed
1574 2301 1692 2377 cui
1727 2301 2071 2401 pudenda
2108 2302 2348 2395 salus,
2387 2325 2604 2400 quam
2644 2300 2947 2377 laudata

697 2431 934 2507 virtus
991 2430 1475 2528 militarisque
1533 2430 1778 2527 gloria
1836 2438 2041 2505 esset
2080 2430 2344 2505 carior.
2403 2430 2550 2505 Vix
2590 2429 2780 2506 enim
2820 2452 2944 2504 ex-

696 2564 1025 2657 pugnato
1068 2559 1526 2635 Temesvaro
1549 2615 1565 2648 ‚
1623 2563 2011 2655 utramque
2052 2581 2211 2633 cum
2254 2557 2591 2633 omnibus
2627 2564 2944 2635 tormen-

694 2686 813 2777 tis,
852 2692 1297 2776 commeatu,
1345 2683 1761 2781 ceterisque
1792 2685 2276 2783 apparatibus
2314 2684 2759 2782 incorruptis
2782 2741 2799 2776 ,
2836 2683 2943 2757 in-

693 2810 1074 2908 tegrisque
1131 2811 1237 2885 ita
1307 2816 1388 2885 ut
1445 2816 1713 2900 erant,
1753 2809 2078 2886 deseruit
2112 2810 2455 2886 hostibus
2493 2811 2942 2909 occupanda.

690 2936 959 3012 Tantis
997 2933 1546 3014 calamitatibus
1586 2936 1928 3011 Andreas
1967 2937 2250 3012 Bathor
2313 2945 2388 3013 et
2422 2937 2477 3015 ‚J
2480 2958 2759 3012 oannes
2796 2936 2940 3012 Ba·

691 3063 921 3162 ptista
961 3061 1366 3139 Castaldus
1408 3061 1591 3138 nihil
1629 3063 1867 3138 miuus
1905 3064 2259 3155 fecerunt,
2282 3085 2499 3162 quam
2538 3071 2618 3138 ut
2650 3062 2939 3139 hostem

688 3189 1167 3289 impedirent:
1208 3214 1368 3267 cum
1409 3187 1787 3287 Georgius
1826 3190 2179 3266 citissime
2217 3190 2447 3291 priori
2487 3190 2685 3265 bello
2724 3212 2938 3265 sexa-

684 3315 896 3413 ginta
914 3313 1280 3391 hominum
1302 3315 1535 3392 millia
1575 3340 1666 3391 ex
1689 3315 2266 3393 Transsilvania
2300 3316 2376 3392 in
2396 3315 2935 3414 expeditionem

692 3442 1050 3520 duxisset.
1110 3439 1619 3519 Consultatum
1659 3449 1907 3519 tamen
1947 3468 2082 3544 per
2120 3467 2251 3520 eos
2292 3451 2443 3536 est,
2484 3444 2549 3518 si
2588 3440 2825 3519 hostis
2860 3445 2937 3519 in

696 3570 1342 3647 Transsilvaniam
1363 3595 1570 3647 arma
1589 3580 2078 3663 converteret,
2102 3572 2276 3670 quid
2313 3572 2507 3648 foret
2546 3572 2937 3668 agendum.

685 3695 1047 3775 Castaldo
1103 3696 1383 3797 placuit
1438 3695 1806 3775 Cibinium
1856 3699 2237 3798 praesidia
2291 3698 2535 3773 omnia
2572 3698 2933 3792 contrahi,

678 3970 790 4030 tur,
829 3984 863 4017 a
899 3966 1088 4020 Cazon
1131 3979 1309 4034 passa
1345 3963 1617 4021 dimissus
1657 3964 1788 4020 fuit.
1851 3965 2096 4021 Demum
2133 3965 2242 4022 hoc
2281 3965 2448 4020 modo
2488 3964 2932 4023 excarnificatus

675 4054 735 4108 in
775 4054 1092 4112 Temesvar
1131 4052 1342 4125 periit:
1380 4054 1513 4110 ideo
1568 4054 1723 4127 quod
1780 4071 1910 4112 eum
1948 4054 2180 4113 cuidam
2217 4055 2371 4128 bego
2409 4056 2736 4113 silistriensi
2759 4098 2774 4127 ,
2832 4056 2935 4128 qui

678 4146 813 4200 dum
850 4143 1196 4200 christianus
1234 4151 1409 4212 esset,
1449 4144 1735 4202 valaehus
1773 4161 1990 4218 genere
2013 4186 2027 4214 ‚
2071 4145 2155 4201 illi
2194 4151 2384 4215 notus,
2411 4154 2473 4202 et
2497 4148 2782 4219 sanguine
2800 4148 2933 4216 jun·

677 4241 808 4290 etus
847 4241 992 4302 erat,
1033 4235 1454 4306 supplicasset,
1514 4240 1574 4292 ut
1609 4253 1674 4292 se
1715 4238 2026 4307 liberaret,
2062 4243 2235 4309 atque
2275 4237 2324 4292 is
2362 4244 2561 4310 partes
2598 4255 2733 4295 suas
2772 4237 2929 4309 apud

686 4324 906 4379 Amhat
960 4339 1194 4395 passam
1247 4325 1709 4396 interposuisset,
1773 4326 2006 4393 addens,
2063 4327 2217 4399 quod
2274 4326 2323 4382 si
2382 4334 2592 4398 sponte
2629 4327 2923 4383 dimittere

677 4413 875 4482 nollet,
914 4413 1085 4468 etiam
1127 4411 1202 4467 ab
1240 4413 1589 4485 imperatore
1630 4432 1759 4472 eum
1795 4415 2208 4487 impetraturus
2247 4420 2443 4472 esset:
2481 4431 2660 4487 passa
2696 4417 2807 4473 hoe
2844 4415 2928 4471 di·

676 4507 772 4559 eto
809 4503 918 4557 sibi
956 4500 1081 4558 fieri
1121 4502 1389 4572 injuriam
1431 4505 1803 4575 existimans,
1860 4522 1989 4562 eum
2038 4504 2214 4573 jussit
2270 4506 2550 4564 trunonis
2589 4505 2830 4578 pedibus
2868 4515 2931 4563 et

672 4593 941 4655 manibus
978 4592 1230 4651 barbara
1268 4595 1618 4653 crudelitate
1656 4595 1924 4652 interfici.
