3293 5219
2354 316 2516 394 213

249 528 544 624 pedites
584 532 658 600 et
697 526 1004 622 equites,
1045 527 1221 600 item
1279 527 1648 601 classiarii
1704 553 1848 604 uno
1886 539 2216 625 tempore
2255 555 2508 607 succe-

251 656 455 730 dunt.
493 652 824 728 Alvarus
865 653 1135 729 milites
1175 653 1638 746 hortabatur,
1700 663 1773 731 et
1809 655 2120 752 primum
2161 659 2514 734 alacriter

239 781 616 880 praelium
675 780 1218 876 capessebant;
1277 780 1535 853 hostes
1597 803 1795 868 vero,
1858 783 2033 877 quia
2090 806 2181 857 ex
2228 785 2505 859 vexillo

240 904 593 1005 praefixo
668 904 1007 980 inducias
1083 904 1607 999 intelligebant
1684 927 1876 993 esse,
1953 908 2044 982 ad
2124 911 2512 986 castellum

244 1056 489 1130 prope
531 1031 994 1106 accedebant
1033 1038 1106 1106 et
1201 1031 1487 1127 equites
1548 1039 1621 1105 et
1659 1033 1969 1128 pedites,
2013 1058 2101 1108 ac
2138 1059 2297 1109 cum
2338 1059 2500 1112 sca-

243 1158 417 1258 phis
477 1157 968 1253 lintribusque
1048 1157 1581 1231 descendentes
1639 1157 1799 1231 sine
1846 1159 2370 1256 impedimento
2413 1163 2510 1236 ad

244 1310 481 1363 naves
539 1286 1080 1385 oppugnandas
1132 1285 1842 1383 proficiscebantur;
1918 1312 2063 1384 qua
2120 1313 2213 1363 ex
2251 1315 2333 1365 re
2375 1287 2505 1364 Al-

243 1435 472 1487 varus
535 1420 608 1487 et
645 1410 918 1486 milites
987 1412 1580 1487 animadvertunt
1636 1412 2174 1510 praesidiarios
2216 1418 2506 1492 castelli

243 1538 342 1611 ad
399 1538 843 1613 deditionem
883 1538 1201 1613 venisse.
1244 1538 1437 1615 Turn
1479 1539 1752 1613 milites
1812 1540 2129 1614 animum
2187 1541 2506 1638 despon-

244 1664 446 1757 dere,
506 1672 579 1740 et
633 1665 707 1739 in
765 1688 964 1739 mare
1022 1686 1192 1740 sese
1230 1666 1762 1762 praecipitare,
1810 1666 1907 1739 ad
1947 1666 2255 1761 triginta
2292 1668 2507 1742 modo

240 1815 404 1867 cum
444 1790 727 1866 Alvaro
765 1790 1361 1888 persistentibus.
1385 1793 1650 1887 Itaque
1669 1792 2047 1888 praecipui
2090 1793 2317 1890 aliqui
2367 1794 2495 1870 ho-

247 1919 472 1994 stium
511 1925 766 1993 vetare
807 1925 1208 2015 coeperunt
1267 1918 1802 1992 multitudinem
1848 1919 2342 2015 promiscuam
2381 1948 2503 1999 ac·-

240 2047 506 2121 cedere
550 2044 644 2119 ad
680 2067 936 2136 naves,
978 2069 1070 2119 ne
1108 2045 1184 2118 in
1225 2045 1716 2141 direptionem
1756 2045 2126 2120 cederent.
2173 2045 2500 2137 Quorum

238 2196 435 2247 unus
531 2172 867 2245 Dramux
943 2167 1210 2245 Arrais
1269 2171 1515 2268 patria
1584 2171 1987 2265 genuensis
2045 2195 2205 2247 cum
2280 2176 2499 2252 lintre

237 2321 475 2397 prope
531 2298 917 2387 accedens,
997 2304 1078 2372 ut
1135 2297 1281 2371 sibi
1339 2321 1421 2372 se
1479 2297 1751 2372 dedere
1810 2299 2066 2372 mallet
2105 2320 2321 2393 quam
2367 2302 2494 2377 de-

240 2434 484 2500 sertus
544 2432 618 2499 et
656 2425 862 2499 solus
966 2446 1382 2521 supremam
1455 2426 1824 2500 fortunam
1883 2429 2365 2519 exspectare,
2424 2436 2498 2503 et

238 2575 372 2650 per
411 2552 596 2627 vilia
650 2551 1021 2649 mancipia
1042 2551 1345 2627 exitium
1387 2552 1685 2642 habere,
1744 2557 2051 2649 peteret,
2094 2571 2176 2624 se
2225 2553 2497 2630 dedere

236 2680 566 2776 negavit,
609 2700 860 2753 verum
901 2677 996 2752 ad
1052 2679 1356 2753 bassam
1414 2702 1663 2753 secum
1700 2686 2110 2764 venturum,
2153 2679 2218 2753 si
2255 2680 2330 2754 id
2368 2682 2495 2755 bo·

239 2831 334 2880 na
371 2804 520 2879 fide
557 2802 1078 2902 polliceretur3
1121 2827 1263 2902 quo
1322 2803 1821 2894 confirmante,
1860 2805 1957 2878 ad
1997 2807 2306 2880 bassam
2346 2830 2494 2882 una

238 2933 395 3025 ivit,
437 2955 652 3030 quem
690 2931 818 3006 ille
877 2930 1140 3006 sedere
1170 2934 1460 3027 jussum
1531 2928 1935 3006 honorifice
1992 2932 2365 3026 tractavit,
2423 2940 2496 3008 et

238 3058 574 3133 vestibus
634 3057 961 3133 donavit.
1005 3056 1292 3154 Legati,
1356 3059 1481 3154 qui
1521 3058 1616 3132 ad
1674 3058 2194 3155 paciscendum
2244 3060 2490 3133 exive-

236 3193 424 3275 rant,
467 3185 559 3258 de
601 3184 756 3259 suis
794 3190 1079 3259 tantum
1101 3184 1444 3280 personis
1466 3183 1671 3281 pacti
1694 3190 1882 3276 sunt,
1923 3189 1995 3257 et
2036 3183 2147 3257 eis
2186 3191 2491 3259 servata

238 3318 350 3385 est
381 3310 610 3404 fides3
651 3332 906 3383 verum
942 3310 1018 3382 in
1059 3331 1434 3384 commune
1454 3311 1862 3385 retulerant
1917 3308 2254 3384 omnibus
2293 3309 2491 3383 salu-

233 3444 380 3511 tem
421 3457 590 3510 esse
637 3442 955 3532 pactam.
1030 3433 1224 3509 Piali
1298 3436 1530 3509 bassa
1602 3435 1989 3508 castellum
2048 3433 2499 3531 depraedan-

239 3561 402 3637 dum
459 3560 818 3635 militibus
911 3559 1129 3651 dedit,
1188 3567 1261 3634 et
1317 3582 1569 3633 omnes
1624 3560 1701 3633 in
1769 3579 1856 3632 eo
1934 3557 2213 3655 reperti
2264 3558 2490 3632 occisi

240 3695 446 3772 sunt3
505 3693 809 3782 postero
865 3665 1045 3758 vero
1123 3685 1262 3778 die,
1307 3686 1431 3781 qui
1487 3686 1683 3759 sein
1724 3707 1969 3758 arcem
2025 3691 2351 3759 veterem
2388 3684 2493 3757 in-

242 3815 637 3903 cluserant,
675 3820 755 3886 ut
794 3820 956 3886 erat
975 3813 1461 3904 commissum,
1504 3810 1655 3885 vivi
1691 3811 1766 3884 in
1807 3813 2237 3885 servitutem
2294 3833 2493 3885 man-

237 3939 480 4039 cipati.
560 3936 753 4012 Piali
827 3944 1134 4035 recepta
1189 3936 1437 4012 insula
1487 3938 1564 4011 in
1655 3935 1984 4010 Africam
2040 3935 2359 4033 trajecit,
2420 3942 2494 4010 et

237 4065 596 4160 quosdam
665 4064 972 4139 Mauros
1052 4064 1143 4138 de
1222 4064 1561 4160 Tagiora
1635 4062 2151 4137 inobedientes
2209 4062 2285 4135 in
2359 4084 2485 4158 po-

233 4199 579 4269 testatem
633 4192 942 4288 redegit.
986 4191 1282 4267 Arabes
1322 4200 1566 4267 autem
1603 4192 1681 4265 in
1721 4188 2162 4265 deditionem
2220 4189 2481 4286 co'egit.

237 4318 432 4393 Hinc
506 4340 856 4394 reversus
931 4342 1067 4414 per
1140 4318 1494 4410 Melitam,
1563 4318 1761 4392 intra
1824 4319 2106 4412 jactum
2180 4315 2483 4410 majoris

237 4444 580 4519 tormenti
640 4443 1054 4518 abscedens
1166 4466 1374 4518 oram
1432 4441 1735 4518 Siciliae
1793 4450 1868 4518 et
1924 4439 2323 4518 Calabriae
2386 4443 2492 4517 le·
