3293 5219
808 290 964 373 370

806 515 1040 612 copiis
1122 513 1677 611 Adrianopolim
1719 514 2176 608 promovisse.
2254 511 2613 586 sciebant.
2691 510 3027 586 Albcrtus

803 667 892 717 ex
933 642 1276 716 mandato
1353 642 1684 716 caesaris
1761 642 2002 714 omnia
2039 640 2433 738 pollicitus,
2474 649 2548 716 et
2584 640 2872 715 bellum
2908 642 3018 716 de·

800 776 1169 867 precatus.
1245 768 1704 843 Mehemetus
1796 766 2191 865 primarius
2287 767 2604 841 vezirius
2679 768 3016 842 conviciis

798 895 1239 995 probrisque
1275 894 1513 993 ipsum
1571 902 1644 967 et
1683 916 2061 968 caesarem
2117 892 2539 986 insectatur,
2605 893 2804 989 quod
2840 893 3022 968 mala

762 1022 941 1097 “fide
980 1030 1055 1097 et
1094 1021 1261 1094 dolo
1299 1020 1636 1094 inducias
1677 1020 2091 1117 petiissent3
2153 1020 2596 1117 mandatque
2637 1028 2718 1094 ut
2756 1018 3033 1095 Sacma·

797 1173 955 1223 rum
1015 1154 1233 1243 atque
1310 1145 1670 1220 Tocaium
1705 1146 2029 1221 Johanni
2105 1146 2586 1221 restituantur
2618 1204 2633 1239 ‚
2712 1153 3032 1222 oratores

800 1276 994 1350 intra
1033 1282 1313 1347 certam
1354 1272 1543 1347 diem
1585 1296 1744 1346 cum
1782 1274 2056 1347 tributo
2099 1274 2392 1358 adsint3
2449 1274 2566 1347 his
2625 1274 3036 1348 conditioni-

798 1405 934 1477 bus
1012 1399 1359 1475 Selimum
1426 1407 1937 1473 revocaturum
2039 1400 2463 1481 exercitum,
2540 1408 2615 1473 et
2709 1401 2761 1476 J
2767 1398 3028 1475 ohanni

796 1529 1257 1626 scripturum,
1349 1550 1441 1601 ne
1551 1524 1825 1601 bellum
1899 1526 2211 1601 ulterius
2322 1536 2775 1625 promoveat.
2871 1525 3032 1617 Qni-

789 1660 925 1731 bus
964 1654 1327 1731 mandatis
1365 1674 1621 1728 cursor
1659 1654 1754 1726 ad
1795 1674 2755 1728 caesarem-cum.reversus
2812 1661 3033 1747 esset,

793 1788 999 1857 tanta
1035 1782 1147 1855 ira
1205 1780 1488 1854 exarsit
1507 1774 1593 1875 ³⁸),
1653 1786 1733 1853 ut
1772 1779 2022 1854 decem
2096 1779 2256 1854 dies
2298 1780 2508 1853 domo
2585 1779 2860 1877 pedem
2885 1802 3023 1853 non

794 1906 1486 1994 extuleritmorbum
1523 1904 1958 1978 simulando.
1983 1901 2296 1978 Selimus
2339 1912 2581 1980 autem
2620 1905 2715 1980 ad
2752 1906 2804 1981 J
2810 1904 3022 1979 ohan-

794 2058 958 2109 nem
996 2036 1318 2130 legatum
1394 2033 1633 2125 mittit,
1692 2040 2082 2128 monetque
2156 2039 2234 2106 ut
2308 2033 2508 2107 bello
2546 2033 3031 2130 promovendo

792 2162 1182 2236 abstineat.
1239 2159 1626 2237 Johanues
1668 2181 1848 2256 ergo
1890 2159 2145 2249 victor,
2210 2167 2475 2257 pacato
2550 2160 2880 2234 exercitu
2919 2159 3032 2233 do·

791 2312 982 2364 mum
1019 2286 1434 2363 revertitur.
1478 2283 1628 2359 Sed
1670 2309 1937 2360 caesar
1980 2286 2263 2360 amissa
2302 2286 2552 2383 ampla
2592 2287 2888 2379 ditione‚
2924 2310 3034 2361 no·

790 2438 954 2491 vem
993 2424 1216 2511 atque
1256 2414 1505 2488 decem
1546 2412 1900 2505 castellis,
1962 2411 2254 2510 oppidis
2294 2421 2516 2510 atque
2555 2413 2860 2487 arcibus
2921 2420 3033 2487 aut

790 2540 1064 2617 excisis
1123 2547 1248 2616 aut
1297 2539 1554 2636 captis,
1633 2545 1740 2612 tot
1802 2539 2122 2614 millibus
2199 2541 2467 2638 partim
2544 2540 2810 2638 captis,
2876 2563 3032 2638 par-

789 2670 916 2744 tim
938 2668 1740 2765 trucidatis3proventu,
1766 2690 1978 2763 quem
2000 2668 2395 2742 maximum
2443 2692 2536 2744 ex
2550 2669 2853 2743 mineris
2891 2661 3030 2743 auri

793 2804 867 2871 et
908 2792 1200 2890 argenti
1238 2799 1693 2889 speraverat,
1734 2792 2093 2888 privatus,
2116 2801 2459 2867 evastata
2498 2794 2815 2890 denique
2854 2793 3030 2868 omni

790 2921 1187 3022 Superiore
1228 2919 1569 3017 Ungaria
1610 2928 1838 3016 quota
1864 2943 1977 2993 me
2016 2920 2318 2995 hercule
2338 2944 2517 3018 pars
2548 2920 2813 2997 horum
2833 2927 3029 2997 erunt

789 3049 1202 3125 Zadvarum
1241 3057 1316 3123 et
1351 3048 1754 3123 Mucacium
1768 3043 1900 3146 **).
1943 3047 2154 3123 Haec
2194 3071 2375 3144 ergo
2433 3050 2531 3124 ad
2565 3073 2804 3147 usque
2843 3072 3026 3125 men-

791 3198 945 3251 sem
985 3177 1037 3252 J
1041 3175 1286 3250 unium
1325 3174 1429 3248 ita
1469 3180 1638 3248 acta
1677 3182 1865 3249 sunt.

1003 3300 1149 3375 Per
1187 3301 1379 3376 idem
1416 3307 1704 3398 tempus
1745 3300 1819 3375 in
1861 3297 2271 3376 Germania
2329 3303 2606 3378 bellum
2647 3300 2868 3376 civile
2918 3325 3028 3399 ge-

791 3434 979 3503 stum
1018 3436 1151 3503 est.
1195 3426 1282 3501 Id
1320 3427 1429 3500 sic
1468 3449 1551 3501 se
1588 3427 1841 3502 habet:
1883 3429 2096 3520 Bello
2138 3429 2619 3505 smalcaldico
2660 3431 3028 3505 vircebur-

790 3553 1043 3651 gensis
1059 3552 1451 3650 episcopus
1464 3561 1958 3649 occupaverat
1971 3577 2217 3629 arcem
2240 3557 2676 3653 atquebona
2687 3553 3027 3633 vilhelmi

789 3677 1261 3777 Crumpachii
1316 3678 1391 3752 in
1436 3677 1710 3753 ditione
1751 3702 1886 3753 sua
1926 3677 2367 3775 Franconia,
2412 3682 2609 3778 quod
2646 3683 2725 3757 in
2766 3681 3025 3757 castris

787 3805 1444 3883 Smalcaldensium
1461 3812 1718 3880 contra
1733 3805 2080 3881 Carolum
2096 3808 2185 3883 V.
2205 3808 2726 3907 imperatorem
2739 3809 3027 3884 militas·

786 3940 922 4007 set.
965 3935 1224 4030 Itaque
1262 3932 1329 4006 is
1370 3930 1764 4030 episcopus
1805 3933 2062 4031 paucis
2101 3943 2277 4031 post
2316 3936 2554 4032 annis,
2595 3936 2794 4033 quod
2834 3959 2921 4010 ea
2956 3957 3026 4007 re

783 4057 1113 4134 inimicos
1152 4059 1296 4134 sibi
1354 4067 1880 4156 comparasset,
1944 4081 2103 4132 cum
2163 4084 2253 4134 ex
2316 4060 2616 4137 civitate
2654 4062 2733 4136 in
2798 4084 3027 4137 arcem

992 4325 1051 4390 Ἰ’)
1096 4322 1361 4396 Fon-gach
1388 4326 1444 4380 S.
1466 4327 1776 4399 jegyzete:
1817 4327 1959 4382 Nem
2014 4329 2181 4399 „ira“‚
2234 4329 2441 4386 hanem
2489 4330 2673 4386 banat
2702 4333 2840 4389 volt.
2874 4332 3028 4387 vana

786 4418 874 4468 est
903 4416 1026 4470 sine
1056 4416 1271 4473 viribus
1300 4417 1404 4471 ira.

996 4501 1094 4570 Η)
1140 4503 1405 4578 For-gach
1433 4504 1490 4561 S.
1514 4510 1824 4580 jegyzete:
1868 4508 2188 4568 Zadvardrt
2241 4529 2376 4567 nem
2405 4512 2606 4567 leszen
2651 4511 2790 4568 vala
2822 4512 3022 4570 semmi,

791 4591 927 4644 csak
954 4591 1301 4649 Munkacsra
1342 4613 1413 4648 ne
1442 4597 1730 4669 mogyiink
1762 4599 1913 4654 vala.
