<?xml version="1.0" encoding="UTF-8"?>
<!DOCTYPE html PUBLIC "-//W3C//DTD XHTML 1.0 Transitional//EN"
    "http://www.w3.org/TR/xhtml1/DTD/xhtml1-transitional.dtd">
<html xmlns="http://www.w3.org/1999/xhtml" xml:lang="en" lang="en">
 <head>
  <title>
</title>
<meta http-equiv="Content-Type" content="text/html;charset=utf-8" />
  <meta name='ocr-system' content='tesseract 3.04.00' />
  <meta name='ocr-capabilities' content='ocr_page ocr_carea ocr_par ocr_line ocrx_word'/>
</head>
<body>
  <div class='ocr_page' id='page_1' title='image "./magyarhistorija00bpgoog/magyarhistorija00bpgoog_0370.png"; bbox 0 0 3293 5219; ppageno 0'>
   <div class='ocr_carea' id='block_1_1' title="bbox 780 307 936 390">
    <p class='ocr_par' dir='ltr' id='par_1_1' title="bbox 780 307 936 390">
     <span class='ocr_line' id='line_1_1' title="bbox 780 307 936 390; baseline -0.006 -1"><span class='ocrx_word' id='word_1_1' title='bbox 780 307 936 390; x_wconf 81' lang='lat'>252</span> 
     </span>
    </p>
   </div>
   <div class='ocr_carea' id='block_1_2' title="bbox 758 527 3023 4520">
    <p class='ocr_par' dir='ltr' id='par_1_2' title="bbox 758 527 3023 4520">
     <span class='ocr_line' id='line_1_2' title="bbox 767 527 3017 629; baseline 0.002 -29"><span class='ocrx_word' id='word_1_2' title='bbox 767 527 907 604; x_wconf 90' lang='lat' dir='ltr'>boc</span> <span class='ocrx_word' id='word_1_3' title='bbox 962 530 1328 605; x_wconf 85' lang='lat' dir='ltr'>vinculum</span> <span class='ocrx_word' id='word_1_4' title='bbox 1386 530 1797 621; x_wconf 86' lang='lat' dir='ltr'>charitatis,</span> <span class='ocrx_word' id='word_1_5' title='bbox 1857 541 1929 607; x_wconf 89' lang='lat' dir='ltr'>et</span> <span class='ocrx_word' id='word_1_6' title='bbox 1986 532 2558 608; x_wconf 78' lang='lat' dir='ltr'><strong>stabilimentum</strong></span> <span class='ocrx_word' id='word_1_7' title='bbox 2597 530 2810 629; x_wconf 86' lang='lat' dir='ltr'>pacis</span> <span class='ocrx_word' id='word_1_8' title='bbox 2850 553 3017 627; x_wconf 87' lang='lat' dir='ltr'>per-</span> 
     </span>
     <span class='ocr_line' id='line_1_3' title="bbox 767 655 3015 755; baseline 0 -24"><span class='ocrx_word' id='word_1_9' title='bbox 767 663 1054 755; x_wconf 89' lang='lat' dir='ltr'>petuae.</span> <span class='ocrx_word' id='word_1_10' title='bbox 1116 655 1366 729; x_wconf 90' lang='lat' dir='ltr'>Titulo</span> <span class='ocrx_word' id='word_1_11' title='bbox 1404 658 1637 753; x_wconf 73' lang='lat' dir='ltr'>regio,</span> <span class='ocrx_word' id='word_1_12' title='bbox 1682 659 1925 753; x_wconf 87' lang='lat' dir='ltr'>quoad</span> <span class='ocrx_word' id='word_1_13' title='bbox 1961 660 2267 751; x_wconf 83' lang='lat' dir='ltr'>vixerit,</span> <span class='ocrx_word' id='word_1_14' title='bbox 2331 681 2412 732; x_wconf 89' lang='lat' dir='ltr'>se</span> <span class='ocrx_word' id='word_1_15' title='bbox 2473 658 2829 732; x_wconf 86' lang='lat' dir='ltr'>abdicare</span> <span class='ocrx_word' id='word_1_16' title='bbox 2868 682 3015 732; x_wconf 90' lang='lat' dir='ltr'>non</span> 
     </span>
     <span class='ocr_line' id='line_1_4' title="bbox 768 782 3015 881; baseline 0 -26"><span class='ocrx_word' id='word_1_17' title='bbox 768 805 1013 880; x_wconf 86' lang='lat' dir='ltr'>posse,</span> <span class='ocrx_word' id='word_1_18' title='bbox 1038 782 1230 878; x_wconf 88' lang='lat' dir='ltr'>quod</span> <span class='ocrx_word' id='word_1_19' title='bbox 1270 784 1615 859; x_wconf 79' lang='lat' dir='ltr'>honorem</span> <span class='ocrx_word' id='word_1_20' title='bbox 1660 808 1875 881; x_wconf 87' lang='lat' dir='ltr'>quam</span> <span class='ocrx_word' id='word_1_21' title='bbox 1919 788 2159 860; x_wconf 89' lang='lat' dir='ltr'>omnia</span> <span class='ocrx_word' id='word_1_22' title='bbox 2201 792 2451 860; x_wconf 81' lang='lat' dir='ltr'>cetera</span> <span class='ocrx_word' id='word_1_23' title='bbox 2490 785 2812 859; x_wconf 89' lang='lat' dir='ltr'>retinere</span> <span class='ocrx_word' id='word_1_24' title='bbox 2835 783 3015 857; x_wconf 88' lang='lat' dir='ltr'>mal-</span> 
     </span>
     <span class='ocr_line' id='line_1_5' title="bbox 766 907 3015 1010; baseline 0 -28"><span class='ocrx_word' id='word_1_25' title='bbox 766 910 902 1003; x_wconf 83' lang='lat' dir='ltr'>let3</span> <span class='ocrx_word' id='word_1_26' title='bbox 945 931 1194 983; x_wconf 84' lang='lat' dir='ltr'>verum</span> <span class='ocrx_word' id='word_1_27' title='bbox 1233 907 1452 1010; x_wconf 86' lang='lat' dir='ltr'>liberi</span> <span class='ocrx_word' id='word_1_28' title='bbox 1511 912 1576 984; x_wconf 94' lang='lat' dir='ltr'>si</span> <span class='ocrx_word' id='word_1_29' title='bbox 1635 913 1759 1009; x_wconf 91' lang='lat' dir='ltr'>qui</span> <span class='ocrx_word' id='word_1_30' title='bbox 1796 914 2054 1003; x_wconf 69' lang='lat' dir='ltr'>forent,</span> <span class='ocrx_word' id='word_1_31' title='bbox 2097 936 2262 987; x_wconf 90' lang='lat' dir='ltr'>eum</span> <span class='ocrx_word' id='word_1_32' title='bbox 2303 912 2590 987; x_wconf 88' lang='lat' dir='ltr'>titulum</span> <span class='ocrx_word' id='word_1_33' title='bbox 2624 912 3015 998; x_wconf 81' lang='lat' dir='ltr'>baberent,</span> 
     </span>
     <span class='ocr_line' id='line_1_6' title="bbox 767 1034 3017 1132; baseline -0 -22"><span class='ocrx_word' id='word_1_34' title='bbox 767 1058 978 1130; x_wconf 88' lang='lat' dir='ltr'>quem</span> <span class='ocrx_word' id='word_1_35' title='bbox 1035 1035 1197 1132; x_wconf 91' lang='lat' dir='ltr'>ipse</span> <span class='ocrx_word' id='word_1_36' title='bbox 1276 1044 1401 1111; x_wconf 89' lang='lat' dir='ltr'>aut</span> <span class='ocrx_word' id='word_1_37' title='bbox 1456 1038 2006 1113; x_wconf 85' lang='lat' dir='ltr'>Maximilianus</span> <span class='ocrx_word' id='word_1_38' title='bbox 2064 1039 2466 1114; x_wconf 80' lang='lat' dir='ltr'>concedere</span> <span class='ocrx_word' id='word_1_39' title='bbox 2523 1034 2823 1110; x_wconf 82' lang='lat' dir='ltr'>vellent.</span> <span class='ocrx_word' id='word_1_40' title='bbox 2900 1034 3017 1109; x_wconf 90' lang='lat' dir='ltr'>Ad</span> 
     </span>
     <span class='ocr_line' id='line_1_7' title="bbox 763 1162 3014 1259; baseline -0.001 -24"><span class='ocrx_word' id='word_1_41' title='bbox 763 1163 951 1237; x_wconf 86' lang='lat' dir='ltr'>baec</span> <span class='ocrx_word' id='word_1_42' title='bbox 989 1162 1507 1259; x_wconf 89' lang='lat' dir='ltr'>praesentibus</span> <span class='ocrx_word' id='word_1_43' title='bbox 1547 1166 1880 1239; x_wconf 86' lang='lat' dir='ltr'>terminis</span> <span class='ocrx_word' id='word_1_44' title='bbox 1921 1173 2339 1240; x_wconf 87' lang='lat' dir='ltr'>contentum</span> <span class='ocrx_word' id='word_1_45' title='bbox 2379 1164 2575 1253; x_wconf 80' lang='lat' dir='ltr'>fore3</span> <span class='ocrx_word' id='word_1_46' title='bbox 2630 1171 2855 1258; x_wconf 89' lang='lat' dir='ltr'>utque</span> <span class='ocrx_word' id='word_1_47' title='bbox 2895 1162 3014 1233; x_wconf 88' lang='lat' dir='ltr'>fir—</span> 
     </span>
     <span class='ocr_line' id='line_1_8' title="bbox 764 1286 3015 1383; baseline -0.001 -22"><span class='ocrx_word' id='word_1_48' title='bbox 764 1307 883 1362; x_wconf 83' lang='lat' dir='ltr'>ma</span> <span class='ocrx_word' id='word_1_49' title='bbox 940 1287 1125 1361; x_wconf 86' lang='lat' dir='ltr'>haec</span> <span class='ocrx_word' id='word_1_50' title='bbox 1180 1289 1340 1363; x_wconf 83' lang='lat' dir='ltr'>fore</span> <span class='ocrx_word' id='word_1_51' title='bbox 1398 1291 1811 1383; x_wconf 78' lang='lat' dir='ltr'>credantur,</span> <span class='ocrx_word' id='word_1_52' title='bbox 1870 1314 2015 1366; x_wconf 92' lang='lat' dir='ltr'>non</span> <span class='ocrx_word' id='word_1_53' title='bbox 2073 1312 2422 1366; x_wconf 88' lang='lat' dir='ltr'>recusare</span> <span class='ocrx_word' id='word_1_54' title='bbox 2478 1286 2667 1362; x_wconf 87' lang='lat' dir='ltr'>alias</span> <span class='ocrx_word' id='word_1_55' title='bbox 2719 1308 3015 1383; x_wconf 90' lang='lat' dir='ltr'>quoque</span> 
     </span>
     <span class='ocr_line' id='line_1_9' title="bbox 764 1412 3017 1509; baseline -0.001 -23"><span class='ocrx_word' id='word_1_56' title='bbox 764 1413 1121 1487; x_wconf 86' lang='lat' dir='ltr'>honestas</span> <span class='ocrx_word' id='word_1_57' title='bbox 1200 1421 1274 1487; x_wconf 92' lang='lat' dir='ltr'>et</span> <span class='ocrx_word' id='word_1_58' title='bbox 1348 1436 1627 1509; x_wconf 88' lang='lat' dir='ltr'>aequas</span> <span class='ocrx_word' id='word_1_59' title='bbox 1686 1415 2163 1490; x_wconf 91' lang='lat' dir='ltr'>conditiones.</span> <span class='ocrx_word' id='word_1_60' title='bbox 2252 1413 2370 1487; x_wconf 93' lang='lat' dir='ltr'>Ad</span> <span class='ocrx_word' id='word_1_61' title='bbox 2426 1412 3017 1487; x_wconf 81' lang='lat' dir='ltr'>Maximilianum</span> 
     </span>
     <span class='ocr_line' id='line_1_10' title="bbox 760 1534 3016 1637; baseline -0.001 -24"><span class='ocrx_word' id='word_1_62' title='bbox 760 1538 1055 1637; x_wconf 87' lang='lat' dir='ltr'>privata</span> <span class='ocrx_word' id='word_1_63' title='bbox 1095 1539 1397 1614; x_wconf 85' lang='lat' dir='ltr'>dederat</span> <span class='ocrx_word' id='word_1_64' title='bbox 1419 1534 1785 1634; x_wconf 81' lang='lat' dir='ltr'>mandata,</span> <span class='ocrx_word' id='word_1_65' title='bbox 1809 1566 1897 1616; x_wconf 90' lang='lat' dir='ltr'>ac</span> <span class='ocrx_word' id='word_1_66' title='bbox 1914 1542 2395 1616; x_wconf 83' lang='lat' dir='ltr'>mediatorem</span> <span class='ocrx_word' id='word_1_67' title='bbox 2433 1540 3016 1637; x_wconf 89' lang='lat' dir='ltr'>pacificatorem-</span> 
     </span>
     <span class='ocr_line' id='line_1_11' title="bbox 763 1664 3015 1765; baseline -0.001 -25"><span class='ocrx_word' id='word_1_68' title='bbox 763 1687 903 1761; x_wconf 91' lang='lat' dir='ltr'>que</span> <span class='ocrx_word' id='word_1_69' title='bbox 942 1688 1103 1740; x_wconf 90' lang='lat' dir='ltr'>eum</span> <span class='ocrx_word' id='word_1_70' title='bbox 1144 1675 1556 1764; x_wconf 86' lang='lat' dir='ltr'>acceperat.</span> <span class='ocrx_word' id='word_1_71' title='bbox 1653 1668 1770 1742; x_wconf 85' lang='lat' dir='ltr'>Ex</span> <span class='ocrx_word' id='word_1_72' title='bbox 1828 1668 2262 1765; x_wconf 77' lang='lat' dir='ltr'>proceribus</span> <span class='ocrx_word' id='word_1_73' title='bbox 2324 1667 2630 1761; x_wconf 88' lang='lat' dir='ltr'>ungaris</span> <span class='ocrx_word' id='word_1_74' title='bbox 2670 1664 3015 1763; x_wconf 87' lang='lat' dir='ltr'>plerique</span> 
     </span>
     <span class='ocr_line' id='line_1_12' title="bbox 764 1790 3017 1890; baseline 0 -28"><span class='ocrx_word' id='word_1_75' title='bbox 764 1790 1108 1866; x_wconf 84' lang='lat' dir='ltr'>advocati</span> <span class='ocrx_word' id='word_1_76' title='bbox 1156 1815 1411 1890; x_wconf 83' lang='lat' dir='ltr'>pacem</span> <span class='ocrx_word' id='word_1_77' title='bbox 1472 1800 1691 1890; x_wconf 85' lang='lat' dir='ltr'>atque</span> <span class='ocrx_word' id='word_1_78' title='bbox 1749 1791 2181 1868; x_wconf 85' lang='lat' dir='ltr'>affinitatem</span> <span class='ocrx_word' id='word_1_79' title='bbox 2239 1793 2743 1867; x_wconf 76' lang='lat' dir='ltr'>consulebant.</span> <span class='ocrx_word' id='word_1_80' title='bbox 2819 1790 3017 1864; x_wconf 89' lang='lat' dir='ltr'>Nam</span> 
     </span>
     <span class='ocr_line' id='line_1_13' title="bbox 764 1918 3017 2012; baseline 0 -22"><span class='ocrx_word' id='word_1_81' title='bbox 764 1938 926 1991; x_wconf 91' lang='lat' dir='ltr'>cum</span> <span class='ocrx_word' id='word_1_82' title='bbox 978 1918 1242 2012; x_wconf 89' lang='lat' dir='ltr'>regina</span> <span class='ocrx_word' id='word_1_83' title='bbox 1298 1918 1633 1995; x_wconf 86' lang='lat' dir='ltr'>Isabella</span> <span class='ocrx_word' id='word_1_84' title='bbox 1685 1919 2331 1996; x_wconf 83' lang='lat' dir='ltr'>Transsilvaniam</span> <span class='ocrx_word' id='word_1_85' title='bbox 2397 1929 2470 1994; x_wconf 92' lang='lat' dir='ltr'>et</span> <span class='ocrx_word' id='word_1_86' title='bbox 2528 1918 2870 1993; x_wconf 86' lang='lat' dir='ltr'>diadema</span> <span class='ocrx_word' id='word_1_87' title='bbox 2908 1940 3017 1991; x_wconf 88' lang='lat' dir='ltr'>re-</span> 
     </span>
     <span class='ocr_line' id='line_1_14' title="bbox 761 2042 3019 2138; baseline -0 -22"><span class='ocrx_word' id='word_1_88' title='bbox 761 2042 1032 2138; x_wconf 88' lang='lat' dir='ltr'>giaque</span> <span class='ocrx_word' id='word_1_89' title='bbox 1070 2042 1392 2138; x_wconf 89' lang='lat' dir='ltr'>insignia</span> <span class='ocrx_word' id='word_1_90' title='bbox 1427 2044 1965 2122; x_wconf 77' lang='lat' dir='ltr'>tradidissetzJ</span> <span class='ocrx_word' id='word_1_91' title='bbox 1972 2045 2264 2121; x_wconf 88' lang='lat' dir='ltr'>ohanna</span> <span class='ocrx_word' id='word_1_92' title='bbox 2300 2045 2597 2119; x_wconf 84' lang='lat' dir='ltr'>minima</span> <span class='ocrx_word' id='word_1_93' title='bbox 2634 2050 2813 2118; x_wconf 87' lang='lat' dir='ltr'>nata</span> <span class='ocrx_word' id='word_1_94' title='bbox 2853 2051 3019 2117; x_wconf 88' lang='lat' dir='ltr'>erat</span> 
     </span>
     <span class='ocr_line' id='line_1_15' title="bbox 760 2163 3017 2270; baseline 0 -28"><span class='ocrx_word' id='word_1_95' title='bbox 760 2170 834 2242; x_wconf 90' lang='lat' dir='ltr'>in</span> <span class='ocrx_word' id='word_1_96' title='bbox 872 2169 1296 2244; x_wconf 77' lang='lat' dir='ltr'>foederibus</span> <span class='ocrx_word' id='word_1_97' title='bbox 1332 2163 1496 2270; x_wconf 65' lang='lat' dir='ltr'>ffilio</span> <span class='ocrx_word' id='word_1_98' title='bbox 1534 2179 1771 2269; x_wconf 89' lang='lat' dir='ltr'>pacta.</span> <span class='ocrx_word' id='word_1_99' title='bbox 1832 2173 2100 2269; x_wconf 83' lang='lat' dir='ltr'>Legati</span> <span class='ocrx_word' id='word_1_100' title='bbox 2159 2172 2490 2249; x_wconf 87' lang='lat' dir='ltr'>caesaris</span> <span class='ocrx_word' id='word_1_101' title='bbox 2548 2179 2762 2245; x_wconf 86' lang='lat' dir='ltr'>erant</span> <span class='ocrx_word' id='word_1_102' title='bbox 2814 2170 3017 2243; x_wconf 88' lang='lat' dir='ltr'>Tho-</span> 
     </span>
     <span class='ocr_line' id='line_1_16' title="bbox 761 2295 3015 2395; baseline -0.001 -25"><span class='ocrx_word' id='word_1_103' title='bbox 761 2318 921 2372; x_wconf 85' lang='lat' dir='ltr'>mas</span> <span class='ocrx_word' id='word_1_104' title='bbox 961 2295 1439 2371; x_wconf 89' lang='lat' dir='ltr'>Nadasdinus</span> <span class='ocrx_word' id='word_1_105' title='bbox 1496 2305 1568 2371; x_wconf 91' lang='lat' dir='ltr'>et</span> <span class='ocrx_word' id='word_1_106' title='bbox 1606 2295 2046 2391; x_wconf 80' lang='lat' dir='ltr'>Castaldus‚</span> <span class='ocrx_word' id='word_1_107' title='bbox 2096 2299 2292 2395; x_wconf 89' lang='lat' dir='ltr'>jussi</span> <span class='ocrx_word' id='word_1_108' title='bbox 2351 2296 2472 2395; x_wconf 90' lang='lat' dir='ltr'>qui</span> <span class='ocrx_word' id='word_1_109' title='bbox 2513 2298 2802 2372; x_wconf 91' lang='lat' dir='ltr'>nomine</span> <span class='ocrx_word' id='word_1_110' title='bbox 2844 2317 3015 2369; x_wconf 89' lang='lat' dir='ltr'>cae-</span> 
     </span>
     <span class='ocr_line' id='line_1_17' title="bbox 762 2421 3017 2522; baseline -0.001 -25"><span class='ocrx_word' id='word_1_111' title='bbox 762 2422 958 2498; x_wconf 84' lang='lat' dir='ltr'>saris</span> <span class='ocrx_word' id='word_1_112' title='bbox 1053 2430 1127 2497; x_wconf 91' lang='lat' dir='ltr'>et</span> <span class='ocrx_word' id='word_1_113' title='bbox 1200 2445 1522 2522; x_wconf 87' lang='lat' dir='ltr'>sponsae</span> <span class='ocrx_word' id='word_1_114' title='bbox 1616 2433 2155 2500; x_wconf 89' lang='lat' dir='ltr'>sacramentum</span> <span class='ocrx_word' id='word_1_115' title='bbox 2230 2423 2512 2499; x_wconf 88' lang='lat' dir='ltr'>darent.</span> <span class='ocrx_word' id='word_1_116' title='bbox 2623 2421 2801 2497; x_wconf 86' lang='lat' dir='ltr'>Fuit</span> <span class='ocrx_word' id='word_1_117' title='bbox 2873 2422 3017 2496; x_wconf 86' lang='lat' dir='ltr'>hoc</span> 
     </span>
     <span class='ocr_line' id='line_1_18' title="bbox 760 2548 3014 2649; baseline 0 -26"><span class='ocrx_word' id='word_1_118' title='bbox 760 2549 831 2624; x_wconf 89' lang='lat' dir='ltr'>in</span> <span class='ocrx_word' id='word_1_119' title='bbox 873 2551 1142 2649; x_wconf 88' lang='lat' dir='ltr'>oppido</span> <span class='ocrx_word' id='word_1_120' title='bbox 1202 2548 1572 2628; x_wconf 84' lang='lat' dir='ltr'>Colosvar</span> <span class='ocrx_word' id='word_1_121' title='bbox 1627 2553 1722 2627; x_wconf 91' lang='lat' dir='ltr'>ad</span> <span class='ocrx_word' id='word_1_122' title='bbox 1773 2553 2012 2629; x_wconf 88' lang='lat' dir='ltr'>altare</span> <span class='ocrx_word' id='word_1_123' title='bbox 2072 2553 2479 2628; x_wconf 82' lang='lat' dir='ltr'>solenniter</span> <span class='ocrx_word' id='word_1_124' title='bbox 2537 2552 3014 2639; x_wconf 79' lang='lat' dir='ltr'>celebratum,</span> 
     </span>
     <span class='ocr_line' id='line_1_19' title="bbox 761 2675 3016 2775; baseline 0.002 -27"><span class='ocrx_word' id='word_1_125' title='bbox 761 2683 1292 2772; x_wconf 84' lang='lat' dir='ltr'>exceptumque</span> <span class='ocrx_word' id='word_1_126' title='bbox 1365 2677 1439 2751; x_wconf 90' lang='lat' dir='ltr'>in</span> <span class='ocrx_word' id='word_1_127' title='bbox 1520 2678 1841 2775; x_wconf 89' lang='lat' dir='ltr'>speciem</span> <span class='ocrx_word' id='word_1_128' title='bbox 1919 2675 2250 2753; x_wconf 89' lang='lat' dir='ltr'>laetitiae</span> <span class='ocrx_word' id='word_1_129' title='bbox 2307 2684 2833 2754; x_wconf 91' lang='lat' dir='ltr'>tormentorum</span> <span class='ocrx_word' id='word_1_130' title='bbox 2892 2700 3016 2752; x_wconf 84' lang='lat' dir='ltr'>ae-</span> 
     </span>
     <span class='ocr_line' id='line_1_20' title="bbox 761 2804 3015 2902; baseline 0 -25"><span class='ocrx_word' id='word_1_131' title='bbox 761 2824 1061 2877; x_wconf 90' lang='lat' dir='ltr'>neorum</span> <span class='ocrx_word' id='word_1_132' title='bbox 1120 2804 1719 2902; x_wconf 83' lang='lat' dir='ltr'>displosionibus.</span> <span class='ocrx_word' id='word_1_133' title='bbox 1781 2815 1853 2882; x_wconf 91' lang='lat' dir='ltr'>et</span> <span class='ocrx_word' id='word_1_134' title='bbox 1911 2815 2266 2883; x_wconf 85' lang='lat' dir='ltr'>concentu</span> <span class='ocrx_word' id='word_1_135' title='bbox 2322 2807 2683 2880; x_wconf 90' lang='lat' dir='ltr'>tubarum.</span> <span class='ocrx_word' id='word_1_136' title='bbox 2762 2806 3015 2902; x_wconf 92' lang='lat' dir='ltr'>Nego-</span> 
     </span>
     <span class='ocr_line' id='line_1_21' title="bbox 758 2927 3015 3031; baseline 0.003 -31"><span class='ocrx_word' id='word_1_137' title='bbox 758 2927 935 3002; x_wconf 89' lang='lat' dir='ltr'>tium</span> <span class='ocrx_word' id='word_1_138' title='bbox 974 2934 1219 3003; x_wconf 91' lang='lat' dir='ltr'>tamen</span> <span class='ocrx_word' id='word_1_139' title='bbox 1275 2927 1673 3026; x_wconf 84' lang='lat' dir='ltr'>legationis</span> <span class='ocrx_word' id='word_1_140' title='bbox 1733 2933 1804 3005; x_wconf 94' lang='lat' dir='ltr'>in</span> <span class='ocrx_word' id='word_1_141' title='bbox 1846 2933 2254 3031; x_wconf 84' lang='lat' dir='ltr'>proximum</span> <span class='ocrx_word' id='word_1_142' title='bbox 2304 2931 2764 3007; x_wconf 90' lang='lat' dir='ltr'>comitiorum</span> <span class='ocrx_word' id='word_1_143' title='bbox 2822 2932 3015 3006; x_wconf 89' lang='lat' dir='ltr'>diem</span> 
     </span>
     <span class='ocr_line' id='line_1_22' title="bbox 764 3052 3014 3156; baseline 0.003 -31"><span class='ocrx_word' id='word_1_144' title='bbox 764 3052 1087 3142; x_wconf 88' lang='lat' dir='ltr'>dilatum.</span> <span class='ocrx_word' id='word_1_145' title='bbox 1165 3053 1284 3128; x_wconf 88' lang='lat' dir='ltr'>Ad</span> <span class='ocrx_word' id='word_1_146' title='bbox 1335 3079 1498 3130; x_wconf 90' lang='lat' dir='ltr'>eum</span> <span class='ocrx_word' id='word_1_147' title='bbox 1558 3057 2131 3152; x_wconf 82' lang='lat' dir='ltr'>Maximilianus,</span> <span class='ocrx_word' id='word_1_148' title='bbox 2210 3058 2405 3155; x_wconf 91' lang='lat' dir='ltr'>quod</span> <span class='ocrx_word' id='word_1_149' title='bbox 2446 3057 2812 3154; x_wconf 83' lang='lat' dir='ltr'>quadriga</span> <span class='ocrx_word' id='word_1_150' title='bbox 2849 3080 3014 3156; x_wconf 91' lang='lat' dir='ltr'>pro-</span> 
     </span>
     <span class='ocr_line' id='line_1_23' title="bbox 762 3180 3014 3284; baseline 0.002 -30"><span class='ocrx_word' id='word_1_151' title='bbox 762 3187 931 3277; x_wconf 90' lang='lat' dir='ltr'>pter</span> <span class='ocrx_word' id='word_1_152' title='bbox 1006 3181 1360 3280; x_wconf 88' lang='lat' dir='ltr'>palatium</span> <span class='ocrx_word' id='word_1_153' title='bbox 1437 3184 1738 3260; x_wconf 85' lang='lat' dir='ltr'>inversa</span> <span class='ocrx_word' id='word_1_154' title='bbox 1793 3180 2073 3284; x_wconf 87' lang='lat' dir='ltr'>&#39;pedem</span> <span class='ocrx_word' id='word_1_155' title='bbox 2135 3185 2378 3259; x_wconf 91' lang='lat' dir='ltr'>illisus</span> <span class='ocrx_word' id='word_1_156' title='bbox 2458 3183 2810 3259; x_wconf 89' lang='lat' dir='ltr'>advenire</span> <span class='ocrx_word' id='word_1_157' title='bbox 2888 3206 3014 3258; x_wconf 90' lang='lat' dir='ltr'>ne-</span> 
     </span>
     <span class='ocr_line' id='line_1_24' title="bbox 763 3305 3015 3409; baseline 0.002 -30"><span class='ocrx_word' id='word_1_158' title='bbox 763 3305 1143 3402; x_wconf 84' lang='lat' dir='ltr'>quivisset,</span> <span class='ocrx_word' id='word_1_159' title='bbox 1165 3309 1402 3407; x_wconf 91' lang='lat' dir='ltr'>pridie</span> <span class='ocrx_word' id='word_1_160' title='bbox 1429 3307 1735 3384; x_wconf 82' lang='lat' dir='ltr'>Calend.</span> <span class='ocrx_word' id='word_1_161' title='bbox 1779 3307 2189 3409; x_wconf 86' lang='lat' dir='ltr'>Septembr.</span> <span class='ocrx_word' id='word_1_162' title='bbox 2215 3319 2329 3386; x_wconf 92' lang='lat' dir='ltr'>est</span> <span class='ocrx_word' id='word_1_163' title='bbox 2365 3311 2723 3385; x_wconf 85' lang='lat' dir='ltr'>invectus.</span> <span class='ocrx_word' id='word_1_164' title='bbox 2765 3309 3015 3383; x_wconf 88' lang='lat' dir='ltr'>Danu·</span> 
     </span>
     <span class='ocr_line' id='line_1_25' title="bbox 762 3431 3014 3537; baseline 0.001 -32"><span class='ocrx_word' id='word_1_165' title='bbox 762 3431 884 3506; x_wconf 94' lang='lat' dir='ltr'>bio</span> <span class='ocrx_word' id='word_1_166' title='bbox 925 3431 1198 3531; x_wconf 85' lang='lat' dir='ltr'>duplici</span> <span class='ocrx_word' id='word_1_167' title='bbox 1237 3442 1463 3533; x_wconf 93' lang='lat' dir='ltr'>ponte</span> <span class='ocrx_word' id='word_1_168' title='bbox 1523 3443 1781 3521; x_wconf 78' lang='lat' dir='ltr'>strato,</span> <span class='ocrx_word' id='word_1_169' title='bbox 1843 3459 2194 3534; x_wconf 88' lang='lat' dir='ltr'>proceres</span> <span class='ocrx_word' id='word_1_170' title='bbox 2270 3438 2754 3537; x_wconf 69' lang='lat' dir='ltr'>populusque,</span> <span class='ocrx_word' id='word_1_171' title='bbox 2813 3433 3014 3531; x_wconf 88' lang='lat' dir='ltr'>equi-</span> 
     </span>
     <span class='ocr_line' id='line_1_26' title="bbox 760 3560 2994 3661; baseline 0.002 -30"><span class='ocrx_word' id='word_1_172' title='bbox 760 3565 1022 3655; x_wconf 90' lang='lat' dir='ltr'>tesque</span> <span class='ocrx_word' id='word_1_173' title='bbox 1114 3568 1320 3635; x_wconf 90' lang='lat' dir='ltr'>trans</span> <span class='ocrx_word' id='word_1_174' title='bbox 1413 3570 1709 3659; x_wconf 90' lang='lat' dir='ltr'>pontem</span> <span class='ocrx_word' id='word_1_175' title='bbox 1802 3562 1898 3638; x_wconf 90' lang='lat' dir='ltr'>ad</span> <span class='ocrx_word' id='word_1_176' title='bbox 1971 3560 2111 3637; x_wconf 84' lang='lat' dir='ltr'>DC</span> <span class='ocrx_word' id='word_1_177' title='bbox 2189 3586 2462 3661; x_wconf 88' lang='lat' dir='ltr'>passus</span> <span class='ocrx_word' id='word_1_178' title='bbox 2537 3562 2736 3638; x_wconf 87' lang='lat' dir='ltr'>obvii</span> <span class='ocrx_word' id='word_1_179' title='bbox 2787 3561 2994 3636; x_wconf 76' lang='lat' dir='ltr'>fuere</span> 
     </span>
     <span class='ocr_line' id='line_1_27' title="bbox 760 3686 3023 3787; baseline 0.001 -29"><span class='ocrx_word' id='word_1_180' title='bbox 760 3707 848 3758; x_wconf 89' lang='lat' dir='ltr'>ac</span> <span class='ocrx_word' id='word_1_181' title='bbox 920 3708 1056 3782; x_wconf 90' lang='lat' dir='ltr'>per</span> <span class='ocrx_word' id='word_1_182' title='bbox 1111 3687 1745 3787; x_wconf 87' lang='lat' dir='ltr'>archiepiscopum</span> <span class='ocrx_word' id='word_1_183' title='bbox 1784 3688 2350 3786; x_wconf 87' lang='lat' dir='ltr'>strigoniensem</span> <span class='ocrx_word' id='word_1_184' title='bbox 2392 3691 2777 3765; x_wconf 87' lang='lat' dir='ltr'>Nicolaum</span> <span class='ocrx_word' id='word_1_185' title='bbox 2818 3686 3023 3762; x_wconf 92' lang='lat' dir='ltr'>Ola-·</span> 
     </span>
     <span class='ocr_line' id='line_1_28' title="bbox 761 3810 3016 3911; baseline 0.001 -27"><span class='ocrx_word' id='word_1_186' title='bbox 761 3810 931 3887; x_wconf 89' lang='lat' dir='ltr'>hum</span> <span class='ocrx_word' id='word_1_187' title='bbox 990 3812 1323 3887; x_wconf 86' lang='lat' dir='ltr'>oratione</span> <span class='ocrx_word' id='word_1_188' title='bbox 1381 3821 1773 3911; x_wconf 81' lang='lat' dir='ltr'>exceptus3</span> <span class='ocrx_word' id='word_1_189' title='bbox 1852 3813 2075 3909; x_wconf 86' lang='lat' dir='ltr'>longo</span> <span class='ocrx_word' id='word_1_190' title='bbox 2138 3813 2399 3889; x_wconf 91' lang='lat' dir='ltr'>deinde</span> <span class='ocrx_word' id='word_1_191' title='bbox 2459 3815 2751 3910; x_wconf 88' lang='lat' dir='ltr'>agmine</span> <span class='ocrx_word' id='word_1_192' title='bbox 2815 3813 3016 3908; x_wconf 89' lang='lat' dir='ltr'>equi·</span> 
     </span>
     <span class='ocr_line' id='line_1_29' title="bbox 760 3936 3016 4037; baseline -0.001 -23"><span class='ocrx_word' id='word_1_193' title='bbox 760 3947 959 4014; x_wconf 85' lang='lat' dir='ltr'>tatus</span> <span class='ocrx_word' id='word_1_194' title='bbox 996 3938 1534 4036; x_wconf 84' lang='lat' dir='ltr'>praecedebat3</span> <span class='ocrx_word' id='word_1_195' title='bbox 1576 3962 1832 4013; x_wconf 89' lang='lat' dir='ltr'>omnes</span> <span class='ocrx_word' id='word_1_196' title='bbox 1873 3939 2063 4014; x_wconf 90' lang='lat' dir='ltr'>enim</span> <span class='ocrx_word' id='word_1_197' title='bbox 2103 3939 2481 4037; x_wconf 87' lang='lat' dir='ltr'>praecipui</span> <span class='ocrx_word' id='word_1_198' title='bbox 2521 3963 2613 4014; x_wconf 86' lang='lat' dir='ltr'>ex</span> <span class='ocrx_word' id='word_1_199' title='bbox 2634 3936 3016 4026; x_wconf 72' lang='lat' dir='ltr'>Bohemia‚</span> 
     </span>
     <span class='ocr_line' id='line_1_30' title="bbox 764 4064 3016 4164; baseline 0.001 -26"><span class='ocrx_word' id='word_1_200' title='bbox 764 4073 837 4139; x_wconf 86' lang='lat' dir='ltr'>et</span> <span class='ocrx_word' id='word_1_201' title='bbox 874 4064 1044 4139; x_wconf 89' lang='lat' dir='ltr'>aliis</span> <span class='ocrx_word' id='word_1_202' title='bbox 1082 4064 1483 4164; x_wconf 86' lang='lat' dir='ltr'>provinciis</span> <span class='ocrx_word' id='word_1_203' title='bbox 1526 4066 1815 4141; x_wconf 83' lang='lat' dir='ltr'>evocati</span> <span class='ocrx_word' id='word_1_204' title='bbox 1841 4075 2071 4141; x_wconf 89' lang='lat' dir='ltr'>erant.</span> <span class='ocrx_word' id='word_1_205' title='bbox 2133 4064 3016 4162; x_wconf 78' lang='lat' dir='ltr'>Ungarihos&#39;sequeban-</span> 
     </span>
     <span class='ocr_line' id='line_1_31' title="bbox 762 4190 3019 4290; baseline 0 -25"><span class='ocrx_word' id='word_1_206' title='bbox 762 4198 898 4280; x_wconf 88' lang='lat' dir='ltr'>tur,</span> <span class='ocrx_word' id='word_1_207' title='bbox 915 4213 1221 4286; x_wconf 88' lang='lat' dir='ltr'>quorum</span> <span class='ocrx_word' id='word_1_208' title='bbox 1245 4199 1454 4265; x_wconf 89' lang='lat' dir='ltr'>erant</span> <span class='ocrx_word' id='word_1_209' title='bbox 1480 4200 1796 4287; x_wconf 89' lang='lat' dir='ltr'>quatuor</span> <span class='ocrx_word' id='word_1_210' title='bbox 1816 4191 2045 4265; x_wconf 87' lang='lat' dir='ltr'>millia</span> <span class='ocrx_word' id='word_1_211' title='bbox 2069 4190 2663 4290; x_wconf 83' lang='lat' dir='ltr'>splendidissime</span> <span class='ocrx_word' id='word_1_212' title='bbox 2685 4213 2892 4280; x_wconf 80' lang='lat' dir='ltr'>auro,</span> <span class='ocrx_word' id='word_1_213' title='bbox 2908 4214 3019 4266; x_wconf 84' lang='lat' dir='ltr'>ar·</span> 
     </span>
     <span class='ocr_line' id='line_1_32' title="bbox 763 4317 3017 4415; baseline -0 -24"><span class='ocrx_word' id='word_1_214' title='bbox 763 4325 1007 4411; x_wconf 68' lang='lat' dir='ltr'>geum,</span> <span class='ocrx_word' id='word_1_215' title='bbox 1066 4317 1474 4415; x_wconf 87' lang='lat' dir='ltr'>pennisque</span> <span class='ocrx_word' id='word_1_216' title='bbox 1533 4326 1914 4392; x_wconf 81' lang='lat' dir='ltr'>exornata.</span> <span class='ocrx_word' id='word_1_217' title='bbox 2004 4319 2236 4414; x_wconf 90' lang='lat' dir='ltr'>Legio</span> <span class='ocrx_word' id='word_1_218' title='bbox 2295 4342 2439 4393; x_wconf 86' lang='lat' dir='ltr'>una</span> <span class='ocrx_word' id='word_1_219' title='bbox 2499 4340 3017 4413; x_wconf 88' lang='lat' dir='ltr'>germanorum</span> 
     </span>
     <span class='ocr_line' id='line_1_33' title="bbox 762 4442 3018 4520; baseline -0 -2"><span class='ocrx_word' id='word_1_220' title='bbox 762 4466 909 4519; x_wconf 91' lang='lat' dir='ltr'>una</span> <span class='ocrx_word' id='word_1_221' title='bbox 947 4466 1105 4518; x_wconf 92' lang='lat' dir='ltr'>cum</span> <span class='ocrx_word' id='word_1_222' title='bbox 1147 4442 1542 4518; x_wconf 89' lang='lat' dir='ltr'>duodecem</span> <span class='ocrx_word' id='word_1_223' title='bbox 1580 4445 1973 4520; x_wconf 83' lang='lat' dir='ltr'>salconetis</span> <span class='ocrx_word' id='word_1_224' title='bbox 2034 4469 2080 4517; x_wconf 87' lang='lat' dir='ltr'>a</span> <span class='ocrx_word' id='word_1_225' title='bbox 2117 4445 2353 4518; x_wconf 89' lang='lat' dir='ltr'>latere</span> <span class='ocrx_word' id='word_1_226' title='bbox 2393 4444 2812 4520; x_wconf 88' lang='lat' dir='ltr'>Danubium</span> <span class='ocrx_word' id='word_1_227' title='bbox 2857 4466 3018 4518; x_wconf 85' lang='lat' dir='ltr'>ver-</span> 
     </span>
    </p>
   </div>
   <div class='ocr_carea' id='block_1_3' title="bbox 642 4567 3017 4677">
    <p class='ocr_par' dir='ltr' id='par_1_3' title="bbox 642 4567 3017 4677">
     <span class='ocr_line' id='line_1_34' title="bbox 642 4567 3017 4677; baseline 0 -36"><span class='ocrx_word' id='word_1_228' title='bbox 642 4673 646 4677; x_wconf 23' lang='lat'><em>·</em></span> <span class='ocrx_word' id='word_1_229' title='bbox 766 4589 893 4643; x_wconf 90' lang='lat' dir='ltr'>sus</span> <span class='ocrx_word' id='word_1_230' title='bbox 965 4570 1349 4668; x_wconf 83' lang='lat' dir='ltr'>processit.</span> <span class='ocrx_word' id='word_1_231' title='bbox 1427 4569 1592 4645; x_wconf 92' lang='lat' dir='ltr'>Hoc</span> <span class='ocrx_word' id='word_1_232' title='bbox 1652 4570 1905 4645; x_wconf 89' lang='lat' dir='ltr'>ordine</span> <span class='ocrx_word' id='word_1_233' title='bbox 1961 4571 2378 4666; x_wconf 89' lang='lat' dir='ltr'>ingressum</span> <span class='ocrx_word' id='word_1_234' title='bbox 2455 4571 2710 4645; x_wconf 89' lang='lat' dir='ltr'>domus</span> <span class='ocrx_word' id='word_1_235' title='bbox 2773 4567 3017 4658; x_wconf 53' lang='lat' dir='ltr'>archi&lt;</span> 
     </span>
    </p>
   </div>
  </div>
 </body>
</html>
