3293 5219
2411 318 2510 394 31

714 1395 1178 1491 LIBER
1233 1394 2064 1493 SECUNDUS.

482 1790 750 1888 Incipit
788 1813 1024 1865 annus
1061 1790 1335 1865 nostris
1375 1789 1709 1865 cladibus
1769 1792 1864 1866 ad
1900 1802 2329 1891 perpetuam
2370 1817 2510 1868 me-

284 1917 571 1991 moriam
609 1914 1067 2010 nobilitatus,
1107 1918 1228 2014 qui
1266 1918 1403 1994 fuit
1442 1918 1806 1993 secundus
1866 1927 1940 1994 et
1995 1920 2510 2017 quinquagesi-

284 2065 428 2117 mus
485 2068 529 2118 a
581 2052 801 2142 partu
840 2044 1177 2142 virgineo
1238 2067 1465 2142 supra
1523 2044 1982 2120 millesimum
2022 2047 2513 2143 quingentesi-

295 2189 489 2242 mum.
547 2167 920 2268 Principio
961 2170 1477 2244 Ferdinandus
1516 2170 1610 2245 ad
1653 2167 1913 2244 OctaV.
1954 2164 2507 2247 Calend.'Mart.

289 2295 567 2370 comitia
607 2294 910 2371 Posonii
950 2296 1405 2371 celebravit·
1437 2296 1552 2371 Ibi
1594 2295 1685 2369 de
1722 2297 1988 2371 unione
2029 2296 2506 2370 Transsilva-

293 2422 453 2495 niae
526 2430 599 2497 et
652 2422 1037 2519 Ungariae
1094 2423 1485 2518 magnifica
1540 2423 1777 2516 fatus,
1837 2445 1994 2496 cum
2054 2423 2301 2498 statim
2363 2447 2509 2498 ma-

296 2571 501 2642 gnam
538 2557 846 2647 partem,
887 2558 960 2625 et
995 2550 1434 2649 praesertim
1496 2550 1939 2626 munimenta
1974 2551 2190 2647 regni
2239 2549 2511 2651 disjun-

286 2683 393 2750 cta
430 2677 873 2775 perdiderit,
924 2687 1070 2752 tum
1130 2679 1219 2754 de
1277 2678 1501 2753 celeri
1555 2679 1630 2752 in
1687 2677 2096 2774 Ungariam
2135 2675 2514 2777 Solymani

286 2801 611 2898 ingressu
650 2802 874 2879 certis
913 2805 1194 2879 nunciis
1234 2813 1457 2903 atque
1497 2804 2090 2903 exploratoribus
2114 2813 2506 2904 comperte,

286 2936 351 3002 et
365 2951 441 3004 se
461 2951 749 3026 quoque
769 2930 1268 3027 personaliter
1294 2931 1612 3007 venienti
1644 2932 1842 3007 hosti
1878 2932 2211 3007 omnibus
2222 2931 2502 3007 viribus

282 3077 746 3150 occursurum,
763 3057 1056 3150 oblitus,
1082 3081 1270 3156 quae
1292 3059 1650 3156 proximis
1673 3059 1988 3133 comitiis
2007 3059 2500 3157 praedicarat,

285 3182 593 3258 inducias
631 3185 1044 3278 stabilitas,
1096 3193 1171 3261 et
1204 3210 1462 3284 pacem
1502 3194 1939 3260 secuturam.
2015 3185 2217 3260 Inter
2255 3192 2502 3260 cetera

285 3319 591 3385 sanctum
628 3311 809 3385 illud
848 3311 1254 3400 decretum,
1295 3336 1384 3386 ne
1423 3313 1586 3408 quis
1625 3311 1976 3386 nobilium
2014 3311 2351 3408 capitum,
2393 3335 2500 3387 re-

287 3436 388 3530 gis
459 3438 898 3528 aliorumve,
957 3462 1171 3536 quam
1252 3462 1383 3514 suo
1448 3439 1811 3537 stipendio
1891 3464 1979 3513 ea
2036 3438 2498 3535 expeditione

288 3563 527 3638 mereri
566 3565 855 3639 audeat.
915 3567 1000 3639 In
1060 3565 1314 3640 eodem
1366 3575 1726 3640 conventu
1783 3563 2247 3640 temesiensis
2285 3589 2498 3664 prae-

286 3688 544 3766 fectura
616 3689 995 3788 Stephano
1054 3692 1417 3767 Losoncio
1475 3694 1545 3766 vi
1604 3692 2132 3790 quodammodo
2174 3693 2498 3785 obtrusa,

288 3836 427 3892 cum
480 3821 819 3918 exempla
872 3820 1265 3897 infelicium
1304 3819 1699 3914 bellorum,
1756 3830 1829 3896 et
1867 3820 2174 3895 consilia
2209 3820 2499 3913 frivola,

286 3966 404 4018 nec
454 3969 767 4044 unquam
826 3947 1011 4022 satis
1071 3949 1464 4047 explicata,
1526 3947 1758 4023 oculis
1833 3957 1905 4022 et
1960 3947 2199 4022 animo
2239 3949 2495 4023 obver—

289 4078 642 4177 sarentur4
695 4068 842 4146 Sed
879 4074 1307 4172 promissis,
1367 4074 1561 4170 quod
1602 4073 2115 4150 Ferdinandus
2154 4081 2387 4150 semet
2420 4074 2496 4148 in

288 4193 528 4273 bellum
583 4200 1081 4296 personaliter
1139 4209 1518 4277 venturum
1577 4202 1974 4299 sponderet
2049 4196 2495 4301 (quanquam

288 4342 365 4395 ne
399 4321 482 4398 iis
519 4324 808 4422 quidem
849 4327 1305 4420 movebatur,
1347 4325 1539 4423 quod
1574 4327 1892 4401 usitatas
1943 4326 2064 4401 diu
2118 4351 2254 4427 pro
2293 4352 2492 4406 more

287 4448 350 4523 in
383 4455 689 4551 speciem
728 4478 971 4550 voces,
1013 4467 1085 4532 et
1122 4456 1477 4549 exoletas,
1542 4465 1621 4530 ut
1661 4480 1854 4532 vana
1892 4480 2143 4534 omnes
2181 4468 2494 4535 contem-

289 4583 573 4672 nerent,)
610 4583 1010 4681 praecipue
1048 4592 1294 4661 tamen
1331 4591 1449 4660 est
1482 4584 1829 4683 precibus
1879 4593 1953 4660 et
1985 4586 2273 4685 patriae
2313 4586 2494 4662 cari-
