3293 5219
2330 373 2481 452 527

239 595 381 668 hoc
419 617 679 670 munus
717 595 1108 679 censeatiS,
1159 593 1280 689 qui
1320 615 1554 687 acque
1592 592 1954 690 Princeps
2009 593 2084 666 in
2144 592 2477 679 dicendo,

237 730 317 794 ut
356 719 718 818 Princeps
753 720 829 795 in
866 720 1158 816 agendo
1199 719 1497 795 habitus
1535 718 2055 794 Fcrdinandus
2089 727 2228 806 est,
2269 720 2489 815 longe

237 868 427 919 unus
496 846 688 921 inter
741 869 994 921 omnes
1033 845 1495 943 eloquentiae
1569 845 1788 919 laude
1868 844 2207 919 excellat.
2280 843 2492 935 Quae

240 970 554 1067 quidem,
594 972 888 1046 etiamsi
926 995 1039 1046 me
1077 972 1369 1045 minime
1425 969 1734 1063 fugiunt.
1785 970 1945 1046 sive
1991 978 2144 1044 tam
2183 971 2497 1069 comple-

240 1098 338 1171 cti
377 1098 620 1171 animo
660 1098 910 1173 divina
950 1099 1132 1187 eius,
1173 1108 1394 1194 atque
1431 1096 1882 1173 immortalia
1955 1097 2027 1170 in
2066 1095 2492 1194 Rempubli·

240 1249 404 1299 cam
445 1225 708 1299 merita
765 1224 1145 1299 volueritis
1169 1280 1186 1314 ,
1263 1225 1423 1299 sive
1464 1225 1728 1320 quibus
1804 1248 1917 1299 me
1957 1220 2336 1298 beneficiis
2373 1243 2497 1296 au-

240 1350 561 1445 gendum
627 1359 980 1448 perpetuo
1039 1350 1718 1446 honestandumque
1796 1349 2119 1439 curavit,
2192 1356 2341 1422 tum
2380 1370 2495 1423 me

242 1477 445 1550 haud
482 1500 629 1549 uno
696 1477 987 1552 nomine
1026 1477 1418 1551 adductum
1481 1476 1900 1552 accessisse
1955 1476 2051 1551 ad
2091 1474 2496 1557 dicendum,

240 1604 340 1676 ab
383 1602 639 1677 eodem
672 1604 1145 1699 arrogantiae
1185 1603 1458 1678 crimen
1499 1603 1725 1696 longe
1767 1605 2058 1693 abesse,
2093 1600 2288 1699 quod
2326 1624 2496 1696 gra-

241 1730 493 1804 viores
551 1737 826 1826 partes,
868 1753 1087 1826 quam
1128 1754 1338 1805 meae
1380 1729 1580 1803 vires
1655 1733 1934 1819 ferant,
2012 1727 2185 1803 mihi
2222 1727 2496 1824 imponi

242 1877 518 1952 passus
557 1855 714 1928 sim.
772 1855 904 1929 sed
942 1854 1274 1949 pietatis,
1317 1856 1449 1930 sed
1487 1855 1734 1943 studii,
1775 1854 1907 1929 sed
1947 1852 2170 1929 officii
2208 1853 2494 1928 laudem

239 1982 578 2056 meritum
637 1981 1036 2078 aliquando
1075 1982 1553 2073 existimetis,
1595 1983 1718 2079 qui
1759 1992 2290 2059 monumentum
2348 1981 2487 2054 hoc

242 2106 756 2205 qualecunque
810 2108 993 2183 illud
1030 2109 1350 2185 futurum
1427 2108 1545 2193 sit,
1622 2131 1830 2182 meae
1869 2109 1940 2182 in
2018 2108 2367 2205 optimum
2407 2130 2497 2180 ac

241 2235 786 2309 sanctissimum
833 2234 1250 2333 Principem
1288 2235 1816 2310 observantiae
1839 2290 1855 2323 ,
1913 2234 1987 2307 in
2025 2256 2242 2330 quem
2281 2232 2485 2306 nulla

243 2361 423 2434 mihi
453 2362 766 2457 posthac
816 2362 1135 2436 facultas
1173 2361 1729 2459 relinqueretur,
1770 2360 1970 2456 grati
2007 2358 2228 2434 animi
2268 2356 2497 2453 signi·

241 2487 515 2561 ficandi
590 2496 845 2562 extare
885 2487 979 2561 ad
1016 2489 1528 2584 posteritatem
1567 2486 1949 2565 voluerim.
2008 2486 2333 2581 Ereptus
2372 2505 2497 2556 no·

246 2614 363 2687 bis
405 2621 521 2688 est
562 2613 1095 2702 Ferdinandns,
1136 2615 1200 2690 si
1231 2639 1354 2691 res
1395 2616 1596 2690 illius
1633 2622 1917 2711 gestae,
1960 2613 2023 2688 si
2063 2609 2304 2710 pietas
2342 2609 2496 2685 ani·

244 2740 366 2830 mi,
413 2761 687 2815 morum
747 2741 1146 2826 sanctitas,
1204 2743 1399 2817 vitae
1438 2742 1779 2818 instituta
1838 2750 1912 2816 et
1949 2738 2275 2815 rationes
2331 2760 2495 2837 spe-

244 2872 537 2939 ctentur
575 2865 907 2962 (quando
946 2866 1132 2941 satis
1153 2866 1279 2942 ille
1319 2868 1521 2944 laudi
1540 2878 1615 2945 et
1653 2868 1937 2963 gloriae
1962 2860 2175 2962 vixit)
2201 2863 2493 2939 minime

241 2992 635 3064 immatura
671 3001 903 3067 morte
943 3019 960 3064 :
999 2993 1063 3066 si
1106 2993 1589 3092 Reipublicae
1620 3001 1980 3090 tempora,
2026 2988 2489 3065 calamitates

244 3120 744 3218 impendentia
799 3119 1000 3196 bella
1037 3145 1084 3196 a
1120 3123 1562 3197 saevissimo
1619 3123 1833 3195 hoste
1873 3130 2094 3215 atque
2132 3115 2499 3192 immanis-

244 3246 473 3332 simo,
513 3246 902 3320 immatura
960 3256 1190 3322 morte
1269 3248 1399 3322 ille
1491 3256 1714 3345 atque
1789 3246 2205 3342 importuna
2276 3245 2495 3318 nobis

246 3370 562 3445 maxime
602 3378 908 3469 ereptus
948 3380 1082 3447 est.
1151 3372 1408 3471 Aeque
1484 3371 1675 3447 enim
1751 3375 1971 3444 natus
2028 3365 2496 3446 Christianae

250 3498 736 3596 Reipublicae
777 3523 1022 3591 causa,
1104 3501 1393 3598 positus
1433 3499 1625 3575 idem
1668 3497 1867 3574 celso
1889 3506 1963 3572 et
1982 3495 2276 3571 sublimi
2314 3496 2497 3586 loco,

244 3636 327 3702 ut
366 3636 591 3720 esset,
634 3626 756 3722 qui
795 3648 931 3701 sua
974 3624 1402 3719 vigilantia,
1445 3625 1856 3723 sapientia,
1933 3622 2237 3699 consilio
2272 3622 2498 3697 immi·

249 3753 503 3828 nentia
580 3751 775 3826 mala
850 3752 1306 3850 explorando
1365 3778 1410 3826 a
1448 3752 1665 3827 nobis
1742 3760 2035 3826 arceret
2074 3778 2091 3823 ε
2173 3759 2495 3825 mortuus

247 3902 487 3975 aeque
527 3888 783 3953 nostra
835 3900 1064 3953 causa
1135 3880 1540 3973 lugendus,
1617 3886 1827 3953 tanta
1865 3876 2261 3952 communis
2299 3879 2492 3952 salu-

247 4008 346 4082 tis
384 4008 672 4081 iactura
719 4007 915 4080 facta
954 4004 1310 4096 deflenda,
1351 4006 1716 4092 lacrimis,
1746 4007 1967 4096 luctu,
2026 4027 2354 4080 moerore
2392 4014 2496 4078 te·

247 4131 556 4212 standa,
632 4138 1167 4207 monumentum
1242 4133 1501 4207 summi
1578 4132 1856 4208 doloris
1893 4131 2183 4205 illustre
2221 4153 2489 4228 ponen-

250 4259 418 4333 dum
483 4259 1217 4358 constituendumque
1256 4270 1391 4337 est.

462 4386 799 4463 Habetur
836 4388 976 4464 hoc
1013 4388 1443 4487 parentibus
1482 4414 1529 4464 a
1566 4389 1786 4466 nobis
1856 4386 2155 4486 pietatis
2205 4407 2491 4472 munus,

245 4513 659 4610 quicunque
716 4513 823 4588 illi
861 4515 1029 4604 sint,
1070 4515 1336 4612 quibus
1374 4516 1590 4590 huius
1629 4516 1814 4591 lucis
1886 4536 2183 4588 usuram
2237 4510 2492 4586 referi·

249 4664 406 4713 mus
449 4647 824 4737 acceptam
865 4637 1077 4739 (nihil
1119 4640 1312 4716 enim
1350 4643 1657 4740 aequius
1678 4664 1844 4718 esse
1885 4639 2233 4715 ducimus.
2278 4662 2495 4737 quam
