3293 5219
745 356 900 436 332

742 582 1023 675 portae,
1062 584 1136 652 et
1174 600 1319 673 qua
1354 577 1676 651 maxime
1713 597 1891 651 usus
1924 580 2107 662 erat,
2160 579 2547 653 tormentis
2586 575 2988 667 firmantur,

739 702 1019 802 primis,
1074 702 1615 800 postremisque
1674 702 2000 794 militum,
2059 698 2303 797 quoad
2360 711 2612 777 castra
2651 698 2988 775 conside-

740 838 925 924 rent,
985 829 1060 904 in
1116 829 1340 904 armis
1378 828 1971 926 persistentibus.
2029 828 2192 902 Nec
2228 828 2455 909 multo
2504 835 2678 927 post
2716 825 2991 902 Ferra-

748 956 1017 1033 riensis
1074 956 1309 1032 adfuit
1363 979 1522 1032 cum
1579 952 1856 1031 DCCC
1913 954 2299 1051 equitibus.
2360 955 2595 1030 Nonis
2657 952 2992 1051 Septem-

739 1085 997 1159 bribus
1053 1084 1386 1160 Mahmut
1439 1084 1680 1179 begus
1756 1078 2345 1176 Albae-Regalis
2406 1103 2567 1156 cum
2607 1077 2984 1177 expeditis

735 1206 943 1287 DCC
985 1209 1274 1302 Turcis,
1314 1232 1529 1284 mane
1585 1207 1662 1282 in
1698 1208 1867 1304 ipsa
1904 1205 2306 1282 mutatione
2344 1207 2789 1303 vigiliarum,
2848 1227 2984 1303 pa-

672 1341 677 1346 '
737 1335 1155 1410 bulatorum
1211 1333 1566 1432 quosdam
1644 1327 2002 1431 abripuit,
2062 1329 2252 1407 alios
2308 1331 2724 1422 trucidavit,
2786 1326 2988 1408 haud

742 1463 964 1559 longe
1005 1489 1052 1539 a
1090 1463 1378 1538 castris.
1459 1460 1865 1559 Postquam
1903 1482 2149 1535 rumor
2189 1460 2501 1558 trepidis
2539 1458 2830 1535 nunciis
2873 1481 2992 1532 ca-

739 1597 897 1665 stra
950 1589 1304 1687 pervasit,
1360 1589 1574 1663 miles
1633 1612 1840 1663 arma
1894 1610 2181 1685 rapere,
2248 1594 2322 1662 et
2358 1611 2442 1662 se
2478 1610 2793 1685 parare3
2855 1584 2994 1659 sed

734 1714 921 1791 nihil
963 1716 1129 1793 dum
1167 1716 1600 1791 informatus
1638 1721 1822 1789 erat.
1881 1712 2169 1808 Ungari
2207 1721 2455 1788 tamen
2493 1715 2710 1809 gnari
2751 1712 2989 1790 hosti-

738 1866 857 1919 um
897 1841 1023 1918 citi
1063 1843 1477 1918 evolavere.
1519 1841 1620 1916 Et
1660 1838 2036 1937 Georgius
2060 1841 2273 1940 Tury
2313 1862 2473 1916 cum
2512 1840 2779 1938 paucis
2820 1846 2994 1915 ante

742 1992 994 2046 omnes
1036 1969 1441 2066 adgressus
1482 1976 1617 2062 est,
1677 1991 1847 2042 mox
1887 1967 2021 2042 alii
2061 1989 2284 2066 super
2323 1966 2554 2061 alios,
2610 1966 2781 2041 dein
2822 1966 2995 2042 reli-

743 2116 931 2192 quus
988 2095 1355 2191 equitatus
1393 2094 1796 2190 ungaricus
1836 2116 2129 2168 cursum
2169 2093 2502 2189 intendit3
2541 2116 2783 2190 neque
2825 2116 2988 2172 sus-

739 2220 972 2309 tinuit,
1000 2221 1236 2296 hostis
1282 2227 1751 2320 conspectum
1791 2221 2249 2314 vexillorum,
2310 2221 2577 2295 cursim
2616 2243 2980 2319 pugnare,

740 2349 954 2424 modo
996 2348 1284 2442 sistere,
1343 2350 1555 2424 modo
1594 2349 1881 2426 cedere.
1958 2346 2108 2425 Sed
2162 2348 2291 2423 ubi
2344 2348 2419 2422 in
2477 2347 2743 2422 silvam
2790 2348 2977 2424 Ver·

738 2482 855 2549 tes
872 2469 943 2572 ⁴⁸)
1018 2483 1348 2568 ventum,
1423 2476 1744 2550 mirabili
1818 2473 2254 2573 pernicitate
2328 2495 2716 2570 equorum,
2775 2482 2853 2549 et
2890 2475 2984 2551 ad

741 2598 1255 2700 explicandam
1276 2602 1598 2701 equitum
1622 2603 1854 2683 aciem
1892 2600 2547 2701 praepedientibus
2587 2602 2988 2678 arboribus

740 2729 885 2804 fusi
944 2738 1018 2805 et
1053 2730 1289 2827 fugati
1331 2740 1521 2806 sunt.
1579 2730 1915 2808 Mahmut
1949 2731 2227 2827 begus,
2283 2736 2357 2805 et
2391 2730 2728 2828 plerique
2767 2734 2987 2831 capti,

739 2856 992 2953 plures
1032 2856 1465 2933 obtruncati.
1490 2858 1629 2933 Ille
1669 2856 1978 2950 caesari,
2002 2865 2076 2932 et
2092 2855 2565 2932 Ferdinando
2604 2857 2746 2931 duo
2787 2882 2986 2934 man·

741 2981 936 3078 cipia
974 2982 1163 3056 dono
1205 2983 1397 3059 data.
1471 2982 1848 3081 Georgius
1889 2985 2100 3084 Tury
2139 2983 2414 3079 insigni
2453 2990 2716 3082 torque
2757 3010 2986 3064 aureo

743 3116 1068 3205 acceptO,
1126 3108 1388 3184 iterum
1428 3133 1658 3208 eques
1698 3116 2003 3189 auratus
2062 3086 2295 3208 (quod
2335 3110 2625 3186 virtutis
2662 3115 2979 3211 praemi-

740 3256 861 3307 um
901 3229 1044 3332 est)
1104 3261 1148 3311 a
1184 3260 1491 3313 caesare
1530 3246 1846 3313 creatus.
1905 3236 1972 3311 A
2011 3236 2385 3313 Mamhuto
2426 3245 2812 3337 exceptam
2856 3265 2983 3316 vo-

742 3383 919 3453 cem,
961 3357 1260 3438 Giulam
1302 3373 1614 3463 captam,
1657 3364 1824 3440 dein
1861 3365 2064 3440 fama
2099 3366 2464 3460 firmavit3
2522 3390 2659 3441 nec
2717 3367 2810 3443 de
2868 3366 2979 3443 Si·

744 3493 915 3582 geto
954 3487 1271 3564 laetiora
1308 3492 1954 3590 exspectabantur,
2034 3491 2302 3590 quippe
2361 3493 2725 3568 cunctatio
2774 3518 2980 3590 spem

743 3611 1147 3689 ademerat.
1188 3616 1367 3690 Mox
1388 3617 1734 3712 ambigue
1773 3617 2330 3712 auditum3post
2353 3616 2775 3717 Stephanus
2795 3619 2971 3696 Per-

740 3760 933 3837 nezy
972 3742 1393 3838 praefectus
1433 3743 1958 3818 babochiensis
2023 3743 2445 3842 rescripsit;
2501 3746 2636 3821 sed
2677 3747 2969 3847 quidam

749 3869 1148 3964 gregarius
1225 3870 1436 3947 miles
1513 3896 1605 3947 ex
1674 3870 2220 3968 Sigetiensibus
2298 3875 2724 3949 Babocham
2813 3878 2978 3950 mis·

738 4014 890 4088 sus,
930 3995 1132 4072 velut
1166 3998 1381 4075 testis
1420 3999 1695 4094 cladis,
1751 3999 1962 4075 illinc·
1995 3999 2093 4073 ad
2132 4009 2383 4077 castra
2421 4003 2741 4078 certiora
2790 4011 2975 4079 attu-

736 4120 840 4195 lit.
917 4125 1219 4200 Iverant
1320 4128 1751 4202 Babolciam
1846 4127 1987 4204 duo
2080 4128 2356 4204 vexilla
2414 4126 2973 4224 Germanorum,

736 4250 1003 4349 quibus
1057 4274 1191 4347 per
1245 4254 1480 4329 noctis
1555 4255 1947 4331 obscurum
2003 4254 2350 4351 dilapsis,
2384 4279 2623 4353 neque
2663 4253 2973 4355 Stepha-

734 4399 874 4455 nus
932 4377 1271 4476 Pernezy
1344 4401 1504 4455 cum
1560 4381 1847 4479 reliquo
1883 4378 2258 4481 praesidio
2296 4382 2724 4481 permansit.
2780 4380 2974 4458 Hinc

733 4527 967 4606 pavor
1005 4506 1080 4581 in
1119 4527 1394 4601 omnes,
1489 4516 1564 4583 et
1599 4511 2011 4606 exemplum
2048 4507 2283 4585 secuti
2317 4509 2807 4611 praesidiarii,
2847 4534 2965 4589 ca-

943 4683 1002 4753 *)
1027 4681 1270 4743 Istvanfi
1293 4683 1567 4758 jegyzete
1595 4706 1610 4741 ε
1636 4685 1859 4743 Bacon.
