3293 5219
762 266 914 343 150

734 484 938 559 ·bant
973 484 1165 558 enim
1204 479 1481 558 auxilia
1533 504 1905 580 nunquam
1942 481 2277 571 affutura,
2316 487 2392 556 et
2426 480 3006 579 perseverantia

756 610 1169 687 obsidionis
1212 632 1463 686 omnes
1506 630 1721 682 arces
1758 630 1983 705 posse
2023 608 2208 702 capi.

974 734 1125 812 Sed
1164 736 1384 812 etiam
1422 735 1940 811 Ferdinandus
1978 734 2219 831 magis
2258 734 2587 831 optabat,
2625 743 2705 810 ut
2742 736 2842 810 ab
2886 735 3018 808 im·

755 863 1149 961 plicatione
1168 863 1350 938 belli
1373 861 1698 957 majoris,
1737 862 1813 937 in
1851 868 2211 938 aestatem
2246 861 2756 959 insequentem
2814 861 3019 937 liber

752 990 982 1066 fieret.
1040 990 1234 1066 Nam
1290 989 1739 1065 Franciscus
1795 989 1957 1089 Zay
2014 997 2090 1065 et
2148 988 2509 1066 Antonius
2587 990 3015 1066 Verancius

753 1127 1089 1194 oratores
1119 1119 1873 1216 scripserant,pacem
1909 1118 2208 1209 nullam,
2226 1141 2320 1192 ne
2341 1117 2634 1214 quidem
2653 1117 3003 1193 inducias

758 1268 982 1344 posse
1022 1246 1379 1338 obtineri,
1419 1247 1562 1321 nisi
1597 1247 1949 1321 universa
2007 1245 2184 1320 ditio
2223 1246 2276 1323 J
2281 1245 2593 1321 ohannis
2630 1245 3016 1320 reddatur.

758 1371 997 1468 Igitur
1044 1372 1141 1446 ad
1194 1371 1583 1448 Dobonem
1622 1372 1913 1447 litteras
1973 1371 2121 1466 dat,
2158 1380 2240 1448 ut
2277 1372 2536 1468 aequis
2576 1370 3017 1447 conditioni-

758 1500 895 1573 bus
925 1498 1202 1594 judicio
1242 1522 1375 1574 suo
1430 1499 1814 1597 permissis
1872 1522 2115 1573 arcem
2175 1499 2415 1573 dedat.
2475 1496 2594 1572 Ad
2671 1496 3019 1597 Solyma-

756 1648 925 1699 num
982 1648 1270 1721 quoque
1342 1627 1708 1720 rescribit,
1784 1649 1865 1700 se
1939 1626 2210 1702 fecisse
2264 1627 2338 1701 in
2398 1627 2717 1723 gratiam
2774 1648 3016 1715 suam,

758 1749 951 1847 quod
989 1745 1080 1825 de
1117 1738 1495 1827 reddenda
1550 1752 2119 1828 Transsilvania
2172 1752 2323 1828 filio
2377 1753 2582 1848 regis
2636 1753 2689 1830 J
2694 1752 3017 1827 ohannis

755 1875 1048 1974 optarit,
1122 1900 1264 1975 quo
1302 1880 1541 1974 magis
1596 1904 1748 1978 pax
1804 1887 1930 1956 aut
1984 1881 2249 1955 saltem
2284 1879 2619 1954 induciae
2653 1878 2848 1953 inter
2927 1900 3015 1952 se

758 2011 1004 2079 mutuo
1062 2013 1524 2082 constarent:
1565 2031 1656 2081 ac
1719 2011 1878 2104 jam
1934 2007 2390 2082 commisisse
2447 2005 2874 2104 praefectis,
2933 2011 3016 2080 ut

760 2131 1136 2224 praesidia
1155 2133 1539 2209 deducant.
1578 2133 1927 2210 Attamen
1960 2134 2370 2209 necessitas
2407 2133 2484 2207 id
2520 2132 3012 2230 exprimebat,

757 2255 1139 2354 dissipatis
1179 2282 1267 2333 ac
1305 2259 1721 2357 profligatis
1779 2260 2029 2356 copiis.
2087 2262 2307 2335 Dobo
2363 2283 2564 2350 vero,
2604 2260 2728 2357 qui
2766 2283 3013 2358 neque

756 2389 1151 2460 veteranos
1199 2386 1469 2463 milites
1507 2388 1822 2473 retinuit,
1865 2395 1938 2462 et
1975 2410 2068 2463 ne
2104 2389 2488 2488 pecuniam
2524 2388 3012 2487 impenderet,

756 2509 1079 2584 remedia
1099 2511 1173 2586 in
1196 2520 1523 2613 tempore
1556 2516 1766 2591 nulla
1785 2517 2192 2615 prospexit,
2217 2539 2374 2591 cum
2413 2514 2808 2614 potuisset3
2829 2537 3008 2589 nam

760 2636 884 2709 diu
919 2659 1158 2733 neque
1188 2648 1483 2715 secreto
1525 2644 1941 2739 agebantur
1959 2667 2069 2736 ea,
2092 2665 2279 2742 quae
2303 2650 2566 2741 postea
2604 2650 2775 2717 acta
2813 2649 3008 2734 sunt,

756 2766 830 2836 et
867 2785 1145 2857 gnarus
1168 2774 1329 2840 erat
1366 2768 1526 2866 ipse
1548 2770 1883 2863 omnium,
1923 2779 1997 2847 et
2031 2770 2578 2845 Ferdinandum
2618 2769 3009 2845 certiorem

760 2887 1085 2962 faciebat
1105 2914 1122 2984 3
1142 2913 1453 2969 necesse
1467 2895 1606 2985 fuit
1627 2921 1874 2973 arcem
1890 2920 2048 2971 cum
2069 2896 2436 2972 deditione
2458 2918 2550 2971 ac
2570 2894 3002 2971 conditioni-

752 3014 891 3088 bus
911 3015 1226 3109 tradere,
1268 3027 1348 3093 ut
1380 3020 1544 3118 ipse
1585 3030 1660 3097 et
1692 3044 1949 3097 vomnes
1985 3021 2459 3121 praesidiarii
2497 3043 2660 3097 cum
2695 3021 2848 3100 suis
2888 3044 3004 3097 re-

754 3139 893 3214 bus
950 3144 1284 3223 omnibus
1378 3148 1570 3223 salvi
1610 3150 1817 3226 abire
1852 3149 2484 3247 permitterentur3
2526 3171 2718 3246 quae
2753 3156 3005 3225 tamen

758 3288 896 3340 nec
934 3290 1071 3343 sua
1127 3282 1397 3366 essent,
1454 3282 1528 3350 et
1581 3284 1752 3352 ante
1807 3276 2264 3352 obsidionem
2317 3276 2416 3350 inf
2451 3299 2624 3352 arce
2657 3274 2998 3366 fuissent,

754 3393 956 3471 nulla
1012 3398 1302 3473 omnino
1343 3400 1431 3498 *in
1471 3411 1685 3500 parte
1722 3404 2108 3500 attingere,
2142 3402 2532 3499 deberent3
2573 3404 2664 3478 de
2722 3401 2990 3500 quibus

758 3516 1028 3596 Petrus
1068 3521 1551 3621 Petrovioius,
1594 3538 1669 3606 et
1720 3531 2080 3606 Melchior
2135 3530 2458 3605 Balassa
2495 3530 2641 3605 fide
2676 3552 2812 3627 per
2874 3529 2987 3604 di-

750 3645 996 3738 ploma
1035 3659 1321 3743 cavent.
1363 3651 1514 3730 Sed
1549 3657 1810 3753 regina
1844 3657 1923 3732 id
1961 3681 2187 3754 aegre
2225 3658 2390 3733 tulit
2430 3680 2618 3755 quae
2648 3660 2805 3755 jam
2846 3653 2984 3733 Co-

746 3769 861 3844 los
876 3772 1114 3848 varini
1151 3785 1312 3853 erat
1332 3774 1442 3877 *);
1479 3781 1782 3880 insuper
1824 3780 2139 3859 Gabriel
2176 3782 2495 3880 Pereny,
2536 3782 2744 3859 Petri
2782 3783 2983 3859 illius

767 3894 984 3991 filius,
1042 3909 1115 3977 et
1151 3902 1595 3984 Franciscus
1652 3910 1932 4009 Kendy
1985 3913 2321 4010 reginam
2364 3912 2874 4003 incendebant,
2919 3917 2992 3987 et

766 4044 858 4096 ne
968 4026 1450 4110 dimitteretur
1541 4038 2062 4128 consulebant3
2138 4039 2234 4115 ad
2340 4040 2526 4116 haec
2599 4064 2645 4116 a
2681 4040 2985 4117 nonnul-

766 4215 1007 4225 ——---—
1018 4215 1054 4221 -v

926 4265 986 4335 ⁴⁶)
1025 4264 1271 4323 Istvanfi
1306 4269 1619 4343 jegyzete:
1649 4271 1774 4329 Nisi
1817 4272 2108 4330 Isabellae
2151 4272 2413 4347 partibus
2465 4271 2743 4330 Melchior
2769 4272 2982 4347 Balasy

749 4372 814 4412 se
841 4358 1245 4429 conjunxisset,
1271 4359 1373 4414 illa
1399 4379 1687 4434 nunquam
1731 4365 1789 4419 in
1829 4364 2328 4422 Transsilvaniam
2365 4365 2589 4438 ingredi
2632 4366 2977 4436 potuissset;

750 4447 850 4501 ned
909 4449 1006 4505 ille
1043 4449 1132 4501 vir
1171 4449 1433 4507 militaris
1486 4455 1688 4511 ceteris
1742 4470 1804 4510 se
1830 4455 2025 4512 ducem
2076 4462 2134 4512 ct
2181 4456 2623 4530 antesignanum
2669 4456 2879 4514 obtulit
2925 4464 2981 4516 et

752 4536 913 4594 illam
938 4538 1273 4597 introduxit.
