3293 5219
760 300 917 380 504

756 522 1045 597 locatos
1103 518 1430 592 exterius
1484 516 1901 591 introducit.
1943 514 2120 589 Pari
2176 522 2706 613 stratagemate
2743 513 2996 588 Ludo·

755 647 961 722 vicus
1001 644 1072 720 N
1076 646 1414 720 assovius
1469 644 1824 720 Montium
1881 643 2224 740 oppidum
2262 644 2821 720 munitissimum
2864 642 2999 716 ob-

756 772 1006 858 tinuit3
1046 771 1189 847 XL
1239 772 1430 846 enim
1487 771 1776 846 circiter
1832 769 2100 845 milites
2137 768 2394 846 habitu
2446 769 2843 859 rusticano,
2916 774 2997 841 et

755 920 1009 977 carros
1081 918 1238 973 cum
1313 897 1775 990 stramentis,
1858 897 2122 994 quibus
2186 920 2391 972 arma
2448 898 2998 986 occulebantur,

759 1025 1074 1117 immisit,
1116 1024 1239 1122 qui
1277 1025 1525 1101 ‘statim
1562 1025 1637 1099 in
1676 1024 1912 1099 forum
1969 1033 2440 1101 accurrentes
2481 1026 2709 1100 armis
2750 1023 2996 1120 captis

763 1175 1024 1229 nomen
1062 1150 1428 1247 Aurangii
1485 1148 1966 1242 conclamant,
2021 1159 2423 1248 portasque
2480 1156 2864 1248 occupant,
2922 1157 3002 1223 et

763 1277 1211 1356 Nassovium
1247 1277 1432 1352 foris
1481 1285 1820 1352 eventum
1874 1275 1984 1351 rei
2045 1284 2595 1372 exspectantem
2649 1275 2998 1351 continuo

768 1428 925 1482 cum
968 1404 1201 1502 copiis
1257 1403 1641 1501 recipiunt.
1687 1402 2115 1500 Aurangius
2151 1405 2446 1479 tandem
2483 1405 2762 1502 scripto
2821 1427 2999 1502 pro-

767 1533 1089 1628 mulgato
1131 1559 1148 1604 z
1207 1530 1411 1626 Ego,
1469 1530 1721 1627 inquit.
1798 1537 1870 1605 et
1926 1530 2130 1623 socii,
2191 1538 2549 1606 testamur
2623 1530 2866 1605 Deum
2926 1539 3003 1605 et

766 1657 1076 1756 angelos
1115 1659 1295 1752 eJus,
1351 1657 1830 1753 hominesque
1885 1665 2322 1755 praesentes
2382 1664 2455 1731 et
2506 1657 2815 1746 futuros,
2858 1679 2997 1733 nos

750 1788 962 1884 justa
1000 1791 1074 1858 et
1129 1782 1457 1876 legitima
1512 1806 1718 1857 arma
1764 1782 2209 1858 necessitate
2249 1791 2562 1881 cogente
2600 1782 3002 1858 sumsisse:

764 1912 969 1987 nulla
1007 1911 1095 1985 de
1152 1933 1378 1986 causa
1415 1911 1585 2001 alia,
1644 1935 1860 2008 quam
1917 1918 1995 2028 ut
2048 1912 2446 1987 immensae
2504 1910 2871 1985 avaritiae
2928 1919 3003 1987 et

763 2037 1132 2137 tyrannidi
1169 2037 1373 2111 ducis
1409 2035 1684 2111 Albani
1723 2044 1795 2113 et
1831 2036 2331 2133 Hispanorum
2367 2037 2859 2130 obstaremus,
2882 2037 3004 2133 qui

769 2163 1059 2238 miseris
1099 2162 1385 2259 populis
1426 2161 1865 2251 libertatem,
1914 2163 2272 2259 fortunas,
2329 2171 2401 2237 et
2446 2163 2675 2237 vitam
2713 2158 3044 2258 eripere'

768 2299 1138 2383 conantur,
1177 2297 1256 2365 ut
1293 2311 1453 2364 cum
1491 2290 1658 2366 Deo
1699 2290 2115 2366 libertatem
2155 2297 2467 2379 tuentes,
2506 2291 2802 2366 illorum
2840 2314 2999 2365 crn-

771 2417 1144 2494 delitatem
1196 2419 1834 2509 refrenaverimus,
1874 2416 2175 2517 repulsa
2212 2420 2285 2492 vi
2324 2428 2544 2516 atque
2583 2419 2999 2517 tyrannide,

770 2546 985 2623 fidem
1005 2552 1223 2644 atque
1263 2545 1581 2622 debitam
1603 2546 2095 2622 obedientiam
2117 2545 2404 2622 domino
2473 2567 2722 2621 eorum
2795 2567 3006 2646 prae·

772 2682 984 2751 stent.
1023 2672 1283 2770 Itaque
1340 2669 1725 2748 Geldriam
1783 2681 1857 2749 et
1906 2673 2227 2749 Frisiam
2283 2674 2492 2748 brevi
2545 2673 2622 2747 in
2681 2680 3007 2770 potesta-

769 2811 917 2876 tem
953 2800 1313 2896 redigunt,
1354 2807 1428 2875 et
1480 2801 1879 2898 pleraeque
1929 2801 2267 2876 civitates
2308 2824 2478 2876 sese
2539 2802 3005 2898 conjungunt.

984 2926 1265 3002 Eodem
1314 2931 1640 3025 tempore
1702 2929 1866 3003 duci
1914 2928 2254 3004 Medinae
2310 2924 2519 3004 Coeli
2556 2928 2876 3003 navibus
2915 2954 3007 3005 ex

772 3051 1142 3152 Hispania
1195 3053 1271 3128 in
1325 3055 1772 3152 provinciam
1828 3055 2273 3148 adventanti,
2348 3063 2422 3130 et
2495 3053 2791 3130 Albano
2853 3079 3008 3133 suc-

777 3201 1096 3272 cessuro,
1141 3178 1549 3278 Orengiani
1587 3183 1881 3258 obviam
1936 3183 2269 3281 profecti,
2305 3182 2469 3281 ipso
2508 3182 2689 3279 fuga
2727 3182 3008 3283 elapso,

773 3308 1151 3407 pecuniam
1170 3309 1472 3405 regiam,
1497 3333 1750 3404 naves,
1783 3319 1856 3386 et
1908 3334 2033 3386 res
2052 3310 2440 3386 universas
2464 3318 2839 3408 occupant.
2880 3308 3006 3386 Al·

773 3433 1011 3508 banus
1049 3432 1165 3507 his
1205 3433 1293 3509 de
1333 3435 1576 3510 causis
1627 3437 2024 3513 exercitum
2082 3437 2404 3534 equitum
2462 3445 2532 3510 et
2571 3436 2897 3534 peditum
2930 3435 3008 3511 in

779 3555 1211 3653 Germania,
1270 3586 1486 3660 quam
1524 3564 1913 3640 maximum
1970 3572 2232 3664 potest,
2273 3563 2709 3658 conscribit3
2766 3573 2839 3639 et
2873 3585 3006 3639 rex

777 3683 1164 3784 Philippus
1220 3689 1757 3784 provinciarum
1831 3692 2279 3787 belgicarum
2348 3690 2749 3790 periculum
2826 3689 3009 3764 veri·

778 3823 916 3904 tue,
995 3813 1306 3888 classem
1369 3817 1743 3893 Messinae
1784 3819 2154 3910 continuit,
2209 3824 2291 3893 ut
2324 3816 2528 3893 illinc
2568 3815 2816 3893 Gallis
2854 3814 3007 3892 bel-

774 3945 923 4017 lum
977 3948 1400 4035 ostentaret,
1469 3945 1534 4018 si
1613 3945 1891 4021 auxilia
1953 3944 2208 4043 Belgis
2273 3943 2668 4036 misissent,
2710 3951 2785 4018 et
2820 3945 3009 4018 clas·

769 4049 1166 4143 'siariorum
1233 4066 1536 4145 militum
1609 4081 1898 4170 partem
1968 4072 2263 4148 Albano
2340 4072 2718 4169 suppetias
2774 4069 3012 4162 misit3

779 4193 973 4294 quod
1009 4193 1279 4268 bellum
1318 4196 1576 4271 minori
1632 4199 2009 4296 aliquanto
2071 4196 2398 4297 periculo
2448 4204 2749 4295 propter
2787 4218 3009 4272 neces

777 4321 1165 4397 illustrium
1204 4321 1540 4415 virorum,
1581 4324 1657 4399 in
1698 4325 1968 4421 gallico
2008 4324 2337 4414 tumultu,
2400 4323 2519 4420 qui
2563 4343 3011 4398 communem

781 4447 1162 4546 religionis
1220 4470 1516 4524 causam
1594 4458 1667 4525 et
1741 4445 2139 4528 vicinorum
2211 4450 2522 4548 injurias
2598 4449 3006 4542 neglecturi

781 4597 924 4649 non
982 4574 1436 4672 videbantur,
1492 4588 1781 4675 gestum
1853 4573 1985 4655 est.
2040 4577 2333 4654 Etenim
2385 4599 2571 4674 pace
2625 4575 2701 4651 in
2741 4571 3010 4649 Galliis
