3293 5219
2365 257 2578 366 93'

244 513 389 581 erat
432 505 874 604 Mustapha3
915 504 1227 581 alteram
1264 504 1692 583 Hebraeam
1713 505 1813 600 ³⁸),
1853 531 2071 605 quam
2129 516 2204 584 et
2250 508 2472 606 adop·

236 630 407 706 tavit
446 632 521 705 in
550 633 679 727 jus
715 631 1032 728 legitimi
1087 632 1570 728 matrimonii;
1626 632 1804 709 licet
1857 633 2268 732 principum
2322 641 2471 709 tur-

238 780 471 833 earum
491 781 796 835 uxorem
819 757 1080 833 habuit
1098 755 1365 849 nullus,
1407 780 1645 855 neque
1672 757 1952 834 habere
1993 781 2085 833 ex
2174 758 2471 855 legibus

234 886 656 979 permissum
696 893 920 961 esset.
961 881 1413 982 Solymanus
1434 891 1707 977 tamen,
1730 887 1795 961 si
1817 886 2155 961 omnibus
2196 885 2468 961 Turcis

233 1009 414 1085 idem
446 1012 724 1104 liceret,
747 1034 877 1088 cur
916 1011 1063 1086 sibi
1101 1034 1248 1087 non
1269 1011 1497 1086 licere
1519 1013 1778 1107 ajebat
1799 1009 1836 1084 ⁴?
1872 1012 1993 1087 Ex
2033 1012 2175 1087 hac
2211 1011 2471 1087 habuit

237 1133 573 1213 Selimum
592 1194 609 1229 ,
715 1137 1191 1235 Bajazetem‚
1255 1162 1345 1213 ac
1421 1133 1939 1235 Gihangerum
1960 1195 1976 1224 ‚
2069 1139 2244 1214 item
2322 1138 2469 1213 *fili-

236 1262 461 1355 am**)
500 1287 719 1361 quam
737 1263 1093 1342 Rustemo
1115 1263 1513 1339 inuxorem
1554 1264 1775 1358 dedit,
1816 1272 1890 1339 et
1926 1286 2089 1339 eum
2140 1264 2468 1362 supremi

236 1389 452 1463 veziri
504 1389 849 1486 dignitati
940 1390 1320 1489 praefecit.
1399 1388 1584 1465 Cum
1638 1391 1715 1464 in
1770 1390 2136 1488 persicum
2193 1390 2469 1466 bellum

234 1512 809 1610 proficisceretur
832 1572 849 1607 ,
906 1516 1333 1614 provincias
1394 1515 1574 1590 filiis
1636 1515 2047 1610 distribuit;
2103 1516 2467 1613 Bajazeto

240 1638 306 1712 in
358 1641 661 1741 Europa
692 1641 1229 1742 Adrinopolim,
1268 1644 1718 1742 Mustaphae
1755 1644 2116 1720 Brussam
2168 1644 2245 1719 in
2281 1643 2469 1720 Asia

234 1765 499 1860 minori,
577 1766 928 1844 Selimum
988 1777 1062 1845 et
1102 1766 1618 1867 Grihangerum
1675 1770 1750 1845 in
1788 1770 2329 1868 expeditionem
2363 1777 2470 1846 tu-

236 1890 329 1965 lit.
384 1893 936 1971 Aemulationes
979 1920 1297 1992 magnae
1356 1905 1569 1972 erant
1605 1897 1798 1971 inter
1837 1899 2206 1989 mulieres,
2246 1904 2467 1993 atque

231 2015 540 2114 ipsarum
599 2021 822 2096 etiam
867 2022 1169 2097 liberos.
1231 2021 1587 2098 Hebraea
1644 2022 1837 2097 enim
1894 2023 2140 2098 dolum
2189 2023 2265 2096 in
2307 2019 2466 2097 Gir-

236 2165 510 2221 cassam
530 2145 956 2224 machinata
993 2156 1150 2243 est3
1191 2148 1555 2246 siquidem
1594 2173 1741 2246 qua
1777 2155 1994 2224 nocte
2033 2149 2129 2223 ad
2168 2145 2466 2224 Circas·

236 2292 383 2345 sam
436 2281 790 2350 venturus
829 2284 993 2350 erat
1029 2271 1500 2371 Solymanus,
1559 2272 1936 2366 Hebraea,
1976 2274 2042 2349 si
2099 2297 2262 2348 eam
2298 2295 2467 2347 noc-

236 2402 369 2472 tem
438 2399 582 2475 sibi
637 2401 1103 2492 concederet,
1162 2423 1432 2497 magno
1489 2421 1573 2472 se
1611 2407 1924 2494 argento
1975 2398 2466 2474 redemturam

236 2525 613 2624 promittit;
671 2525 804 2599 illa
860 2549 952 2600 ex
979 2529 1177 2623 joco,
1234 2533 1314 2601 ut
1367 2524 1469 2618 fit,
1528 2532 2090 2624 repraesentato
2149 2530 2463 2622 argento

236 2654 600 2728 concessit.
644 2650 1000 2728 Hebraea
1037 2675 1218 2748 ergo
1257 2650 1661 2751 Solymano
1683 2652 2085 2746 renunciat,
2124 2673 2206 2727 se
2301 2675 2466 2728 eum

234 2800 483 2875 magno
594 2787 903 2875 argento
975 2780 1333 2855 coemisse
1420 2778 1515 2852 ab
1590 2775 1966 2872 Circassa,
2021 2785 2244 2876 utque
2301 2800 2464 2852 eam

235 2910 499 2980 noctem
553 2904 756 3004 apud
792 2927 876 2980 se
933 2911 1212 3001 ageret,
1267 2903 1503 3002 petiit.
1565 2904 1683 2978 Ea
1737 2927 1821 2979 re
1870 2902 2319 3004 Solymanus
2358 2903 2465 2979 in-

238 3031 511 3125 quisita,
552 3032 748 3130 quod
785 3028 1054 3107 tantilli
1110 3052 1195 3105 se
1252 3030 1731 3106 aestimasset
1784 3030 1936 3123 illa,
1976 3039 2051 3106 et
2084 3052 2348 3105 venum
2385 3051 2469 3104 se

236 3159 709 3254 praebuisset,
748 3159 874 3257 qui
912 3158 1131 3232 vendi
1148 3180 1295 3232 non
1315 3164 1595 3255 posset,
1635 3158 1851 3233 domo
1872 3157 2320 3250 exturbavit,
2360 3163 2468 3233 at-

234 3284 489 3359 tributo
526 3286 596 3362 ei
634 3293 837 3361 certo
874 3286 1038 3360 loco
1078 3283 1563 3359 habitationis
1617 3284 1694 3358 in
1731 3282 1952 3380 Asia;
2002 3292 2077 3358 et
2115 3283 2464 3380 deinceps

242 3431 377 3486 una
411 3410 765 3489 Hebraea
807 3435 988 3488 usus
1035 3420 1173 3489 est.
1212 3409 1409 3486 Hinc
1443 3410 1994 3506 indignationes
2034 3418 2242 3486 ortae
2279 3416 2467 3485 sunt.

239 3534 417 3612 Nam
454 3539 856 3638 Mustapha
876 3563 960 3614 se
980 3542 1268 3615 salvum
1298 3559 1467 3614 esse
1503 3558 1754 3633 posse,
1791 3537 1986 3611 vivis
2020 3534 2174 3610 illis
2211 3535 2336 3634 qui
2374 3557 2468 3608 ex

233 3659 569 3740 Hebraea
607 3673 842 3757 erant,
880 3689 1026 3741 non
1065 3663 1454 3740 credebat:
1492 3663 1746 3739 itidem
1782 3661 1895 3739 illi
1933 3663 2145 3738 salvo
2183 3661 2465 3737 Musta-

233 3788 386 3885 pha.
425 3793 664 3890 Igitur
682 3790 1114 3869 Rustemum
1154 3815 1196 3867 e
1215 3790 1455 3867 medio
1472 3788 1878 3866 tollendum
1913 3787 2315 3890 Mustapha
2349 3808 2468 3862 cu-

233 3915 431 3992 rabat
468 3912 693 4016 (quod
729 3924 975 3996 tamen
1013 3918 1091 3993 in
1128 3925 1419 3993 secreto
1478 3938 1648 3992 esse
1686 3941 1832 3993 non
1866 3910 2160 4015 potuit),
2199 3913 2463 3991 Ruste·

234 4060 377 4116 mus
445 4044 773 4120 vicissim
828 4068 988 4121 cum
1081 4066 1300 4121 socru
1410 4049 1629 4141 atque
1684 4065 1936 4137 uxore,
2027 4041 2276 4136 illum;
2349 4047 2459 4116 at·

406 4289 464 4360 ἰ)
490 4291 734 4350 Ῑιῐνόιιᾶ
764 4293 1073 4365 jegyzete:
1114 4291 1241 4348 Non
1269 4296 1395 4347 erat
1420 4290 1694 4351 hebraea.
1721 4290 1822 4346 sed
1842 4289 2142 4347 ruthenico,
2167 4288 2463 4348 Hazathia

240 4384 468 4453 nomine,
514 4385 872 4441 astutissima
919 4383 1124 4440 mulier
1149 4389 1209 4441 et
1258 4382 1536 4441 venifieiis
1586 4383 1804 4450 dedita,
1856 4382 2098 4454 ideoque
2141 4381 2373 4454 philtris
2400 4388 2462 4440 et

235 4470 542 4540 pharmacis
570 4472 922 4532 Sulimanum
950 4474 1034 4528 ita
1056 4472 1166 4529 sibi
1190 4474 1551 4538 devinxerat,
1580 4479 1645 4530 ut
1669 4473 1861 4531 omnia
1891 4473 2018 4545 ejus
2039 4479 2183 4529 nutu
2208 4479 2454 4547 gereret.

400 4564 496 4636 θ’)
523 4563 765 4623 Ιιῑνάιιίὶ
782 4564 1061 4635 jegyzete
1084 4582 1098 4618 ε
1125 4562 1490 4623 Chamon-iam
1510 4565 1757 4621 nomine.

930 4884 1121 5021 f

2481 4828 3072 5109 f„
