3293 5219
714 257 818 337 28

719 479 1144 555 ambitionis
1202 489 1420 577 atque
1479 480 1838 555 avaritiae
1896 479 2236 578 cupidine
2327 480 2400 553 in
2473 481 2959 580 proditionem

714 607 1012 706 lapsus,
1051 614 1161 681 tot
1197 605 1392 683 bona
1426 629 1571 682 uno
1612 606 1896 681 scelere
1934 627 2079 680 non
2114 607 2583 682 maculasset.
2629 604 2962 705 Recupe-

618 815 625 819 ,
713 739 923 809 ratae
962 756 1250 832 quoque
1289 733 1574 833 Lippae
1627 731 1906 830 gloria,
1950 739 2025 806 et
2062 733 2478 808 conservati
2518 732 2960 807 Temesvari

718 883 808 934 ac
843 859 1332 960 expeditionis
1391 860 1612 936 decus
1670 882 1898 960 penes
1964 858 2202 958 ipsum
2243 859 2469 949 stetit,
2507 866 2716 934 tanto
2771 859 2960 935 cele·

713 986 945 1062 briori
979 987 1213 1075 fama,
1255 987 1449 1085 quod
1486 1009 1633 1063 non
1673 988 1768 1061 ab
1807 988 1955 1062 alio
1996 984 2252 1060 ducum
2295 985 2745 1060 Ferdinandi
2781 986 2957 1060 civi-

715 1120 971 1204 tatem,
1013 1134 1400 1211 arcemque
1439 1114 1669 1189 tantis
1709 1114 2263 1201 munitionibus,
2304 1113 2678 1210 tantisque
2717 1110 2959 1187 militi-

714 1240 853 1314 bus
890 1237 1210 1314 validam
1251 1241 1345 1315 ab
1387 1238 1655 1316 Turcis
1695 1249 2202 1338 recuperatam
2259 1239 2782 1329 meminissent,
2834 1246 2964 1314 aut

715 1388 867 1442 rem
926 1365 1214 1442 felicius
1273 1372 1402 1441 aut
1457 1365 1886 1464 prudentius
1944 1376 2222 1460 actam3
2298 1365 2490 1463 quod
2548 1363 2962 1464 exemplum

716 1493 971 1568 eadem
1023 1492 1223 1567 fama
1280 1493 1474 1592 apud
1529 1499 1876 1591 posteros
1935 1517 2222 1591 quoque
2261 1493 2548 1567 mansit.
2607 1489 2815 1583 Quae
2851 1488 2968 1564 illi

713 1618 1200 1719 suspicionem
1254 1619 1619 1709 fecerant,
1679 1641 1905 1717 supra
1941 1618 2279 1694 diximus.
2343 1619 2535 1693 Nam
2573 1638 2811 1714 neque
2856 1614 2962 1690 di-

717 1754 931 1836 ctum,
972 1768 1209 1844 neque
1246 1746 1519 1821 factum
1558 1747 1783 1822 ullum
1822 1746 2126 1840 gravius
2166 1747 2491 1821 notatum
2531 1751 2664 1818 est.
2709 1740 2960 1817 Semel

716 1879 993 1949 tantum
1032 1872 1234 1970 loqui
1275 1880 1391 1947 est
1426 1872 1630 1947 visus
1669 1870 1997 1953 liberius,
2042 1872 2237 1970 quod
2275 1868 2814 1947 Germanorum
2858 1868 2964 1942 vi-

717 2021 841 2076 res
880 2000 1103 2094 longe
1141 1996 1359 2090 alias,
1402 2021 1618 2096 quam
1658 2004 2008 2095 expertus
2049 2005 2268 2088 esset,
2309 1996 2742 2072 crediderat.
2805 1992 2961 2071 Sed

716 2125 845 2201 ille
884 2148 976 2201 ex
1016 2124 1378 2201 altissimo
1447 2124 1757 2222 quodam
1833 2132 1907 2199 et
1964 2147 2235 2200 arcano
2293 2124 2603 2198 consilio
2643 2122 2966 2197 maxima

719 2251 1075 2351 quaedam
1132 2248 1470 2325 meditari
1527 2256 1875 2347 coeperat
1946 2249 2114 2322 ideo
2173 2248 2587 2337 lenitatem,
2648 2247 2966 2344 pruden-

725 2379 902 2453 tiam
961 2400 1050 2452 ac
1087 2375 1488 2475 potentiam
1527 2375 1721 2472 apud
1782 2372 2258 2473 Solymanum
2317 2374 2737 2449 ostentabat
2778 2401 2793 2445 ε
2849 2371 2957 2446 ni·

715 2504 971 2579 mirum
1013 2504 1294 2579 Budam
1335 2524 1627 2600 semper
1683 2501 1752 2576 in
1815 2501 2073 2576 animis
2111 2501 2473 2589 habebat,
2520 2500 2595 2573 id
2653 2499 2811 2573 dies
2887 2506 2968 2572 et

723 2639 979 2707 noctes
1018 2629 1434 2728 cogitabat,
1475 2649 1790 2726 quonam
1827 2628 2040 2703 modo
2080 2636 2591 2724 recuperaret3
2649 2627 2813 2700 ideo
2855 2626 2963 2699 vi-

718 2780 861 2848 res,
901 2757 1382 2846 concordiam,
1423 2762 1497 2828 et
1535 2755 1936 2852 potentiam
1997 2752 2562 2827 christianorum
2622 2748 2964 2850 Solyma-

722 2908 816 2960 no
856 2883 1293 2982 saepissime
1324 2891 1482 2958 arte
1507 2883 1823 2980 quadam
1844 2881 2163 2957 mirabili
2201 2880 2645 2956 insinuabat.
2666 2879 2967 2954 Etenim

717 3013 789 3087 in
851 3033 1348 3109 quamcunque
1405 3008 1650 3084 mundi
1708 3008 1928 3082 aliam
1978 3014 2264 3104 partem
2324 3005 2704 3106 Solymani
2765 3006 2964 3079 vires

717 3143 1177 3228 convertere,
1220 3159 1435 3235 quam
1493 3135 1567 3210 in
1629 3134 2041 3232 Ungariam
2095 3133 2489 3210 nitebatur.
2551 3131 2734 3208 Cum
2774 3131 2962 3207 enim

716 3271 1143 3365 perpetuum
1183 3263 1426 3338 odium
1478 3286 1636 3337 cum
1694 3262 1993 3357 regina,
2071 3268 2146 3335 et
2203 3259 2611 3336 Petrovitio
2661 3281 2962 3335 exercu-

715 3392 922 3480 isset,
963 3398 1037 3464 et
1073 3390 1408 3466 educatio
1448 3391 1706 3486 regiae
1740 3388 1976 3488 prolis
2016 3387 2158 3462 sibi
2200 3388 2666 3464 vehementer
2707 3386 2961 3484 displi-

721 3527 957 3607 ceret,
1028 3525 1529 3614 metueretque
1603 3539 1695 3591 ex
1753 3515 1950 3590 mala
2006 3514 2437 3590 educatione
2512 3537 2656 3588 non
2730 3536 2959 3612 posse

723 3644 1093 3743 quidpiam
1149 3645 1318 3719 boni
1377 3643 1471 3717 ad
1526 3665 1831 3738 regnum
1889 3642 2247 3717 conferri:
2308 3641 2530 3716 filium
2588 3640 2953 3737 quendam

722 3770 1045 3870 spurium
1074 3771 1151 3848 ,J
1160 3769 1419 3845 oannis
1476 3777 1645 3844 ante
1704 3770 2105 3866 legitimum
2143 3767 2676 3844 matrimonium
2709 3789 2959 3842 susce·

718 3904 919 3997 ptum
960 3896 1301 3982 fovebat,
1360 3898 1430 3970 in
1491 3918 1705 3992 quem
1762 3895 2152 3971 videbatur
2214 3891 2594 3994 Solymani
2649 3896 2962 3970 auctori·

713 4033 865 4100 tate
921 4044 1223 4118 regnum
1278 4020 1796 4096 translaturus.
1858 4019 2066 4111 Quae
2124 4023 2284 4117 ejus
2342 4043 2613 4095 arcana
2653 4013 2965 4096 consilia

718 4157 986 4250 postea
1020 4158 1310 4247 tempus
1350 4149 1645 4224 detexit.
1708 4147 2008 4224 Ccrtum
2066 4154 2218 4238 est,
2275 4170 2399 4238 ea,
2459 4170 2646 4243 quae
2701 4146 2963 4222 merito

723 4276 1111 4352 metuenda
1128 4286 1361 4368 erant,
1384 4276 1729 4351 virtutem
1768 4284 1990 4374 atque
2025 4276 2425 4374 potentiam
2459 4273 2570 4349 illi
2597 4274 2962 4350 nocuisse.

727 4404 1018 4478 Norant
1075 4402 1265 4476 enim
1304 4402 1551 4477 invitis
1592 4402 1926 4478 omnibus
1965 4400 2195 4477 filium
2250 4402 2301 4479 ,J
2308 4400 2569 4478 oannis
2608 4401 2814 4499 regis
2850 4423 2964 4475 re-

723 4551 869 4629 gno
928 4527 1430 4623 deturbatum,
1486 4536 1753 4606 norant
1805 4527 2010 4604 illum
2062 4551 2280 4604 unum
2338 4527 2781 4620 desiderari,
2823 4529 2960 4603 sub
