3293 5219
799 272 905 369 [16

802 502 876 569 et
912 498 1230 567 externa
1250 487 1589 577 obtinuit,
1629 486 1987 581 auxitque
2033 481 2579 559 munitionibus.
2623 483 2816 558 Nam
2856 490 3055 558 vete-

799 640 924 694 res
963 614 1240 692 domini
1276 614 1526 710 magis
1566 610 2016 703 amoenitati,
2038 631 2255 707 quam
2289 607 2670 684 securitati
2708 607 3056 689 felicibus

799 741 1260 842 temporibus
1316 740 1857 814 consuluerant.
1955 734 2172 811 Unde
2248 743 2323 810 et
2378 734 2646 810 civitas
2720 734 3050 809 cratibus

804 870 1186 945 dumtaxat
1259 864 1619 966 praealtis
1697 862 1971 960 argilla
2025 860 2309 953 oblitis,
2367 867 2442 934 et
2495 860 2787 936 modica
2840 862 3053 935 fossa

805 994 1256 1073 circumdata
1312 999 1498 1085 erat,
1555 990 1942 1086 medioque
1997 986 2361 1079 fluviolus,
2402 986 2528 1084 qui
2563 987 2727 1067 loco
2787 1007 3054 1061 nomen

806 1122 1027 1214 dedit,
1064 1118 1495 1219 perlabitur.
1556 1114 1660 1191 At
1713 1114 1982 1191 Petrus
2045 1137 2137 1188 ex
2194 1136 2341 1188 una
2377 1132 2573 1204 arce,
2639 1133 2828 1209 quae
2888 1117 3052 1185 erat

798 1245 1280 1348 amplissima,
1340 1243 1526 1318 duas
1584 1244 1841 1317 facere
1898 1241 2150 1334 voluit,
2209 1237 2650 1316 intermedia
2701 1239 2916 1315 fossa
2984 1248 3059 1313 et

797 1373 1167 1452 latissimo
1223 1393 1453 1461 muro,
1512 1370 1618 1444 ita
1673 1376 1755 1444 ut
1791 1390 2043 1443 murus
2097 1366 2194 1442 ad
2242 1366 2738 1442 sanctuarium
2794 1370 3057 1443 summi

792 1500 1053 1602 templi
1089 1500 1299 1590 (uam
1333 1498 1411 1571 id
1455 1497 1530 1571 in
1567 1519 1741 1573 arce
1780 1498 1978 1585 erat)
2034 1493 2563 1592 produceretur
2585 1513 2615 1585 ,'
2659 1503 2733 1569 et
2768 1493 2847 1568 id
2885 1494 3049 1569 vice

798 1621 1340 1726 propugnaculi
1375 1620 1825 1717 promineret
1848 1644 1865 1714 3
1897 1616 2436 1716 roboribusque
2455 1618 2904 1695 intrinsecus
2921 1643 3060 1720 per

796 1758 1018 1828 notas
1058 1748 1583 1824 commissuras
1648 1747 2021 1839 connexis,
2061 1738 2155 1820 ne
2191 1746 2490 1845 terresti
2527 1745 2858 1845 pondere
2894 1747 3054 1822 hia-

801 1882 1089 1969 sceret,
1145 1896 1380 1972 usque
1438 1873 1535 1950 ad
1572 1895 1927 1949 summum
1981 1870 2363 1969 fastigium
2416 1879 2622 1948 terra
2677 1872 3055 1970 oppletum

800 2002 963 2097 fuit,
1002 2002 1323 2099 desuper
1362 2001 1630 2077 corbes
1669 2000 1871 2099 pleni
1909 2007 2114 2075 terra
2187 2005 2350 2104 arte
2409 1997 2754 2097 dispo-siti
2789 1999 2888 2074 ad
2926 2000 3049 2076 de·

800 2128 1175 2205 fendenda
1209 2135 1619 2220 tormenta,
1678 2149 1868 2224 quae
1942 2125 2179 2202 nostri
2253 2123 2408 2200 illic
2481 2122 3057 2203 collocaverant.

805 2254 1081 2332 Paucis
1101 2277 1279 2332 vero
1319 2262 1494 2331 ante
1515 2253 1752 2347 annis,
1775 2261 2170 2351 postquam
2189 2250 2458 2329 Petrus
2481 2252 2871 2329 diuturnae
2889 2277 3057 2354 cap-

801 2380 1112 2457 tivitatis
1169 2380 1418 2456 taedio
1458 2380 1613 2455 vita
1653 2379 1943 2453 functus
1982 2386 2101 2453 est
2134 2377 2516 2470 Viennae,
2554 2379 2711 2454 fato
2751 2403 2849 2455 an
2886 2380 3057 2456 dolo

800 2507 1179 2599 incertum,
1219 2529 1379 2581 cum
1451 2505 1874 2581 libertatem
1933 2503 2436 2601 quadraginta
2495 2527 2796 2582 aureum
2852 2529 3057 2583 num·

803 2655 996 2709 mum
1051 2632 1378 2710 millibus
1423 2636 1585 2729 jam
1639 2632 2105 2723 redemisset,
2145 2679 2149 2683 Δ
2200 2639 2274 2707 et
2326 2631 2424 2708 ad
2490 2656 2670 2711 suos
2742 2635 3059 2712 reditum

803 2766 1209 2856 sperasset.
1268 2757 1797 2834 Ferdinandus
1854 2761 1950 2834 ab
2011 2754 2374 2835 Gabriele
2431 2758 2624 2854 filio,
2682 2785 2904 2860 prece
2981 2770 3059 2838 et

801 2884 1191 2983 promissis
1246 2908 1339 2960 ac
1389 2893 1857 2961 renumerato
1923 2885 2399 2961 redemtionis
2435 2894 2793 2987 paternae
2850 2910 3058 2977 auro,

802 3017 1211 3109 receperat,
1251 3012 1559 3109 eJusque
1594 3011 2192 3120 praefecti-nova
2210 3013 2795 3111 propugnacula,
2815 3034 3058 3091 novas

802 3138 1034 3212 moles
1073 3144 1294 3235 atque
1352 3162 1679 3236 aggeres
1738 3139 2172 3238 opportunis
2229 3139 2416 3215 locis
2456 3148 3055 3217 construxerant.

802 3261 1205 3358 Regebant
1256 3261 1680 3364 Stephanus
1735 3264 2149 3341 Mechkeus
2205 3274 2281 3341 et
2338 3262 2761 3365 Stephanus
2834 3269 3058 3344 Dobo

804 3394 1126 3488 aequata
1161 3397 1557 3489 potestate,
1598 3391 1734 3466 sed
1792 3392 2166 3490 paucitate
2221 3391 2547 3486 militum,
2607 3393 2731 3491 qui
2768 3392 3065 3471 ducenti

802 3514 1129 3613 equites,
1167 3514 1614 3613 totidemque
1654 3517 1944 3616 pedites
1981 3517 2211 3608 fuere,
2249 3518 2545 3595 solitum
2579 3521 3058 3619 praesidium,

799 3639 1349 3719 Ferdinandum
1365 3644 1656 3721 nunciis
1677 3652 1899 3743 atque
1919 3643 2257 3743 epistolis
2278 3645 2802 3741 sollicitabant,
2821 3648 2930 3725 ita
2949 3656 3057 3724 ta-

804 3788 990 3861 men,
1025 3775 1106 3842 ut
1142 3768 1337 3865 quod
1388 3792 1755 3867 praesens
1810 3772 2226 3849 necessitas
2275 3781 2598 3874 cogeret,
2637 3796 2783 3850 non
2839 3798 3054 3874 prae-

801 3893 1327 3989 termitterent;
1401 3895 1548 3995 ipsi
1603 3919 1896 3995 quoque
1952 3921 2186 3975 novos
2245 3900 2742 3992 conscribere,
2801 3910 2878 3977 et
2934 3924 3054 3977 co-

801 4019 1102 4097 mitatus
1119 4043 1621 4121 proceresque
1639 4048 1978 4121 monere,
2019 4034 2184 4103 octo
2231 4035 2304 4103 et
2341 4028 2720 4126 octoginta
2754 4028 3057 4127 pedites

810 4146 1292 4248 undecunque
1325 4152 1743 4249 conquisiti,
1784 4176 1876 4228 ex
1897 4153 2216 4252 paganis
2236 4153 2661 4230 nominatim
2682 4162 2855 4231 sunt
2891 4178 3058 4233 cen-

804 4279 954 4348 tum
1018 4281 1093 4348 et
1148 4274 1401 4351 decem
1460 4280 1793 4373 evocati,
1862 4287 2195 4362 rectores
2253 4280 2618 4374 vicorum,
2675 4304 3058 4380 pagorum,

813 4396 1324 4495 villarumque,
1347 4426 1531 4498 quos
1572 4404 1934 4481 officiales
1979 4405 2248 4498 dicunt,
2271 4429 2407 4482 sex
2445 4414 2518 4481 et
2557 4408 3059 4504 quadraginta

813 4523 1124 4618 equites.
1182 4524 1348 4601 Hoc
1405 4539 1567 4605 erat
1605 4532 1805 4608 arcis
1856 4532 2337 4632 praesidium.
2396 4531 2742 4611 Ceterum
2797 4535 3057 4610 Ferdi-
