3293 5219
765 249 926 326 480

760 477 897 545 tur.
920 468 1129 560 Quae
1149 471 1594 545 christianos
1614 469 1723 546 ita
1732 470 2162 562 incitabant,
2184 477 2264 544 ut
2287 491 2704 567 supremam
2725 478 3027 547 tentan-

761 596 928 670 dam
946 597 1235 671 omniuo
1251 598 1618 673 fortunam
1623 595 2233 693 judicarent.Nec
2253 602 2425 670 voto
2437 596 2646 670 Deus
2662 604 2996 692 opt.max
3012 654 3029 669 .

769 721 1027 796 abfuit.
1070 722 1122 799 J
1128 745 1243 796 am
1281 722 1591 818 primum
1630 721 1899 797 Veneti
1936 720 2516 816 indignabantur
2553 719 3028 818 Hieronymo

757 844 991 922 Zanio
1010 847 1391 945 praefecto
1426 847 1693 921 elassis
1732 846 2198 944 (generalem
2230 848 2557 938 vocant),
2582 846 3040 940 quodanno-'

754 995 924 1048 nam
936 997 1081 1050 non
1093 973 1652 1072 curasset‚quod
1664 973 2007 1071 quaestui
2024 971 2318 1067 privato
2340 993 2641 1069 operam
2656 972 3024 1073 dedisset,

764 1098 982 1193 quod·
1010 1099 1399 1196 pecuniam
1436 1099 1813 1200 publicam
1879 1096 2302 1173 avertisset.
2384 1097 2626 1193 Igitur
2684 1120 2826 1171 non
2891 1123 3023 1175 ex-

760 1231 1188 1320 spectarunt
1242 1233 1323 1301 ut
1358 1225 1673 1318 rediret,
1714 1223 1850 1298 sed
1898 1223 2233 1298 Marcum
2272 1219 2654 1312 Quirinum
2692 1224 3021 1313 mittunt,

752 1356 973 1445 atque
1029 1374 1169 1447 perf
1220 1374 1385 1428 eum
1443 1351 1762 1425 vinctum
1819 1351 1894 1424 in
1952 1347 2430 1447 compedibus
2465 1371 2614 1422 una
2651 1372 2811 1423 cum
2847 1350 3020 1446 ple-

751 1475 1003 1573 risque
1040 1476 1211 1551 aliis
1286 1475 1658 1553 nobilibus
1714 1474 2001 1549 venetis
2087 1474 2543 1564 trierarchis,
2641 1474 2766 1569 qui
2855 1498 3019 1552 non

744 1623 880 1698 pro
936 1600 1384 1699 reipublicae
1454 1624 1595 1676 usu
1650 1624 1806 1675 rem
1862 1601 2303 1696 gessissent,
2380 1598 2645 1673 adduci
2719 1614 3016 1678 curant.

751 1726 1044 1802 Deinde
1083 1726 1178 1801 ad
1214 1749 1481 1802 novam
1521 1726 2072 1825 expeditionem
2109 1726 2427 1801 animum
2466 1725 2864 1823 adjiciunt,
2934 1739 3019 1803 et

747 1875 937 1927 novo
994 1852 1292 1929 ineunte
1352 1876 1541 1928 anno
1597 1853 2122 1950 imperatorem
2163 1852 2431 1926 classis
2469 1848 3014 1927 Sebastianum

746 1975 1148 2053 Venerium
1194 1985 1269 2053 et
1303 2001 1537 2055 novos
1590 1968 2050 2054 trierarchos
2082 1975 2381 2074 eligunt.
2458 1976 2824 2071 Portoria‚
2873 2000 3010 2052 ve-

742 2101 1071 2198 ctigalia,
1132 2125 1543 2201 censusque
1597 2111 1751 2178 tam
1810 2103 2160 2195 urbanos,
2236 2124 2455 2199 quam
2526 2103 3010 2179 suburbanos

742 2228 1140 2328 duplicant.
1163 2229 1794 2327 Famaugustanis
1833 2230 2169 2306 obsessis
2209 2229 2487 2305 auxilia
2527 2226 3012 2328 supplemen-

741 2363 977 2430 torum
1032 2363 1183 2431 tam
1241 2355 1544 2432 militum
1590 2379 1810 2452 quam
1866 2378 2200 2431 annonae
2258 2355 2680 2430 decernunt.
2779 2352 3007 2446 Quae

740 2478 1094 2571 Quirinus
1148 2481 1460 2579 impigre
1531 2482 1995 2579 feliciterque
2069 2486 2441 2557 maturata
2506 2479 3002 2575 navigatione

736 2607 1130 2703 praestitit.
1172 2606 1327 2684 Ubi
1383 2607 1595 2685 XVI.
1635 2608 1861 2684 Febr.
1892 2608 2231 2684 lustratis
2270 2606 2627 2683 militibus
2662 2604 2777 2681 IV
2834 2606 3003 2682 mil-

729 2731 833 2806 lia
887 2732 1193 2809 militum
1283 2742 1669 2812 numerata
1709 2763 1724 2810 :
1766 2734 2124 2810 Italorum
2198 2730 2498 2825 DCCC,
2555 2732 2824 2807 civium
2917 2741 3002 2807 et

734 2859 1138 2952 agrestium
1195 2861 1428 2935 millia
1481 2863 1624 2956 111,
1719 2861 2190 2961 Epirotarum
2237 2861 2549 2936 ducenti.
2633 2856 3000 2957 Byzantii

733 2989 975 3059 autem
1033 2985 1302 3061 classis
1359 2987 1578 3083 longe
1644 2989 1966 3063 maxima
2005 2988 2365 3063 instructa
2421 2993 2559 3077 est,
2615 2984 2998 3060 exercitus

729 3111 1039 3185 navales
1096 3134 1186 3186 ac
1220 3119 1621 3189 terrestres
1662 3114 2006 3212 expediti.
2030 3113 2130 3188 Et
2165 3113 2478 3210 primum
2535 3112 2612 3184 in
2650 3106 2995 3207 Cyprum

730 3258 1001 3334 magna
1039 3239 1319 3315 auxilia
1355 3238 1600 3314 classe
1637 3246 2151 3339 transportata
2187 3247 2394 3332 sunt3'
2448 3237 2622 3334 quia
2658 3233 2994 3313 Selimus

725 3383 1009 3438 summa
1028 3387 1168 3463 ope
1205 3364 1597 3457 nitebatur,
1618 3373 1701 3440 ut
1720 3364 2304 3463 Famaugustam
2341 3385 2557 3460 quam
2596 3358 2992 3437 celerrime

719 3488 1299 3587 obtineret,qua'e
1335 3514 1470 3590 per
1486 3490 1797 3568 hiemem
1818 3492 2233 3568 arctissime
2269 3491 2586 3566 obsessa
2621 3486 2990 3562 acerrime

725 3616 1317 3711 oppugnabatur.
1413 3615 1637 3692 Veris
1705 3617 1977 3714 quippe
2031 3617 2239 3692 initio
2297 3614 2449 3714 Aly
2503 3613 2737 3687 bassa
2811 3632 2993 3687 cum

725 3739 1103 3834 octoginta
1148 3741 1571 3817 triremibus
1611 3743 1936 3844 appulit,
1994 3751 2071 3817 et
2124 3740 2405 3818 auxilia
2461 3737 2822 3836 deposuit,
2864 3759 2990 3810 re-

718 3861 913 3939 lictis
1003 3867 1238 3941 XXX
1290 3866 1607 3942 navibus
1662 3866 1903 3958 isthic,
1945 3892 2134 3967 quae
2191 3892 2284 3944 ex
2342 3865 2530 3940 Asia
2583 3863 2865 3937 minore
2903 3875 2994 3938 et

718 3983 942 4086 Syria
997 3993 1093 4066 ad
1147 3993 1623 4069 convehenda
1676 3995 1914 4070 omnis
1953 3994 2254 4091 generis
2296 3989 2575 4068 auxilia
2628 3987 2990 4062 continuo

717 4125 1250 4214 commearent3
1307 4139 1527 4216 quum
1585 4118 1875 4196 interea
1912 4121 2337 4195 innumerae
2392 4134 2625 4191 naves
2681 4134 2775 4185 ex
2834 4111 2988 4187 cir-

714 4241 1141 4316 cumvicinis
1176 4242 1579 4339 provinciis
1621 4267 1711 4321 ac
1746 4248 2106 4343 portubus
2146 4242 2618 4320 confluerent.
2639 4237 2990 4312 Labora-

714 4363 934 4440 batur
1036 4367 1376 4478 utrinque
1486 4392 1588 4443 ac.
1679 4370 2120 4447 munitiones
2212 4368 2670 4469 parabantur
2707 4387 2726 4457 3
2837 4365 2990 4439 sed

713 4489 1008 4567 Turcae
1028 4491 1387 4568 immensa
1408 4517 1603 4589 quan
1619 4497 1833 4572 titate
1855 4498 2071 4574 lanae
2091 4523 2180 4574 ac
2197 4498 2553 4575 materiae
2589 4501 2987 4590 congesta,
