3293 5219
2392 312 2548 398 473

296 540 487 638 cipis
509 563 671 615 cum
685 540 781 614 ad
793 539 1198 639 potentiam
1215 539 1685 630 accessisset,
1699 538 2056 628 Mathiam
2080 540 2241 634 ejus
2261 536 2553 612 insidiis

298 669 629 767 petitum,
652 673 727 742 et
746 668 1117 742 sublatum
1139 674 1341 742 certo
1359 667 1723 744 credatur.
1738 664 2068 741 Uxorem
2107 687 2201 738 ex
2239 663 2548 739 ducibus

294 787 990 884 tessiniensibus,ex
1013 815 1159 890 qua
1196 793 1617 869 ‚Iohannem
1636 790 1962 865 Primum
1976 789 2544 886 genuit,habuit;

290 918 519 993 filiam
531 941 711 993 vero
726 916 1227 993 Barbaramin
1247 913 2168 1011 matrimonioSigismundi
2187 916 2392 1012 regis
2404 914 2545 988 Po-

293 1046 565 1121 Ioniae.
589 1043 835 1138 Certe,
874 1045 940 1121 si
977 1067 1161 1121 vera
1190 1051 1387 1136 sunt,
1428 1067 1616 1142 quae
1658 1044 2014 1138 dicuntur,
2062 1051 2545 1141 tyrannorum

291 1172 627 1268 tragicos
647 1194 820 1247 esse
843 1171 1208 1265 exitus‚ab
1225 1192 1541 1247 excessu
1560 1172 1809 1246 statim
1831 1170 2178 1259 Mathiae‚
2201 1194 2450 1247 eorum
2472 1192 2514 1245 o
2530 1209 2547 1222 ·

294 1299 567 1375 mnium
579 1300 703 1396 qui
716 1298 973 1373 mortis
986 1298 1241 1396 regiae
1254 1297 1532 1374 conscii
1549 1299 1946 1392 fuerunt‚et
1957 1297 2169 1396 quiin
2181 1298 2547 1375 factiones

296 1448 605 1523 regnum
665 1424 1128 1516 diduxerunt,
1148 1447 1296 1499 una
1319 1431 1393 1499 et
1444 1424 1791 1500 continua
1827 1425 1967 1499 fuit
2001 1425 2415 1522 tragoedia,
2470 1431 2551 1501 ut

289 1551 510 1626 etiam
551 1572 804 1647 genus,
846 1571 1257 1648 nomenque
1295 1549 1719 1624 universum
1748 1550 2040 1627 illorum
2078 1549 2176 1625 ad
2212 1557 2541 1625 nostram

292 1678 486 1753 hanc
521 1682 1059 1774 tempestatem,
1119 1674 1369 1750 divina
1404 1676 1537 1767 ira,
1566 1674 1836 1768 ¹divina
1874 1674 2201 1751 vindicta
2255 1677 2550 1774 penitus

290 1802 731 1879 exstinctum
773 1802 1238 1899 deletumque
1278 1801 1399 1875 sit.
1465 1799 1731 1877 Gazae
1796 1823 1978 1898 ergo
2017 1802 2272 1899 regiae
2309 1807 2548 1900 major
2607 1785 2616 1797 ⁴

174 1955 179 1960 ·
288 1951 464 2028 pars
540 1929 732 2003 inter
770 1949 964 2018 sese,
988 1949 1243 2023 regem
1279 1926 1659 2015 Poloniae‚
1723 1931 1799 2001 et
1852 1935 2007 2002 tres
2067 1949 2368 2004 sorores
2432 1938 2550 2005 est

129 2075 145 2090 ’
291 2056 552 2131 divisa.
621 2052 897 2130 Selimo
952 2055 1188 2129 missa
1222 2055 1584 2153 quaedam
1639 2077 1789 2129 non
1843 2055 2096 2152 magni
2173 2057 2543 2134 momenti.

289 2181 797 2258 Maximiliano
875 2188 949 2255 et
1020 2180 1236 2258 uxori
1285 2184 1449 2281 eJus
1504 2181 1860 2257 nonnihil.
1918 2183 2040 2257 Ita
2111 2206 2275 2258 cum
2349 2206 2544 2281 gaza

287 2310 699 2406 priscorum
716 2330 974 2402 regum
996 2305 1404 2404 Ungariae,
1419 2330 1681 2405 regum
1702 2329 1994 2405 quoque
2012 2330 2277 2384 nomen
2300 2310 2545 2386 subla-

286 2442 438 2509 tum
476 2440 611 2526 est,
648 2441 730 2509 ut
762 2435 923 2508 fere
960 2433 1269 2527 regniet
1287 2456 1547 2530 regum
1567 2433 1908 2533 aequalis
1928 2432 2027 2509 sit
2065 2432 2409 2510 conditio.
2440 2433 2546 2510 At

286 2567 569 2637 tantum
643 2559 836 2658 apud
907 2558 1080 2635 illos
1160 2558 1403 2636 odium
1479 2539 1724 2660 atque
1757 2560 1872 2635 ira
1928 2559 2181 2655 valuit,
2253 2567 2335 2636 ut
2406 2585 2545 2637 nec

284 2687 564 2784 publici
619 2687 814 2779 boni,
872 2709 1008 2760 nec
1061 2686 1233 2761 novi
1300 2687 1660 2785 principis
1715 2686 1974 2763 habita
2028 2687 2335 2779 ratione,
2392 2712 2540 2765 non

286 2823 790 2890 ornamentum
848 2815 967 2888 vel
1003 2819 1222 2911 tapes
1261 2804 1337 2888 in
1357 2812 1639 2913 palatio
1698 2815 1798 2889 sit
1836 2813 2159 2906 relictus,
2216 2837 2361 2890 non
2397 2823 2542 2891 ter-

285 2938 576 3016 uncium
618 2938 715 3013 ad
748 2938 1160 3037 principem
1197 2941 1503 3033 venerit,
1578 2965 1722 3017 non
1761 2940 2027 3033 vinum,
2046 2963 2193 3016 non
2230 2942 2542 3018 frumen·
2643 2974 2646 2977 ¹

286 3075 459 3157 tum,
490 3059 643 3139 ‘non
675 3063 877 3139 aliud
916 3066 1326 3164 quicquam,
1365 3088 1504 3140 nec
1531 3066 1758 3141 fuerit
1812 3065 2022 3144 locus
2101 3067 2224 3164 qui
2261 3092 2407 3143 non
2446 3068 2545 3142 sit

289 3190 757 3290 compilatus,
794 3198 876 3264 ut
909 3214 1048 3265 nee
1104 3189 1358 3266 hostes
1429 3191 1817 3289 quicquam
1873 3194 2089 3289 pejus
2150 3215 2378 3287 agere
2415 3213 2541 3288 po-

284 3316 582 3391 tuerint.
625 3315 839 3391 Haec
874 3324 1120 3392 tamen
1161 3316 1425 3407 omnia,
1484 3316 1883 3411 cuicunque
1940 3317 2158 3392 alteri
2195 3316 2534 3392 intolera-

284 3441 488 3534 bilia,
545 3437 964 3537 Stephanus
1019 3462 1292 3538 passus
1368 3445 1505 3514 est.
1560 3438 1747 3516 Post
1807 3462 2068 3515 carros
2123 3448 2542 3532 onerarunt,

289 3574 365 3641 et
415 3568 713 3663 legatus
770 3566 1191 3662 polonicus,
1252 3589 1443 3663 quae
1514 3566 1679 3663 regi
1747 3571 2126 3658 venerant,
2201 3572 2541 3662 asporta-

285 3691 431 3785 vit,
545 3714 734 3788 quae
808 3692 1047 3768 tribus
1140 3692 1347 3790 regis
1446 3692 1830 3768 sororibus
1942 3694 2197 3790 legata
2306 3698 2540 3782 erant,

286 3817 453 3892 dum
562 3816 860 3891 litterae
973 3819 1575 3895 assecuratoriae
1681 3818 2169 3909 afferrentur,
2260 3816 2369 3892 illi
2460 3817 2537 3891 in

282 3944 603 4021 Hustum
641 3946 1022 4022 deducunt.
1070 3944 1307 4024 Erant
1344 3950 1468 4047 qui
1519 3949 2012 4041 consulerent,
2053 3946 2161 4021 uti
2199 3941 2541 4044 quemad-

292 4069 580 4145 modum
676 4071 1243 4166 exequutionem
1332 4072 1758 4147 testamenti
1849 4071 2000 4146 illis
2074 4068 2544 4168 permisisset

282 4219 417 4275 suo
458 4196 843 4282 arbitratu,
885 4197 992 4271 ita
1031 4206 1201 4273 ante
1240 4198 1792 4274 distractionem
1849 4221 2116 4289 rerum,
2174 4204 2249 4272 et
2288 4217 2540 4273 eorum

286 4323 718 4398 abscessum
774 4324 870 4398 ab
912 4322 1130 4416 Alba,
1172 4347 1388 4400 arces
1446 4325 1936 4423 recipiendas,
1995 4330 2069 4399 et
2125 4324 2222 4399 ad
2293 4322 2542 4420 perni-

283 4449 469 4525 ciem
544 4447 915 4547 publicam
967 4448 1339 4525 hominum
1403 4454 1952 4547 conjuratorum
2014 4450 2348 4525 fraudem
2423 4469 2542 4523 ca-

281 4574 597 4654 vendam
708 4598 898 4650 esse.
994 4574 1187 4651 Huic
1273 4576 1683 4656 sententiae
1794 4577 2020 4661 ceteri
2132 4573 2542 4653 consentie-
