3293 5219
2448 215 2604 291 407

356 428 434 497 et
477 422 918 521 praesertim
976 424 1286 497 secretis
1337 425 1790 521 principum3
1845 451 2010 500 nam
2072 429 2372 525 capitali
2432 453 2605 528 sup-

352 545 579 644 plicio
618 548 815 623 intra
850 547 1310 646 hispanicam
1351 550 1708 626 ditionem·
1757 553 2057 628 vetitum
2114 552 2270 645 fuit,
2308 578 2400 629 ne
2440 557 2606 652 quis

354 677 487 747 aut
523 672 888 749 scriberet
943 681 1069 749 aut
1107 673 1382 750 diceret
1402 675 1541 752 hac
1581 676 1673 751 de
1712 702 1826 752 re:
1868 679 2001 752 sed
2037 685 2118 756 ut
2176 679 2600 758 inusitatum

353 806 431 874 et
468 797 779 897 primum
818 800 1166 875 fortassis
1227 801 1417 877 inter
1492 800 1938 879 christianos
2000 807 2415 904 exemplum
2452 819 2600 884 me-

351 924 634 999 moriae
706 925 1118 1023 proderem.
1193 924 1419 1003 Oerte
1495 929 1661 1027 ipsa
1720 951 2010 1026 quoque
2070 932 2332 1028 regina
2388 945 2601 1011 soror

286 1109 293 1114 f
346 1051 558 1148 regis
614 1050 983 1126 Franciae
1058 1053 1390 1127 moderni
1439 1062 1512 1129 et
1604 1054 1759 1129 filia
1813 1054 2123 1131 Henrici
2159 1058 2369 1134 brevi
2447 1063 2598 1137 vita

349 1176 696 1269 decessit,
736 1200 1042 1270 veneno,
1079 1184 1161 1252 ut
1210 1178 1496 1271 dicitur,
1537 1181 1853 1256 sublata.
1882 1170 2114 1278 Cujus
2151 1207 2350 1259 mors
2387 1189 2599 1262 novis

344 1304 623 1403 nuptiis
661 1311 883 1401 atque
939 1303 1355 1379 rumoribus
1394 1303 1632 1380 locum
1693 1306 1931 1381 dedit:
1975 1330 2146 1381 nam
2189 1309 2362 1386 vivo
2402 1320 2477 1386 et
2513 1313 2594 1386 fi-

343 1430 446 1507 lio
490 1439 566 1506 et
614 1453 845 1506 uxore
902 1415 1414 1528 concupivisse
1469 1453 1820 1528 sponsam
1876 1430 2027 1522 filii,
2087 1440 2256 1507 sunt
2330 1437 2453 1532 qui
2493 1438 2595 1511 di-

349 1565 541 1649 cant,
578 1557 941 1653 fidemque
979 1556 1260 1631 faciant
1298 1579 1390 1630 ex
1431 1578 1539 1648 e0,
1581 1556 1777 1652 quod
1814 1558 2177 1634 molitoris
2217 1557 2444 1634 filiam
2484 1585 2596 1636 re-

346 1685 568 1781 ginae
606 1691 767 1759 toro
807 1682 1391 1780 praeposuisset,
1451 1705 1688 1779 eoque
1727 1684 2065 1776 maxime,
2109 1686 2303 1782 quod
2341 1685 2593 1761 statim

346 1815 521 1883 ante
561 1807 835 1884 exitum
893 1808 1064 1883 anni
1103 1808 1632 1905 subsequutum
1690 1809 1960 1883 fuisset
2016 1811 2432 1906 conjugium
2472 1834 2594 1886 ae-

347 1958 489 2033 que
529 1934 1054 2026 admirandum,
1093 1958 1180 2009 ac
1215 1957 1414 2009 mors
1432 1935 1790 2033 principis
1832 1912 2125 2032 Oaroii3
2163 1961 2332 2011 nam
2369 1938 2592 2034 paulo

341 2068 517 2161 post
571 2062 873 2137 eandem
933 2084 1152 2158 quam
1209 2060 1359 2135 filio
1419 2061 1936 2160 desponsarat,
1996 2068 2291 2160 neptem
2348 2087 2440 2139 ex
2481 2084 2592 2137 so-

339 2210 513 2263 rore
552 2210 910 2283 germana
948 2186 1153 2263 duxit
1188 2211 1515 2264 uxorem.

540 2313 840 2399 Eodem
899 2335 1114 2407 ann0,
1192 2337 1334 2411 quo
1391 2314 1578 2390 haec
1634 2313 1711 2387 in
1749 2313 2072 2410 Europa,
2115 2323 2336 2410 gesta
2394 2325 2583 2408 sunt,

338 2441 417 2514 in
474 2438 662 2514 Asia
699 2439 796 2513 ab
837 2436 1112 2513 Selimo
1153 2439 1420 2514 defecit
1461 2437 1768 2514 Arabia.
1828 2439 2023 2514 Nam
2076 2440 2590 2537 praefecturae
2630 2457 2639 2465 ·

337 2567 578 2666 pretio
652 2565 1181 2667 vendebantur,
1278 2588 1421 2662 quo
1481 2572 1877 2641 'crescente
1952 2564 2229 2642 tributa
2302 2589 2590 2665 quoque

339 2696 795 2786 crescebant,
817 2701 891 2768 et
927 2715 1087 2767 cum
1109 2690 1464 2766 solvendo
1505 2716 1652 2769 non
1689 2699 1962 2783 essent,
1998 2692 2358 2791 ipsosmet
2392 2692 2589 2770 filios

336 2829 411 2897 et
447 2823 642 2896 filias
672 2818 1010 2895 servituti
1050 2816 1512 2910 addicebant,
1535 2826 1758 2915 atque
1781 2817 2293 2894 divendebant.
2338 2818 2588 2911 Quare

333 2969 470 3045 per
509 2944 968 3020 occasionem
1028 2941 1198 3016 novi
1235 2941 1593 3040 principis
1652 2942 1917 3017 armati
1955 2942 2030 3016 in
2067 2965 2286 3018 unum
2327 2929 2589 3019 conflu-

336 3095 533 3147 xere.
609 3066 929 3145 Selimus
964 3065 1436 3165 Mustapham
1475 3068 1778 3142 bassam
1816 3067 1891 3141 in
1932 3092 2094 3142 eam
2129 3068 2588 3166 provinciam

336 3200 661 3289 miserat,
740 3196 864 3293 qui
929 3194 1284 3269 nutricius
1342 3216 1520 3269 suus
1574 3195 1736 3287 fuit,
1795 3195 1980 3269 etin
2033 3194 2372 3270 conflictu
2427 3219 2587 3270 cum

339 3322 749 3422 Bajazethe
805 3322 1040 3397 fratre
1098 3344 1444 3418 magnam
1502 3320 1649 3395 sibi
1724 3343 2027 3418 operam
2084 3320 2584 3418 praestiterat,

336 3471 573 3546 eoque
612 3447 830 3523 valde
870 3447 1157 3523 charus.
1202 3448 1349 3521 Hic
1407 3470 1565 3521 cum
1625 3445 1953 3521 exercitu
1991 3452 2250 3520 contra
2288 3444 2586 3519 Arabes

330 3576 709 3674 profectus
765 3573 1114 3665 conflixit,
1173 3574 1559 3670 victusque
1618 3578 1754 3664 est,
1813 3573 1886 3646 in
1944 3595 2087 3670 quo
2146 3570 2431 3670 praelio
2492 3572 2588 3646 ad

329 3701 641 3795 triginta
688 3700 922 3775 millia
977 3697 1390 3776 Turcarum
1446 3708 1519 3774 et
1578 3706 1950 3774 tormenta
1987 3722 2222 3774 aenea
2264 3721 2424 3773 cum
2463 3696 2589 3771 im·

331 3826 768 3924 pedimentis
821 3826 1133 3924 periere.
1182 3825 1585 3922 Purpurati
1650 3847 1832 3922 ergo
1890 3824 2335 3922 gravissime
2399 3822 2630 3898 indi-'

328 3952 773 4048 gnabantur,
849 3952 983 4027 sed
1039 3952 1478 4049 praesertim
1516 3949 1889 4026 Mehemet
1973 3973 2294 4024 summus
2378 3950 2585 4038 vizir,

330 4101 561 4175 gener
618 4075 893 4168 Selimi,
968 4084 1047 4152 ut
1084 4077 1307 4151 etiam
1345 4101 1508 4152 eum
1562 4077 1657 4151 ad
1714 4100 1969 4151 necem
2011 4073 2211 4149 illius
2250 4074 2584 4149 induxis-

332 4210 468 4297 set3
547 4209 622 4277 et
696 4201 1009 4300 primum
1085 4200 1314 4276 misso
1393 4202 1702 4277 chausio
1775 4201 2253 4276 denunciatur
2308 4201 2590 4274 Musta-

332 4326 550 4427 phae,
588 4328 787 4403 intra
826 4334 1106 4404 certam
1145 4327 1338 4402 diem
1375 4329 1484 4402 uti
1503 4328 1886 4426 provincia
1925 4328 2170 4402 abeat.
2213 4326 2350 4400 Ille
2391 4348 2590 4399 man-

329 4456 502 4530 dato
542 4460 778 4552 paret,
818 4454 951 4528 sed
993 4455 1117 4554 qui
1160 4455 1597 4530 substitutus
1658 4461 1838 4539 erat,
1883 4455 1978 4532 ad
2026 4452 2589 4529 determinatum
