3293 5219
493 1163 891 1261 LIBER
951 1164 1540 1262 DECIMUS
1600 1169 2269 1268 SEPTIMUS.

1239 1420 1561 1431 ——

489 1578 1112 1670 Quemadmodum
1155 1580 1533 1680 Georgius
1593 1584 1934 1658 Bebecus
1977 1593 2237 1684 captus
2272 1586 2522 1680 fuerit,

264 1706 610 1805 superius
691 1706 1027 1782 diximus,
1086 1706 1234 1783 Pro
1313 1733 1398 1784 eo
1459 1731 1722 1784 caesar
1779 1711 1974 1808 apud
2049 1709 2530 1811 Solymanum

272 1841 497 1931 atque
536 1843 983 1932 purpuratos
1024 1835 1143 1908 diu
1184 1833 1629 1932 multumque
1691 1845 1951 1930 egerat
1986 1861 2123 1935 per
2161 1847 2520 1929 oratores,

270 1980 417 2031 non
479 1958 769 2054 quidem
829 1983 1096 2053 amore,
1160 1984 1320 2034 cum
1378 1965 1539 2058 ejus
1599 1963 2004 2055 exercitum
2060 1986 2295 2062 nuper
2368 1972 2518 2040 tor-

273 2084 539 2157 mentis
617 2093 689 2159 et
763 2086 1302 2184 impedimentis
1379 2087 1617 2184 captis
1695 2086 2220 2184 profligasset3
2281 2113 2527 2185 quam·

268 2234 487 2305 quam
524 2219 790 2308 postea
827 2213 902 2284 in
941 2213 1261 2307 gratiam
1299 2212 1650 2288 rediisset
1673 2239 1689 2309 3
1713 2213 1846 2286 sed
1888 2223 2098 2304 metu,
2158 2214 2355 2310 quod
2390 2216 2522 2290 Jo-

268 2332 589 2409 hannem
624 2359 759 2433 pro
803 2359 890 2411 eo
931 2359 1200 2432 magno
1243 2337 1484 2412 studio
1526 2336 1976 2411 contendere
2032 2337 2279 2411 sciret.
2325 2337 2519 2411 Dum

279 2484 456 2535 vero
475 2462 547 2536 in
565 2444 966 2560 byzantina
979 2464 1217 2561 captiv
1233 2465 1414 2538 itate
1427 2488 1464 2537 a
1476 2472 1707 2559 geret,
1723 2484 2162 2558 quamquam
2174 2484 2362 2536 uxor
2372 2482 2534 2536 cum

271 2587 546 2663 ditione
607 2590 849 2665 mariti
907 2591 981 2664 iu
1021 2588 1164 2665 fide
1261 2591 1590 2667 caesaris
1665 2597 2155 2689 permaneret,
2195 2589 2520 2687 nihilque
2595 2643 2596 2646 η

271 2717 420 2790 tale
463 2724 838 2790 metueret:
886 2715 1417 2791 Senderoviam
1475 2727 1720 2791 tamen
1778 2738 2021 2790 arcem
2063 2723 2283 2813 atque
2325 2716 2526 2814 oppi-

273 2842 441 2917 dum
481 2844 895 2918 caesariani
954 2869 1088 2943 per
1142 2843 1475 2917 fraudem
1518 2842 1960 2939 eripuerant.
2003 2839 2240 2917 Porro
2281 2841 2517 2917 Bebe-

277 2991 439 3042 cum
500 2967 945 3068 Solymanus
1005 2971 1055 3047 J
1062 2970 1327 3045 ohanni
1388 2972 1608 3068 paulo
1673 2976 1844 3042 ante
1882 2969 2155 3041 bellum
2216 2967 2531 3042 donave-

275 3103 411 3184 rat,
471 3096 604 3169 sed
642 3121 733 3171 ne
773 3107 845 3171 et
885 3097 1219 3173 caesaris
1278 3118 1540 3194 preces
1598 3095 1891 3168 omnino
1950 3117 2189 3167 vanae
2246 3102 2520 3186 essent,

278 3222 330 3297 J
335 3221 699 3296 ohannem
761 3221 1194 3316 Crusicium,
1287 3246 1419 3321 pro
1463 3246 1604 3319 quo
1644 3222 1862 3314 simul
1900 3243 2061 3294 cum
2101 3220 2394 3294 Bebeco
2438 3222 2539 3293 la·

280 3349 700 3443 boraverat,
741 3351 1050 3425 liberum
1092 3350 1387 3424 dimisit.
1428 3349 1767 3423 Bebecus
1809 3369 1991 3442 ergo
2033 3347 2311 3420 amissa
2353 3343 2532 3420 Sen-

280 3474 585 3547 derovia
622 3476 1059 3570 angebatur,
1119 3498 1308 3572 quae
1404 3497 1583 3548 suae
1623 3471 1921 3546 ditionis
1980 3473 2383 3570 praecipua
2429 3495 2540 3546 es-

281 3607 426 3693 set,
459 3608 682 3697 utque
722 3611 1218 3700 recuperaret,
1243 3625 1401 3677 cum
1445 3598 1770 3673 Svendio
1808 3624 1946 3698 per
1981 3581 2536 3694 Sigismundum

284 3723 600 3801 Geloum
639 3736 1030 3803 tractatum
1072 3729 1513 3820 instituerat,
1573 3725 2011 3823 promittens
2049 3724 2267 3800 fidem
2306 3733 2542 3820 atque

281 3850 601 3925 officium
641 3876 824 3948 erga
843 3875 1243 3948 caesarem,
1268 3854 1333 3926 si
1357 3851 1822 3927 Seuderovia
1843 3850 2380 3926 restitueretur.
2424 3848 2525 3922 At

286 3979 479 4074 quod
521 4002 610 4053 ea
648 3990 1059 4078 opportuna
1099 3988 1300 4055 esset
1324 3953 1592 4053 ‘ditioni
1652 3978 2166 4070 cassovianae,
2209 3985 2282 4051 et
2319 4000 2411 4050 ex
2458 3998 2546 4049 ea

291 4106 877 4202 multasinjurias
893 4107 1144 4182 illatas
1169 4130 1335 4181 esse
1349 4106 1819 4179 meminisset:
1843 4125 2106 4189 caesar
2119 4111 2363 4177 certus
2379 4108 2538 4175 erat

295 4255 453 4305 eam
532 4255 994 4328 nequaquam
1056 4258 1094 4306 e
1154 4233 1491 4307 manibus
1567 4231 1956 4303 dimittere.
2035 4231 2154 4303 Ita
2210 4228 2549 4300 Bebecus

296 4380 457 4430 cum
518 4358 694 4430 nihil
774 4359 1157 4450 obtineret,
1202 4356 1750 4452 sigismundum
1811 4351 2148 4437 Geloum,
2188 4351 2348 4425 fisci
2387 4374 2552 4425 con-

302 4482 681 4575 siliarium,
741 4508 954 4581 quem
998 4484 1361 4558 Svendius
1420 4485 1554 4556 sub
1614 4480 1757 4553 fide
1821 4478 1919 4552 ad
1997 4470 2159 4552 eum
2218 4479 2547 4565 miserat,

406 4647 608 4684 UONUU·
643 4649 807 4686 mmo.
856 4650 996 4700 HIS'T.
1029 4651 1229 4693 sempr.
1264 4650 1373 4685 xvl.
2114 4604 2217 4678 23
