3293 5219
838 312 942 393 98

849 528 1238 626 quisquam
1279 527 1708 603 discernere
1747 533 2078 624 poterat,
2141 526 2334 623 quod
2373 528 2774 625 Mustapha
2809 526 3097 623 longin-

848 675 1036 752 quas
1084 651 1318 728 Asiae
1391 653 1818 750 provincias
1875 675 2169 751 semper
2227 653 2687 746 obtinuisset,
2746 662 2821 729 et
2873 653 3100 728 inter·

843 779 1012 856 dum
1052 777 1246 852 visui
1284 775 1677 868 hominum,
1719 799 1879 851 cum
1919 776 2211 853 interim
2249 778 2453 854 fama
2492 786 2888 871 cresceret,
2929 800 3100 853 sese

840 903 1140 979 nimium
1223 901 1493 978 callide
1549 901 2015 977 subduceret.
2076 901 2272 977 Nam
2331 925 2427 977 ex
2490 904 2831 979 omnibus
2889 927 3098 980 euro·

840 1028 1055 1128 paeis
1092 1027 1549 1125 regionibus,
1628 1034 1703 1102 et
1773 1029 2220 1126 praesertim
2280 1028 2739 1123 danubianis,
2799 1029 2895 1102 ad
2937 1053 3100 1105 eum

839 1152 1351 1231 confluebant:
1407 1163 1485 1229 ut
1523 1153 1721 1228 intra
1761 1160 2048 1251 septem
2104 1162 2179 1229 et
2234 1153 2497 1251 viginti
2535 1154 2813 1230 dierum
2851 1177 3100 1229 nume-

841 1303 1024 1375 rum,
1045 1279 1352 1356 totidem
1391 1279 1698 1356 millium
1719 1279 2200 1377 undecunque
2221 1280 2722 1378 compleverit,
2759 1280 3101 1379 plerique

850 1428 1035 1481 vero
1078 1405 1300 1481 etiam
1337 1405 1616 1481 liberos
1639 1413 1768 1480 aut
1801 1403 1999 1481 filias
2039 1405 2632 1480 tradiderint.Re
2670 1406 2968 1504 perlata
3010 1405 3105 1478 ad

838 1529 1341 1630 solymanum,
1353 1532 1570 1626 jubet
1607 1531 2181 1629 nicopolitanum
2220 1533 2513 1627 begum,
2552 1540 2628 1606 et
2667 1531 2859 1606 alios
2888 1553 3101 1605 euro-

837 1679 1108 1757 pacos,
1149 1679 1240 1731 ac
1272 1656 1514 1755 ipsum
1555 1655 1990 1751 BaJazetum
2029 1679 2290 1733 curare
2347 1657 2553 1732 illam
2613 1657 3097 1755 provinciam,

839 1791 915 1858 et
952 1789 1195 1857 motus
1233 1781 1431 1857 bello
1492 1804 2003 1880 compescere;
2061 1783 2377 1880 ipsemet
2446 1782 2704 1858 eodem
2759 1789 3096 1881 tempore

837 1908 1279 2007 Byzantium
1341 1928 1603 1982 versus
1661 1930 1822 1982 cum
1879 1908 2212 1983 exercitu
2245 1908 2388 1983 iter
2427 1908 2643 2006 capit.
2704 1908 2807 1982 At
2859 1907 3100 1983 Hadil

841 2032 1190 2130 Dogicha
1225 2033 1415 2109 vizir
1472 2031 2249 2133 Pseudo-Mustaphac
2314 2032 2556 2133 (quem
2607 2036 2703 2109 ob
2761 2058 3096 2110 summae

839 2159 1226 2257 dignitatis
1265 2167 1715 2257 potestatem
1754 2159 1863 2235 ita
1904 2166 2193 2244 vocant,
2237 2168 2312 2235 et
2347 2159 2524 2236 filiis
2563 2161 3098 2258 imperatorum

835 2294 1139 2386 praeter
1198 2307 1417 2361 unum
1473 2284 1754 2360 habere
1823 2310 1968 2362 non
2024 2280 2228 2383 licet)
2311 2310 2461 2361 rem
2523 2295 2691 2362 astu
2746 2286 3098 2363 confecit.

840 2411 1058 2503 Quod
1119 2409 1855 2507 Pseudo-Mustapha
1895 2412 2112 2486 etiam
2166 2410 2650 2507 acceleravit3
2728 2411 3101 2508 siqnidem

838 2558 1000 2612 cum
1039 2534 1248 2612 illum
1291 2536 1539 2634 aliquo
1580 2535 1795 2613 modo
1839 2545 2326 2636 suspectaret,
2348 2544 2873 2634 metueretque,
2909 2559 3098 2612 veru

835 2661 1161 2758 ligneum
1200 2662 1397 2736 intra
1434 2662 1992 2737 tabernaculum
2020 2662 2454 2759 fabricavit;
2488 2674 2739 2740 etcum
2759 2664 2957 2739 forte
2999 2664 3094 2738 ab

836 2785 1091 2884 pueris
1127 2785 1623 2861 familiaribus
1666 2786 1899 2862 Hadil
1937 2786 2288 2884 Dogicha
2326 2797 2719 2884 quaereret
2758 2787 2851 2861 de
2890 2787 3094 2885 prin-

835 2909 1023 3011 cipe,
1067 2934 1249 2987 veru
1283 2910 1611 3008 ligneum
1648 2913 2024 2989 fabricare
2063 2912 2533 3008 significant3
2609 2935 2703 2987 ex
2760 2934 2906 3009 quo
2965 2910 3096 2987 ille

832 3035 1170 3135 protinus
1210 3035 1301 3110 de
1359 3058 1443 3110 se
1499 3039 1999 3132 conjecturam
2054 3036 2258 3129 fecit,
2297 3045 2372 3112 et
2427 3037 2829 3136 praefectis
2870 3034 3092 3136 Soly-

832 3161 1032 3237 mani
1124 3183 1205 3235 se
1258 3161 1465 3237 illum
1515 3161 1886 3259 captivum
1949 3163 2386 3239 traditurum
2442 3164 2759 3254 nunciat,
2819 3163 2889 3237 si
2928 3185 3095 3239 cum

834 3287 1166 3367 exercitu
1219 3286 1925 3386 appropinquarent.
1982 3288 2220 3364 Pacta
2277 3314 2460 3386 ergo
2518 3290 2637 3367 die
2677 3312 2839 3365 cum
2879 3312 3098 3365 exer·

837 3412 1029 3491 citus
1088 3413 1226 3490 sub
1283 3421 1574 3491 noctem
1636 3413 2015 3505 affuisset,
2089 3415 2166 3490 in
2223 3415 2705 3492 tabernaculo
2769 3408 3140 3491 vinctum'

834 3537 1085 3615 tradit.
1238 3536 1356 3614 Ad
1454 3547 1874 3616 autumnum
1988 3537 2434 3637 Solymanus
2536 3539 2885 3633 revertit,
3017 3545 3095 3614 et

829 3663 1640 3763 Pseudo-Mustapham
1681 3664 2124 3763 Byzantium
2164 3665 2490 3758 allatum,
2529 3675 2605 3741 et
2641 3666 2880 3742 cauda
2919 3665 3096 3763 equi

829 3810 966 3889 per
1010 3787 1174 3865 vias
1242 3796 1580 3878 tractum,
1637 3811 1733 3863 ex
1787 3812 1974 3866 unco
2027 3790 2274 3865 ferreo
2334 3813 2774 3889 suspensum
2855 3789 3094 3886 jussit

835 3914 1149 3991 enecari.
1230 3914 1349 3990 De
1385 3915 1871 3991 tabernaculo
1943 3914 2340 3992 Amhatum
2396 3924 2901 4016 percontatus,
2956 3914 3092 3991 ille

830 4040 927 4116 ab
966 4041 1324 4139 magistro
1398 4042 2041 4118 tabernaculorum
2117 4043 2615 4140 quaerendum
2672 4041 2898 4136 dixit3
2958 4040 3087 4138 qni

829 4171 1101 4259 tamen,
1140 4190 1232 4243 ne
1269 4167 1663 4244 veritatem
1704 4168 1978 4262 ederet,
2020 4193 2060 4244 e
2099 4168 2338 4245 medio
2379 4170 2714 4245 sublatus
2752 4175 2937 4244 erat.

1049 4292 1326 4369 Verum
1404 4293 1776 4371 enimvero
1871 4296 1947 4370 in
2004 4294 2391 4391 Ungaria,
2471 4294 2806 4393 quamvis
2861 4291 3087 4367 novis

829 4414 1276 4494 exercitibus
1314 4442 1510 4494 nova
1545 4420 1919 4519 expeditio
1959 4428 2180 4516 gesta
2217 4421 2318 4495 sit
2337 4420 2558 4509 nulla,
2585 4420 2755 4497 dolo
2791 4425 3088 4494 tantum

825 4538 1081 4616 hostili
1116 4547 1400 4621 tantam
1461 4544 1750 4623 cladem
1808 4545 2249 4643 accepimus,
2307 4554 2654 4643 quantam
2710 4544 2807 4621 ab
2867 4563 3086 4617 exer-
