<?xml version="1.0" encoding="UTF-8"?>
<!DOCTYPE html PUBLIC "-//W3C//DTD XHTML 1.0 Transitional//EN"
    "http://www.w3.org/TR/xhtml1/DTD/xhtml1-transitional.dtd">
<html xmlns="http://www.w3.org/1999/xhtml" xml:lang="en" lang="en">
 <head>
  <title>
</title>
<meta http-equiv="Content-Type" content="text/html;charset=utf-8" />
  <meta name='ocr-system' content='tesseract 3.04.00' />
  <meta name='ocr-capabilities' content='ocr_page ocr_carea ocr_par ocr_line ocrx_word'/>
</head>
<body>
  <div class='ocr_page' id='page_1' title='image "./magyarhistorija00bpgoog/magyarhistorija00bpgoog_0185.png"; bbox 0 0 3293 5219; ppageno 0'>
   <div class='ocr_carea' id='block_1_1' title="bbox 2415 297 2516 374">
    <p class='ocr_par' dir='ltr' id='par_1_1' title="bbox 2415 297 2516 374">
     <span class='ocr_line' id='line_1_1' title="bbox 2415 297 2516 374; baseline 0 0"><span class='ocrx_word' id='word_1_1' title='bbox 2415 297 2516 374; x_wconf 77' lang='lat'><strong>77</strong></span> 
     </span>
    </p>
   </div>
   <div class='ocr_carea' id='block_1_2' title="bbox 243 498 2519 4647">
    <p class='ocr_par' dir='ltr' id='par_1_2' title="bbox 243 498 2519 4647">
     <span class='ocr_line' id='line_1_2' title="bbox 252 498 2514 601; baseline 0.004 -24"><span class='ocrx_word' id='word_1_2' title='bbox 252 498 537 577; x_wconf 78' lang='lat' dir='ltr'><strong>elector</strong></span> <span class='ocrx_word' id='word_1_3' title='bbox 594 502 1254 601; x_wconf 85' lang='lat' dir='ltr'><strong>brandeburgicus,</strong></span> <span class='ocrx_word' id='word_1_4' title='bbox 1309 504 1619 581; x_wconf 87' lang='lat' dir='ltr'><strong>eandem</strong></span> <span class='ocrx_word' id='word_1_5' title='bbox 1641 505 1990 585; x_wconf 86' lang='lat' dir='ltr'><strong>videlicet</strong></span> <span class='ocrx_word' id='word_1_6' title='bbox 2027 531 2109 585; x_wconf 87' lang='lat' dir='ltr'><strong>se</strong></span> <span class='ocrx_word' id='word_1_7' title='bbox 2145 509 2514 587; x_wconf 89' lang='lat' dir='ltr'><strong>fortunam</strong></span> 
     </span>
     <span class='ocr_line' id='line_1_3' title="bbox 250 626 2515 735; baseline 0.004 -34"><span class='ocrx_word' id='word_1_8' title='bbox 250 626 636 704; x_wconf 86' lang='lat' dir='ltr'><strong>subituros</strong></span> <span class='ocrx_word' id='word_1_9' title='bbox 659 684 677 721; x_wconf 92' lang='lat'><strong>,</strong></span> <span class='ocrx_word' id='word_1_10' title='bbox 752 652 972 726; x_wconf 88' lang='lat' dir='ltr'><strong>quam</strong></span> <span class='ocrx_word' id='word_1_11' title='bbox 1060 628 1190 705; x_wconf 90' lang='lat' dir='ltr'><strong>ille</strong></span> <span class='ocrx_word' id='word_1_12' title='bbox 1266 630 1588 725; x_wconf 90' lang='lat' dir='ltr'><strong>subiret,</strong></span> <span class='ocrx_word' id='word_1_13' title='bbox 1699 632 1767 708; x_wconf 93' lang='lat' dir='ltr'><strong>si</strong></span> <span class='ocrx_word' id='word_1_14' title='bbox 1839 634 2014 731; x_wconf 91' lang='lat' dir='ltr'><strong>quid</strong></span> <span class='ocrx_word' id='word_1_15' title='bbox 2067 634 2180 709; x_wconf 91' lang='lat' dir='ltr'><strong>illi</strong></span> <span class='ocrx_word' id='word_1_16' title='bbox 2213 643 2515 735; x_wconf 89' lang='lat' dir='ltr'><strong>praeter</strong></span> 
     </span>
     <span class='ocr_line' id='line_1_4' title="bbox 251 753 2514 857; baseline 0.004 -29"><span class='ocrx_word' id='word_1_17' title='bbox 251 753 676 854; x_wconf 83' lang='lat' dir='ltr'>opinionem</span> <span class='ocrx_word' id='word_1_18' title='bbox 730 754 1139 851; x_wconf 80' lang='lat' dir='ltr'><strong>accideret,</strong></span> <span class='ocrx_word' id='word_1_19' title='bbox 1211 765 1562 832; x_wconf 80' lang='lat' dir='ltr'><strong>caventes</strong></span> <span class='ocrx_word' id='word_1_20' title='bbox 1626 758 1796 854; x_wconf 90' lang='lat' dir='ltr'><strong>jure</strong></span> <span class='ocrx_word' id='word_1_21' title='bbox 1858 759 2204 857; x_wconf 89' lang='lat' dir='ltr'><strong>jurando.</strong></span> <span class='ocrx_word' id='word_1_22' title='bbox 2262 759 2514 853; x_wconf 85' lang='lat' dir='ltr'><strong>Quare</strong></span> 
     </span>
     <span class='ocr_line' id='line_1_5' title="bbox 252 877 2517 977; baseline 0.003 -23"><span class='ocrx_word' id='word_1_23' title='bbox 252 887 460 954; x_wconf 88' lang='lat' dir='ltr'><strong>stata</strong></span> <span class='ocrx_word' id='word_1_24' title='bbox 533 877 655 956; x_wconf 88' lang='lat' dir='ltr'><strong>die</strong></span> <span class='ocrx_word' id='word_1_25' title='bbox 707 881 808 956; x_wconf 89' lang='lat' dir='ltr'><strong>ad</strong></span> <span class='ocrx_word' id='word_1_26' title='bbox 882 903 1265 958; x_wconf 76' lang='lat' dir='ltr'><strong>caesarem</strong></span> <span class='ocrx_word' id='word_1_27' title='bbox 1324 882 1704 977; x_wconf 89' lang='lat' dir='ltr'><strong>accedunt,</strong></span> <span class='ocrx_word' id='word_1_28' title='bbox 1763 908 1854 959; x_wconf 91' lang='lat' dir='ltr'><strong>ac</strong></span> <span class='ocrx_word' id='word_1_29' title='bbox 1908 885 2204 961; x_wconf 79' lang='lat' dir='ltr'><strong>caesari</strong></span> <span class='ocrx_word' id='word_1_30' title='bbox 2268 908 2517 963; x_wconf 88' lang='lat' dir='ltr'><strong>coram</strong></span> 
     </span>
     <span class='ocr_line' id='line_1_6' title="bbox 252 1004 2518 1108; baseline 0.002 -28"><span class='ocrx_word' id='word_1_31' title='bbox 252 1004 852 1101; x_wconf 88' lang='lat' dir='ltr'><strong>reconciliarunt,</strong></span> <span class='ocrx_word' id='word_1_32' title='bbox 908 1005 1249 1083; x_wconf 89' lang='lat' dir='ltr'><strong>Albanus</strong></span> <span class='ocrx_word' id='word_1_33' title='bbox 1287 1006 1591 1108; x_wconf 84' lang='lat' dir='ltr'><strong>insuper</strong></span> <span class='ocrx_word' id='word_1_34' title='bbox 1628 1009 2042 1085; x_wconf 87' lang='lat' dir='ltr'><strong>convivium</strong></span> <span class='ocrx_word' id='word_1_35' title='bbox 2077 1008 2518 1107; x_wconf 83' lang='lat' dir='ltr'><strong>landgravio</strong></span> 
     </span>
     <span class='ocr_line' id='line_1_7' title="bbox 252 1131 2517 1234; baseline 0.001 -29"><span class='ocrx_word' id='word_1_36' title='bbox 252 1154 398 1206; x_wconf 92' lang='lat' dir='ltr'><strong>una</strong></span> <span class='ocrx_word' id='word_1_37' title='bbox 438 1154 610 1207; x_wconf 91' lang='lat' dir='ltr'><strong>cum</strong></span> <span class='ocrx_word' id='word_1_38' title='bbox 647 1131 1262 1229; x_wconf 86' lang='lat' dir='ltr'><strong>Brandeburgico</strong></span> <span class='ocrx_word' id='word_1_39' title='bbox 1320 1139 1546 1230; x_wconf 88' lang='lat' dir='ltr'><strong>atque</strong></span> <span class='ocrx_word' id='word_1_40' title='bbox 1582 1132 1937 1210; x_wconf 83' lang='lat' dir='ltr'><strong>Mam-itio</strong></span> <span class='ocrx_word' id='word_1_41' title='bbox 1990 1135 2325 1234; x_wconf 87' lang='lat' dir='ltr'><strong>praebet,</strong></span> <span class='ocrx_word' id='word_1_42' title='bbox 2361 1141 2517 1209; x_wconf 90' lang='lat' dir='ltr'><strong>tan-</strong></span> 
     </span>
     <span class='ocr_line' id='line_1_8' title="bbox 250 1257 2518 1358; baseline 0 -23"><span class='ocrx_word' id='word_1_43' title='bbox 250 1282 472 1356; x_wconf 87' lang='lat' dir='ltr'><strong>quam</strong></span> <span class='ocrx_word' id='word_1_44' title='bbox 493 1257 833 1336; x_wconf 90' lang='lat' dir='ltr'><strong>laetitiae</strong></span> <span class='ocrx_word' id='word_1_45' title='bbox 849 1269 1071 1358; x_wconf 86' lang='lat' dir='ltr'><strong>atque</strong></span> <span class='ocrx_word' id='word_1_46' title='bbox 1091 1257 1571 1339; x_wconf 87' lang='lat' dir='ltr'><strong>humanitatis</strong></span> <span class='ocrx_word' id='word_1_47' title='bbox 1595 1260 1908 1357; x_wconf 88' lang='lat' dir='ltr'><strong>signum,</strong></span> <span class='ocrx_word' id='word_1_48' title='bbox 1929 1260 2052 1358; x_wconf 89' lang='lat' dir='ltr'><strong>qui</strong></span> <span class='ocrx_word' id='word_1_49' title='bbox 2073 1261 2170 1335; x_wconf 93' lang='lat' dir='ltr'><strong>ab</strong></span> <span class='ocrx_word' id='word_1_50' title='bbox 2211 1284 2518 1336; x_wconf 88' lang='lat' dir='ltr'><strong>caesare</strong></span> 
     </span>
     <span class='ocr_line' id='line_1_9' title="bbox 248 1384 2516 1487; baseline 0 -27"><span class='ocrx_word' id='word_1_51' title='bbox 248 1384 569 1482; x_wconf 89' lang='lat' dir='ltr'><strong>primum</strong></span> <span class='ocrx_word' id='word_1_52' title='bbox 619 1393 842 1484; x_wconf 89' lang='lat' dir='ltr'><strong>atque</strong></span> <span class='ocrx_word' id='word_1_53' title='bbox 880 1386 1359 1487; x_wconf 89' lang='lat' dir='ltr'><strong>praecipuum</strong></span> <span class='ocrx_word' id='word_1_54' title='bbox 1398 1384 1639 1463; x_wconf 88' lang='lat' dir='ltr'><strong>locum</strong></span> <span class='ocrx_word' id='word_1_55' title='bbox 1680 1385 2070 1483; x_wconf 80' lang='lat' dir='ltr'><strong>dignitatis</strong></span> <span class='ocrx_word' id='word_1_56' title='bbox 2111 1387 2516 1463; x_wconf 86' lang='lat' dir='ltr'><strong>obtinebat.</strong></span> 
     </span>
     <span class='ocr_line' id='line_1_10' title="bbox 252 1509 2519 1610; baseline -0.001 -22"><span class='ocrx_word' id='word_1_57' title='bbox 252 1511 367 1588; x_wconf 90' lang='lat' dir='ltr'><strong>Ibi</strong></span> <span class='ocrx_word' id='word_1_58' title='bbox 426 1519 834 1610; x_wconf 89' lang='lat' dir='ltr'><strong>postquam</strong></span> <span class='ocrx_word' id='word_1_59' title='bbox 909 1509 1112 1589; x_wconf 90' lang='lat' dir='ltr'><strong>laute</strong></span> <span class='ocrx_word' id='word_1_60' title='bbox 1171 1512 1459 1588; x_wconf 89' lang='lat' dir='ltr'><strong>coenati</strong></span> <span class='ocrx_word' id='word_1_61' title='bbox 1516 1521 1726 1606; x_wconf 86' lang='lat' dir='ltr'><strong>sunt,</strong></span> <span class='ocrx_word' id='word_1_62' title='bbox 1786 1521 1860 1588; x_wconf 92' lang='lat' dir='ltr'><strong>et</strong></span> <span class='ocrx_word' id='word_1_63' title='bbox 1895 1511 2383 1609; x_wconf 86' lang='lat' dir='ltr'><strong>landgravius</strong></span> <span class='ocrx_word' id='word_1_64' title='bbox 2422 1512 2519 1587; x_wconf 91' lang='lat' dir='ltr'><strong>ad</strong></span> 
     </span>
     <span class='ocr_line' id='line_1_11' title="bbox 250 1637 2510 1737; baseline 0.002 -25"><span class='ocrx_word' id='word_1_65' title='bbox 250 1637 663 1737; x_wconf 86' lang='lat' dir='ltr'><strong>hospitium</strong></span> <span class='ocrx_word' id='word_1_66' title='bbox 702 1640 946 1716; x_wconf 88' lang='lat' dir='ltr'><strong>redire</strong></span> <span class='ocrx_word' id='word_1_67' title='bbox 984 1641 1234 1735; x_wconf 86' lang='lat' dir='ltr'><strong>vellet,</strong></span> <span class='ocrx_word' id='word_1_68' title='bbox 1273 1640 1652 1735; x_wconf 88' lang='lat' dir='ltr'><strong>retinetur,</strong></span> <span class='ocrx_word' id='word_1_69' title='bbox 1676 1648 1751 1717; x_wconf 90' lang='lat' dir='ltr'><strong>et</strong></span> <span class='ocrx_word' id='word_1_70' title='bbox 1786 1641 1861 1715; x_wconf 92' lang='lat' dir='ltr'><strong>in</strong></span> <span class='ocrx_word' id='word_1_71' title='bbox 1900 1641 2308 1718; x_wconf 87' lang='lat' dir='ltr'><strong>custodiam</strong></span> <span class='ocrx_word' id='word_1_72' title='bbox 2360 1640 2510 1716; x_wconf 91' lang='lat' dir='ltr'><strong>his·</strong></span> 
     </span>
     <span class='ocr_line' id='line_1_12' title="bbox 252 1763 2515 1862; baseline 0 -22"><span class='ocrx_word' id='word_1_73' title='bbox 252 1764 473 1862; x_wconf 90' lang='lat' dir='ltr'><strong>panis</strong></span> <span class='ocrx_word' id='word_1_74' title='bbox 516 1763 877 1841; x_wconf 88' lang='lat' dir='ltr'><strong>militibus</strong></span> <span class='ocrx_word' id='word_1_75' title='bbox 913 1764 1252 1841; x_wconf 88' lang='lat' dir='ltr'><strong>traditur.</strong></span> <span class='ocrx_word' id='word_1_76' title='bbox 1294 1764 1513 1858; x_wconf 85' lang='lat' dir='ltr'><strong>Quod</strong></span> <span class='ocrx_word' id='word_1_77' title='bbox 1546 1764 1837 1841; x_wconf 91' lang='lat' dir='ltr'><strong>facinus</strong></span> <span class='ocrx_word' id='word_1_78' title='bbox 1874 1789 2037 1841; x_wconf 93' lang='lat' dir='ltr'><strong>cum</strong></span> <span class='ocrx_word' id='word_1_79' title='bbox 2075 1763 2252 1842; x_wconf 91' lang='lat' dir='ltr'><strong>mali</strong></span> <span class='ocrx_word' id='word_1_80' title='bbox 2274 1789 2515 1842; x_wconf 84' lang='lat' dir='ltr'><strong>exem-</strong></span> 
     </span>
     <span class='ocr_line' id='line_1_13' title="bbox 251 1889 2511 1992; baseline 0 -28"><span class='ocrx_word' id='word_1_81' title='bbox 251 1889 355 1987; x_wconf 93' lang='lat' dir='ltr'><strong>pli</strong></span> <span class='ocrx_word' id='word_1_82' title='bbox 396 1889 865 1989; x_wconf 87' lang='lat' dir='ltr'><strong>principibus</strong></span> <span class='ocrx_word' id='word_1_83' title='bbox 902 1890 1303 1985; x_wconf 81' lang='lat' dir='ltr'><strong>videretur,</strong></span> <span class='ocrx_word' id='word_1_84' title='bbox 1324 1914 1411 1966; x_wconf 90' lang='lat' dir='ltr'><strong>eo</strong></span> <span class='ocrx_word' id='word_1_85' title='bbox 1443 1890 1639 1990; x_wconf 91' lang='lat' dir='ltr'><strong>quod</strong></span> <span class='ocrx_word' id='word_1_86' title='bbox 1669 1890 1874 1966; x_wconf 89' lang='lat' dir='ltr'><strong>initis</strong></span> <span class='ocrx_word' id='word_1_87' title='bbox 1910 1891 2123 1992; x_wconf 89' lang='lat' dir='ltr'><strong>pacis</strong></span> <span class='ocrx_word' id='word_1_88' title='bbox 2162 1891 2511 1967; x_wconf 90' lang='lat' dir='ltr'><strong>conditio-</strong></span> 
     </span>
     <span class='ocr_line' id='line_1_14' title="bbox 248 2015 2513 2115; baseline 0.003 -25"><span class='ocrx_word' id='word_1_89' title='bbox 248 2015 471 2093; x_wconf 90' lang='lat' dir='ltr'><strong>nibus</strong></span> <span class='ocrx_word' id='word_1_90' title='bbox 532 2016 731 2092; x_wconf 89' lang='lat' dir='ltr'><strong>intra</strong></span> <span class='ocrx_word' id='word_1_91' title='bbox 750 2017 1165 2093; x_wconf 86' lang='lat' dir='ltr'><strong>convivium</strong></span> <span class='ocrx_word' id='word_1_92' title='bbox 1218 2017 1297 2092; x_wconf 92' lang='lat' dir='ltr'><strong>in</strong></span> <span class='ocrx_word' id='word_1_93' title='bbox 1353 2017 1859 2115; x_wconf 85' lang='lat' dir='ltr'><strong>captivitatem</strong></span> <span class='ocrx_word' id='word_1_94' title='bbox 1915 2026 2119 2094; x_wconf 89' lang='lat' dir='ltr'><strong>esset</strong></span> <span class='ocrx_word' id='word_1_95' title='bbox 2157 2017 2398 2112; x_wconf 90' lang='lat' dir='ltr'><strong>datus,</strong></span> <span class='ocrx_word' id='word_1_96' title='bbox 2438 2028 2513 2096; x_wconf 90' lang='lat' dir='ltr'><strong>et</strong></span> 
     </span>
     <span class='ocr_line' id='line_1_15' title="bbox 247 2142 2509 2242; baseline -0.001 -24"><span class='ocrx_word' id='word_1_97' title='bbox 247 2144 702 2242; x_wconf 88' lang='lat' dir='ltr'><strong>praesertim</strong></span> <span class='ocrx_word' id='word_1_98' title='bbox 719 2143 1112 2221; x_wconf 86' lang='lat' dir='ltr'><strong>Mauritius</strong></span> <span class='ocrx_word' id='word_1_99' title='bbox 1131 2142 1352 2220; x_wconf 91' lang='lat' dir='ltr'><strong>fidem</strong></span> <span class='ocrx_word' id='word_1_100' title='bbox 1372 2166 1581 2221; x_wconf 89' lang='lat' dir='ltr'><strong>suam</strong></span> <span class='ocrx_word' id='word_1_101' title='bbox 1600 2144 2046 2220; x_wconf 89' lang='lat' dir='ltr'><strong>labefactari</strong></span> <span class='ocrx_word' id='word_1_102' title='bbox 2058 2145 2362 2239; x_wconf 89' lang='lat' dir='ltr'><strong>doleret,</strong></span> <span class='ocrx_word' id='word_1_103' title='bbox 2377 2144 2509 2219; x_wconf 90' lang='lat' dir='ltr'><strong>ali-</strong></span> 
     </span>
     <span class='ocr_line' id='line_1_16' title="bbox 254 2268 2511 2368; baseline 0 -24"><span class='ocrx_word' id='word_1_104' title='bbox 254 2268 553 2366; x_wconf 86' lang='lat' dir='ltr'><strong>quoties</strong></span> <span class='ocrx_word' id='word_1_105' title='bbox 590 2269 670 2344; x_wconf 89' lang='lat' dir='ltr'><strong>id</strong></span> <span class='ocrx_word' id='word_1_106' title='bbox 707 2270 996 2346; x_wconf 87' lang='lat' dir='ltr'><strong>caesari</strong></span> <span class='ocrx_word' id='word_1_107' title='bbox 1034 2271 1696 2368; x_wconf 85' lang='lat' dir='ltr'><strong>exprobraverunt,</strong></span> <span class='ocrx_word' id='word_1_108' title='bbox 1736 2293 1827 2345; x_wconf 90' lang='lat' dir='ltr'><strong>ac</strong></span> <span class='ocrx_word' id='word_1_109' title='bbox 1855 2270 2273 2366; x_wconf 86' lang='lat' dir='ltr'><strong>legationes</strong></span> <span class='ocrx_word' id='word_1_110' title='bbox 2295 2269 2511 2345; x_wconf 88' lang='lat' dir='ltr'><strong>mise-</strong></span> 
     </span>
     <span class='ocr_line' id='line_1_17' title="bbox 257 2396 2509 2498; baseline -0.003 -23"><span class='ocrx_word' id='word_1_111' title='bbox 257 2405 451 2488; x_wconf 84' lang='lat' dir='ltr'><strong>runt,</strong></span> <span class='ocrx_word' id='word_1_112' title='bbox 496 2407 721 2496; x_wconf 88' lang='lat' dir='ltr'><strong>atque</strong></span> <span class='ocrx_word' id='word_1_113' title='bbox 778 2398 1000 2473; x_wconf 88' lang='lat' dir='ltr'><strong>etiam</strong></span> <span class='ocrx_word' id='word_1_114' title='bbox 1037 2420 1303 2498; x_wconf 89' lang='lat' dir='ltr'><strong>preces</strong></span> <span class='ocrx_word' id='word_1_115' title='bbox 1341 2398 1832 2495; x_wconf 89' lang='lat' dir='ltr'><strong>nequicquam</strong></span> <span class='ocrx_word' id='word_1_116' title='bbox 1889 2396 2509 2495; x_wconf 88' lang='lat' dir='ltr'><strong>interposeurunt.</strong></span> 
     </span>
     <span class='ocr_line' id='line_1_18' title="bbox 261 2520 2505 2623; baseline -0 -27"><span class='ocrx_word' id='word_1_117' title='bbox 261 2522 551 2602; x_wconf 88' lang='lat' dir='ltr'><strong>Postea</strong></span> <span class='ocrx_word' id='word_1_118' title='bbox 585 2545 850 2599; x_wconf 87' lang='lat' dir='ltr'><strong>caesar</strong></span> <span class='ocrx_word' id='word_1_119' title='bbox 879 2531 1280 2601; x_wconf 84' lang='lat' dir='ltr'><strong>conventus</strong></span> <span class='ocrx_word' id='word_1_120' title='bbox 1320 2522 1478 2623; x_wconf 85' lang='lat' dir='ltr'><strong>agit</strong></span> <span class='ocrx_word' id='word_1_121' title='bbox 1511 2523 1589 2598; x_wconf 92' lang='lat' dir='ltr'><strong>in</strong></span> <span class='ocrx_word' id='word_1_122' title='bbox 1629 2520 2061 2619; x_wconf 83' lang='lat' dir='ltr'><strong>Germania,</strong></span> <span class='ocrx_word' id='word_1_123' title='bbox 2099 2545 2191 2597; x_wconf 91' lang='lat' dir='ltr'><strong>ac</strong></span> <span class='ocrx_word' id='word_1_124' title='bbox 2226 2521 2505 2597; x_wconf 90' lang='lat' dir='ltr'><strong>missae</strong></span> 
     </span>
     <span class='ocr_line' id='line_1_19' title="bbox 250 2647 2506 2748; baseline -0.002 -22"><span class='ocrx_word' id='word_1_125' title='bbox 250 2673 470 2726; x_wconf 90' lang='lat' dir='ltr'><strong>usum</strong></span> <span class='ocrx_word' id='word_1_126' title='bbox 482 2647 896 2746; x_wconf 88' lang='lat' dir='ltr'><strong>Augustae,</strong></span> <span class='ocrx_word' id='word_1_127' title='bbox 909 2648 1370 2748; x_wconf 87' lang='lat' dir='ltr'><strong>Argentinae</strong></span> <span class='ocrx_word' id='word_1_128' title='bbox 1391 2658 1467 2727; x_wconf 89' lang='lat' dir='ltr'><strong>et</strong></span> <span class='ocrx_word' id='word_1_129' title='bbox 1486 2648 1860 2729; x_wconf 90' lang='lat' dir='ltr'><strong>nonnullis</strong></span> <span class='ocrx_word' id='word_1_130' title='bbox 1882 2648 2054 2724; x_wconf 90' lang='lat' dir='ltr'><strong>aliis</strong></span> <span class='ocrx_word' id='word_1_131' title='bbox 2075 2648 2152 2723; x_wconf 91' lang='lat' dir='ltr'><strong>in</strong></span> <span class='ocrx_word' id='word_1_132' title='bbox 2179 2647 2365 2724; x_wconf 91' lang='lat' dir='ltr'><strong>locis</strong></span> <span class='ocrx_word' id='word_1_133' title='bbox 2387 2671 2506 2722; x_wconf 90' lang='lat' dir='ltr'><strong>ae-</strong></span> 
     </span>
     <span class='ocr_line' id='line_1_20' title="bbox 246 2775 2501 2874; baseline -0.003 -21"><span class='ocrx_word' id='word_1_134' title='bbox 246 2800 382 2872; x_wconf 88' lang='lat' dir='ltr'><strong>gre</strong></span> <span class='ocrx_word' id='word_1_135' title='bbox 422 2775 819 2853; x_wconf 90' lang='lat' dir='ltr'><strong>admodum</strong></span> <span class='ocrx_word' id='word_1_136' title='bbox 874 2785 949 2854; x_wconf 89' lang='lat' dir='ltr'><strong>et</strong></span> <span class='ocrx_word' id='word_1_137' title='bbox 984 2777 1237 2854; x_wconf 87' lang='lat' dir='ltr'><strong>invitis</strong></span> <span class='ocrx_word' id='word_1_138' title='bbox 1276 2777 1610 2855; x_wconf 91' lang='lat' dir='ltr'><strong>omnibus</strong></span> <span class='ocrx_word' id='word_1_139' title='bbox 1665 2776 2012 2870; x_wconf 88' lang='lat' dir='ltr'><strong>restituit,</strong></span> <span class='ocrx_word' id='word_1_140' title='bbox 2070 2799 2160 2851; x_wconf 87' lang='lat' dir='ltr'><strong>ac</strong></span> <span class='ocrx_word' id='word_1_141' title='bbox 2197 2781 2501 2874; x_wconf 90' lang='lat' dir='ltr'><strong>praeter</strong></span> 
     </span>
     <span class='ocr_line' id='line_1_21' title="bbox 249 2901 2507 2981; baseline -0.001 -4"><span class='ocrx_word' id='word_1_142' title='bbox 249 2902 784 2979; x_wconf 86' lang='lat' dir='ltr'><strong>smallacdicos</strong></span> <span class='ocrx_word' id='word_1_143' title='bbox 822 2911 1111 2980; x_wconf 89' lang='lat' dir='ltr'><strong>ceteros</strong></span> <span class='ocrx_word' id='word_1_144' title='bbox 1133 2904 1355 2981; x_wconf 89' lang='lat' dir='ltr'><strong>etiam</strong></span> <span class='ocrx_word' id='word_1_145' title='bbox 1389 2903 1689 2980; x_wconf 89' lang='lat' dir='ltr'><strong>ordines</strong></span> <span class='ocrx_word' id='word_1_146' title='bbox 1710 2904 1972 2979; x_wconf 85' lang='lat' dir='ltr'><strong>multat</strong></span> <span class='ocrx_word' id='word_1_147' title='bbox 2001 2903 2095 2978; x_wconf 94' lang='lat' dir='ltr'><strong>ob</strong></span> <span class='ocrx_word' id='word_1_148' title='bbox 2114 2901 2294 2977; x_wconf 87' lang='lat' dir='ltr'><strong>belli</strong></span> <span class='ocrx_word' id='word_1_149' title='bbox 2317 2922 2507 2975; x_wconf 90' lang='lat' dir='ltr'><strong>sum-</strong></span> 
     </span>
     <span class='ocr_line' id='line_1_22' title="bbox 247 3021 2510 3129; baseline -0.004 -23"><span class='ocrx_word' id='word_1_150' title='bbox 247 3040 474 3128; x_wconf 86' lang='lat' dir='ltr'><strong>ptum,</strong></span> <span class='ocrx_word' id='word_1_151' title='bbox 499 3030 697 3128; x_wconf 91' lang='lat' dir='ltr'><strong>quod</strong></span> <span class='ocrx_word' id='word_1_152' title='bbox 713 3055 849 3129; x_wconf 90' lang='lat' dir='ltr'><strong>pro</strong></span> <span class='ocrx_word' id='word_1_153' title='bbox 869 3031 1196 3129; x_wconf 90' lang='lat' dir='ltr'><strong>ipsorum</strong></span> <span class='ocrx_word' id='word_1_154' title='bbox 1218 3033 1459 3107; x_wconf 88' lang='lat' dir='ltr'><strong>salute</strong></span> <span class='ocrx_word' id='word_1_155' title='bbox 1478 3030 1704 3107; x_wconf 81' lang='lat' dir='ltr'><strong>fuerit</strong></span> <span class='ocrx_word' id='word_1_156' title='bbox 1742 3037 2186 3129; x_wconf 91' lang='lat' dir='ltr'><strong>susceptum.</strong></span> <span class='ocrx_word' id='word_1_157' title='bbox 2229 3021 2510 3104; x_wconf 90' lang='lat' dir='ltr'><strong>Othoni</strong></span> 
     </span>
     <span class='ocr_line' id='line_1_23' title="bbox 245 3149 2508 3254; baseline -0.001 -24"><span class='ocrx_word' id='word_1_158' title='bbox 245 3156 583 3252; x_wconf 86' lang='lat' dir='ltr'><strong>palatino</strong></span> <span class='ocrx_word' id='word_1_159' title='bbox 603 3157 951 3232; x_wconf 80' lang='lat' dir='ltr'><strong>ditionem</strong></span> <span class='ocrx_word' id='word_1_160' title='bbox 972 3157 1248 3251; x_wconf 89' lang='lat' dir='ltr'><strong>adimit,</strong></span> <span class='ocrx_word' id='word_1_161' title='bbox 1269 3155 1577 3232; x_wconf 90' lang='lat' dir='ltr'><strong>militem</strong></span> <span class='ocrx_word' id='word_1_162' title='bbox 1597 3163 1982 3232; x_wconf 84' lang='lat' dir='ltr'><strong>externum</strong></span> <span class='ocrx_word' id='word_1_163' title='bbox 2021 3177 2157 3254; x_wconf 86' lang='lat' dir='ltr'><strong>per</strong></span> <span class='ocrx_word' id='word_1_164' title='bbox 2196 3149 2508 3229; x_wconf 81' lang='lat' dir='ltr'><strong>Germa-</strong></span> 
     </span>
     <span class='ocr_line' id='line_1_24' title="bbox 255 3277 2510 3380; baseline -0.001 -27"><span class='ocrx_word' id='word_1_165' title='bbox 255 3280 427 3356; x_wconf 89' lang='lat' dir='ltr'><strong>niae</strong></span> <span class='ocrx_word' id='word_1_166' title='bbox 467 3281 894 3380; x_wconf 86' lang='lat' dir='ltr'><strong>provincias</strong></span> <span class='ocrx_word' id='word_1_167' title='bbox 932 3282 1086 3376; x_wconf 87' lang='lat' dir='ltr'><strong>alit,</strong></span> <span class='ocrx_word' id='word_1_168' title='bbox 1123 3283 1497 3378; x_wconf 88' lang='lat' dir='ltr'><strong>multaque</strong></span> <span class='ocrx_word' id='word_1_169' title='bbox 1515 3304 1715 3357; x_wconf 87' lang='lat' dir='ltr'><strong>nova</strong></span> <span class='ocrx_word' id='word_1_170' title='bbox 1752 3289 1973 3378; x_wconf 89' lang='lat' dir='ltr'><strong>atque</strong></span> <span class='ocrx_word' id='word_1_171' title='bbox 2010 3279 2367 3355; x_wconf 89' lang='lat' dir='ltr'><strong>inusitata</strong></span> <span class='ocrx_word' id='word_1_172' title='bbox 2402 3277 2510 3351; x_wconf 93' lang='lat' dir='ltr'><strong>in-</strong></span> 
     </span>
     <span class='ocr_line' id='line_1_25' title="bbox 246 3402 2511 3506; baseline 0 -28"><span class='ocrx_word' id='word_1_173' title='bbox 246 3413 361 3481; x_wconf 88' lang='lat' dir='ltr'><strong>ter</strong></span> <span class='ocrx_word' id='word_1_174' title='bbox 438 3405 723 3481; x_wconf 90' lang='lat' dir='ltr'><strong>liberos</strong></span> <span class='ocrx_word' id='word_1_175' title='bbox 795 3408 1152 3506; x_wconf 91' lang='lat' dir='ltr'><strong>populos,</strong></span> <span class='ocrx_word' id='word_1_176' title='bbox 1188 3414 1270 3482; x_wconf 91' lang='lat' dir='ltr'><strong>ut</strong></span> <span class='ocrx_word' id='word_1_177' title='bbox 1306 3406 1530 3505; x_wconf 87' lang='lat' dir='ltr'><strong>plane</strong></span> <span class='ocrx_word' id='word_1_178' title='bbox 1570 3406 1646 3481; x_wconf 91' lang='lat' dir='ltr'><strong>in</strong></span> <span class='ocrx_word' id='word_1_179' title='bbox 1684 3406 2014 3481; x_wconf 88' lang='lat' dir='ltr'><strong>ordinem</strong></span> <span class='ocrx_word' id='word_1_180' title='bbox 2054 3426 2185 3480; x_wconf 92' lang='lat' dir='ltr'><strong>eos</strong></span> <span class='ocrx_word' id='word_1_181' title='bbox 2222 3402 2511 3499; x_wconf 80' lang='lat' dir='ltr'><strong>redige-</strong></span> 
     </span>
     <span class='ocr_line' id='line_1_26' title="bbox 254 3528 2504 3628; baseline -0.002 -22"><span class='ocrx_word' id='word_1_182' title='bbox 254 3539 388 3625; x_wconf 89' lang='lat' dir='ltr'><strong>ret,</strong></span> <span class='ocrx_word' id='word_1_183' title='bbox 429 3530 833 3607; x_wconf 86' lang='lat' dir='ltr'><strong>constituit.</strong></span> <span class='ocrx_word' id='word_1_184' title='bbox 876 3529 1061 3609; x_wconf 83' lang='lat' dir='ltr'><strong>Sola</strong></span> <span class='ocrx_word' id='word_1_185' title='bbox 1100 3532 1364 3609; x_wconf 86' lang='lat' dir='ltr'><strong>civitas</strong></span> <span class='ocrx_word' id='word_1_186' title='bbox 1401 3531 1999 3628; x_wconf 88' lang='lat' dir='ltr'><strong>Magdeburgum</strong></span> <span class='ocrx_word' id='word_1_187' title='bbox 2037 3528 2341 3604; x_wconf 90' lang='lat' dir='ltr'><strong>missam</strong></span> <span class='ocrx_word' id='word_1_188' title='bbox 2359 3551 2504 3603; x_wconf 91' lang='lat' dir='ltr'><strong>non</strong></span> 
     </span>
     <span class='ocr_line' id='line_1_27' title="bbox 251 3653 2508 3755; baseline -0.002 -23"><span class='ocrx_word' id='word_1_189' title='bbox 251 3656 573 3755; x_wconf 79' lang='lat' dir='ltr'><strong>recepit3</strong></span> <span class='ocrx_word' id='word_1_190' title='bbox 629 3664 794 3732; x_wconf 88' lang='lat' dir='ltr'><strong>erat</strong></span> <span class='ocrx_word' id='word_1_191' title='bbox 832 3665 1076 3734; x_wconf 87' lang='lat' dir='ltr'><strong>autem</strong></span> <span class='ocrx_word' id='word_1_192' title='bbox 1112 3659 1189 3736; x_wconf 90' lang='lat' dir='ltr'><strong>in</strong></span> <span class='ocrx_word' id='word_1_193' title='bbox 1230 3682 1323 3734; x_wconf 90' lang='lat' dir='ltr'><strong>ea</strong></span> <span class='ocrx_word' id='word_1_194' title='bbox 1361 3658 1664 3735; x_wconf 88' lang='lat' dir='ltr'><strong>civitate</strong></span> <span class='ocrx_word' id='word_1_195' title='bbox 1724 3655 1935 3730; x_wconf 88' lang='lat' dir='ltr'><strong>dives</strong></span> <span class='ocrx_word' id='word_1_196' title='bbox 2011 3653 2508 3752; x_wconf 90' lang='lat' dir='ltr'><strong>archiepisco-</strong></span> 
     </span>
     <span class='ocr_line' id='line_1_28' title="bbox 252 3780 2509 3882; baseline -0.003 -22"><span class='ocrx_word' id='word_1_197' title='bbox 252 3792 473 3882; x_wconf 88' lang='lat' dir='ltr'><strong>patus</strong></span> <span class='ocrx_word' id='word_1_198' title='bbox 494 3791 572 3859; x_wconf 90' lang='lat' dir='ltr'><strong>et</strong></span> <span class='ocrx_word' id='word_1_199' title='bbox 590 3783 987 3878; x_wconf 89' lang='lat' dir='ltr'><strong>collegium</strong></span> <span class='ocrx_word' id='word_1_200' title='bbox 1008 3785 1441 3861; x_wconf 90' lang='lat' dir='ltr'><strong>clericorum</strong></span> <span class='ocrx_word' id='word_1_201' title='bbox 1463 3811 1482 3874; x_wconf 80' lang='lat'>3</span> <span class='ocrx_word' id='word_1_202' title='bbox 1514 3785 1652 3859; x_wconf 89' lang='lat' dir='ltr'><strong>sed</strong></span> <span class='ocrx_word' id='word_1_203' title='bbox 1671 3782 1921 3859; x_wconf 87' lang='lat' dir='ltr'><strong>clerici</strong></span> <span class='ocrx_word' id='word_1_204' title='bbox 1938 3789 2245 3882; x_wconf 89' lang='lat' dir='ltr'><strong>propter</strong></span> <span class='ocrx_word' id='word_1_205' title='bbox 2265 3780 2509 3856; x_wconf 89' lang='lat' dir='ltr'><strong>odium</strong></span> 
     </span>
     <span class='ocr_line' id='line_1_29' title="bbox 250 3907 2509 4009; baseline -0.003 -23"><span class='ocrx_word' id='word_1_206' title='bbox 250 3917 470 4008; x_wconf 87' lang='lat' dir='ltr'><strong>atque</strong></span> <span class='ocrx_word' id='word_1_207' title='bbox 494 3908 883 3985; x_wconf 87' lang='lat' dir='ltr'><strong>dissidium</strong></span> <span class='ocrx_word' id='word_1_208' title='bbox 903 3910 1275 4009; x_wconf 87' lang='lat' dir='ltr'><strong>publicum</strong></span> <span class='ocrx_word' id='word_1_209' title='bbox 1298 3910 1598 3987; x_wconf 86' lang='lat' dir='ltr'><strong>civitate</strong></span> <span class='ocrx_word' id='word_1_210' title='bbox 1629 3908 2022 3984; x_wconf 86' lang='lat' dir='ltr'><strong>abiverant</strong></span> <span class='ocrx_word' id='word_1_211' title='bbox 2043 3933 2061 3997; x_wconf 71' lang='grc' dir='ltr'><strong>ς</strong></span> <span class='ocrx_word' id='word_1_212' title='bbox 2100 3907 2266 3984; x_wconf 90' lang='lat' dir='ltr'><strong>ideo</strong></span> <span class='ocrx_word' id='word_1_213' title='bbox 2290 3928 2509 4006; x_wconf 90' lang='lat' dir='ltr'><strong>quam</strong></span> 
     </span>
     <span class='ocr_line' id='line_1_30' title="bbox 252 4031 2507 4136; baseline -0.002 -26"><span class='ocrx_word' id='word_1_214' title='bbox 252 4035 745 4132; x_wconf 89' lang='lat' dir='ltr'><strong>gravissimas</strong></span> <span class='ocrx_word' id='word_1_215' title='bbox 803 4059 892 4111; x_wconf 90' lang='lat' dir='ltr'><strong>ac</strong></span> <span class='ocrx_word' id='word_1_216' title='bbox 945 4034 1436 4136; x_wconf 89' lang='lat' dir='ltr'><strong>saepissimas</strong></span> <span class='ocrx_word' id='word_1_217' title='bbox 1490 4035 1592 4111; x_wconf 92' lang='lat' dir='ltr'><strong>ad</strong></span> <span class='ocrx_word' id='word_1_218' title='bbox 1685 4056 2068 4110; x_wconf 86' lang='lat' dir='ltr'><strong>caesarem</strong></span> <span class='ocrx_word' id='word_1_219' title='bbox 2149 4031 2507 4131; x_wconf 89' lang='lat' dir='ltr'><strong>querimo-</strong></span> 
     </span>
     <span class='ocr_line' id='line_1_31' title="bbox 253 4155 2506 4253; baseline 0.001 -20"><span class='ocrx_word' id='word_1_220' title='bbox 253 4160 413 4235; x_wconf 88' lang='lat' dir='ltr'><strong>nias</strong></span> <span class='ocrx_word' id='word_1_221' title='bbox 454 4159 912 4236; x_wconf 87' lang='lat' dir='ltr'><strong>deferebant.</strong></span> <span class='ocrx_word' id='word_1_222' title='bbox 955 4158 1242 4237; x_wconf 81' lang='lat' dir='ltr'><strong>Caesar</strong></span> <span class='ocrx_word' id='word_1_223' title='bbox 1297 4161 1449 4235; x_wconf 91' lang='lat' dir='ltr'><strong>illis</strong></span> <span class='ocrx_word' id='word_1_224' title='bbox 1485 4157 1826 4253; x_wconf 86' lang='lat' dir='ltr'><strong>mandat,</strong></span> <span class='ocrx_word' id='word_1_225' title='bbox 1863 4166 1944 4234; x_wconf 88' lang='lat' dir='ltr'><strong>ut</strong></span> <span class='ocrx_word' id='word_1_226' title='bbox 1979 4165 2130 4234; x_wconf 89' lang='lat' dir='ltr'><strong>tam</strong></span> <span class='ocrx_word' id='word_1_227' title='bbox 2169 4155 2506 4251; x_wconf 89' lang='lat' dir='ltr'><strong>clericos,</strong></span> 
     </span>
     <span class='ocr_line' id='line_1_32' title="bbox 253 4282 2505 4386; baseline -0.002 -25"><span class='ocrx_word' id='word_1_228' title='bbox 253 4309 470 4383; x_wconf 86' lang='lat' dir='ltr'><strong>quam</strong></span> <span class='ocrx_word' id='word_1_229' title='bbox 511 4285 733 4361; x_wconf 90' lang='lat' dir='ltr'><strong>etiam</strong></span> <span class='ocrx_word' id='word_1_230' title='bbox 772 4285 1076 4362; x_wconf 90' lang='lat' dir='ltr'><strong>missam</strong></span> <span class='ocrx_word' id='word_1_231' title='bbox 1095 4285 1479 4386; x_wconf 89' lang='lat' dir='ltr'><strong>recipiant.</strong></span> <span class='ocrx_word' id='word_1_232' title='bbox 1519 4284 1643 4361; x_wconf 94' lang='lat' dir='ltr'><strong>Illi</strong></span> <span class='ocrx_word' id='word_1_233' title='bbox 1681 4282 2153 4381; x_wconf 89' lang='lat' dir='ltr'><strong>respondent,</strong></span> <span class='ocrx_word' id='word_1_234' title='bbox 2193 4282 2505 4358; x_wconf 89' lang='lat' dir='ltr'><strong>clericos</strong></span> 
     </span>
     <span class='ocr_line' id='line_1_33' title="bbox 255 4407 2506 4513; baseline 0 -29"><span class='ocrx_word' id='word_1_235' title='bbox 255 4433 424 4488; x_wconf 89' lang='lat' dir='ltr'><strong>sese</strong></span> <span class='ocrx_word' id='word_1_236' title='bbox 466 4411 787 4489; x_wconf 88' lang='lat' dir='ltr'><strong>libenter</strong></span> <span class='ocrx_word' id='word_1_237' title='bbox 824 4420 1277 4513; x_wconf 86' lang='lat' dir='ltr'><strong>recepturos,</strong></span> <span class='ocrx_word' id='word_1_238' title='bbox 1319 4410 1704 4489; x_wconf 92' lang='lat' dir='ltr'><strong>dummodo</strong></span> <span class='ocrx_word' id='word_1_239' title='bbox 1744 4407 2003 4506; x_wconf 87' lang='lat' dir='ltr'><strong>velint,</strong></span> <span class='ocrx_word' id='word_1_240' title='bbox 2042 4408 2343 4483; x_wconf 86' lang='lat' dir='ltr'><strong>missam</strong></span> <span class='ocrx_word' id='word_1_241' title='bbox 2385 4431 2506 4484; x_wconf 87' lang='lat' dir='ltr'><strong>au-</strong></span> 
     </span>
     <span class='ocr_line' id='line_1_34' title="bbox 243 4533 2507 4647; baseline 0 -36"><span class='ocrx_word' id='word_1_242' title='bbox 243 4542 411 4632; x_wconf 89' lang='lat' dir='ltr'><strong>tem,</strong></span> <span class='ocrx_word' id='word_1_243' title='bbox 450 4546 829 4635; x_wconf 89' lang='lat' dir='ltr'><strong>tamquam</strong></span> <span class='ocrx_word' id='word_1_244' title='bbox 864 4539 1141 4618; x_wconf 89' lang='lat' dir='ltr'><strong>idolum</strong></span> <span class='ocrx_word' id='word_1_245' title='bbox 1157 4537 1603 4640; x_wconf 88' lang='lat' dir='ltr'><strong>pontificum,</strong></span> <span class='ocrx_word' id='word_1_246' title='bbox 1639 4535 1876 4613; x_wconf 84' lang='lat' dir='ltr'><strong>invita</strong></span> <span class='ocrx_word' id='word_1_247' title='bbox 1913 4533 2367 4611; x_wconf 87' lang='lat' dir='ltr'><strong>conscientia</strong></span> <span class='ocrx_word' id='word_1_248' title='bbox 2394 4557 2507 4647; x_wconf 60' lang='lat' dir='ltr'><strong>ref</strong></span> 
     </span>
    </p>
   </div>
  </div>
 </body>
</html>
