3293 5219
1129 1382 1663 1483 LIBER
1737 1383 2641 1482 SEPTIMUS.

973 1766 1418 1845 Oratoribus
1456 1771 1810 1868 profectis
1850 1770 2297 1847 Franciscus
2339 1770 2686 1868 Forgach
2725 1769 3002 1844 oratio-

758 1916 921 1969 nem
995 1895 1068 1968 in
1124 1917 1474 1969 consessu
1535 1897 1944 1995 principum
2017 1904 2239 1994 atque
2297 1897 2608 1973 omnium
2667 1895 3010 1970 ordinum

757 2020 1063 2118 imperii,
1091 2044 1250 2096 cum
1307 2045 1575 2119 magna
1629 2024 2038 2099 auditorum
2096 2024 2498 2099 attentione
2539 2021 2817 2113 habuit,
2839 2042 3011 2120 pro-

756 2155 1015 2245 pterea
1036 2147 1251 2243 ,quod
1295 2149 1774 2225 maximarum
1794 2151 2131 2245 cladium,
2151 2151 2630 2226 maximorum
2645 2149 3011 2248 periculo·

760 2296 919 2348 rum
955 2275 1282 2351 narratio
1338 2300 1498 2351 cum
1535 2279 1760 2354 rebus
1799 2280 2037 2374 gestis
2095 2278 2549 2354 Ferdinandi
2585 2275 3013 2352 archiducis

763 2401 860 2475 ad
877 2401 1317 2477 laudandum
1354 2427 1515 2479 eum
1551 2412 2020 2504 praesentem
2114 2408 2184 2481 in
2224 2413 2375 2481 tam
2414 2403 2897 2480 celeberrimo
2938 2409 3017 2477 et

762 2530 1357 2627 frequentissimo
1376 2534 1785 2634 principum
1823 2558 1914 2609 ac
1930 2535 2407 2633 plurimarum
2443 2531 2815 2608 nationum
2835 2552 3009 2606 con-

769 2681 1055 2755 gressu,
1077 2662 1283 2736 varie
1303 2663 1532 2738 mixta
1551 2671 1623 2738 et
1644 2687 1736 2738 ex
1776 2670 1938 2739 arte
1977 2662 2776 2763 composita,interdum
2816 2684 3016 2737 com-

745 2873 748 2876 ,
767 2785 1335 2880 miserationem,
1350 2790 1707 2865 interdum
1731 2793 2106 2884 laetitiam,
2123 2791 2696 2887 indignationem
2719 2810 3018 2886 quoque

771 2935 1382 3008 gravem,summa
1403 2916 1803 2992 animorum
1823 2917 2390 2993 inflammatione
2415 2914 2851 2992 concitabat
2893 2915 3016 2989 In·

769 3062 990 3135 super
1008 3041 1349 3136 privatim
1362 3042 1695 3140 singulos
1709 3045 1933 3137 adire,
1955 3044 2219 3119 docere
2240 3041 2331 3117 de
2351 3042 2709 3117 communi
2727 3041 3019 3139 pericu-

770 3168 865 3259 lo,
882 3176 1257 3264 postremo
1281 3192 1516 3263 orare,
1536 3179 1759 3270 atque
1782 3171 2162 3247 obtestari.
2204 3171 2525 3246 Tantum
2559 3169 2832 3245 factum
2874 3176 3014 3257 est,

770 3303 852 3371 ut
870 3294 1140 3393 duplex
1180 3297 1583 3373 subsidium
1617 3322 2016 3391 romanum,
2038 3298 2233 3395 quod
2269 3298 2380 3371 illi
2403 3304 2690 3389 vocant,
2713 3295 2811 3371 ad
2846 3301 3018 3370 octo

770 3442 1062 3497 menses
1117 3425 1627 3520 promiserint3
1705 3426 1780 3501 id
1834 3425 2157 3524 peditum
2213 3424 2706 3522 quadraginta
2755 3417 3015 3509 millia,

773 3549 1093 3647 equitum
1131 3560 1295 3626 octo
1352 3553 1747 3629 constituit.
1808 3551 1957 3628 Sed
2016 3551 2540 3650 stipendiorum
2600 3548 2847 3648 potius
2883 3569 3016 3622 nu-

775 3699 1073 3770 merum,
1113 3700 1328 3773 quam
1384 3679 1706 3757 virorum
1762 3680 1957 3778 apud
1994 3700 2123 3753 eos
2159 3700 2545 3753 numerare
2600 3676 2795 3766 licet,
2853 3694 3018 3748 cum

773 3824 959 3878 unus
995 3804 1417 3900 frequenter
1454 3813 1673 3903 atque
1730 3806 1915 3882 adeo
1953 3806 2159 3881 multi
2197 3806 2501 3880 duorum
2535 3804 2849 3880 triumve
2891 3800 3020 3875 sti-

776 3929 1047 4028 pendia
1121 3940 1467 4007 mereant.
1548 3932 1721 4007 Tali
1833 3954 2191 4031 responso
2249 3932 2343 4005 ad
2436 3953 2760 4005 mensem
2820 3928 3022 4002 Mar-

777 4056 954 4130 tium
991 4058 1296 4151 reversi,
1388 4082 1520 4158 spe
1560 4061 1755 4136 bona
1808 4060 2119 4135 omnium
2177 4058 2460 4133 animos
2499 4057 3005 4155 impleverunt.

780 4182 975 4258 Dein
1033 4193 1319 4261 aestate
1395 4194 1787 4286 appetente
1862 4187 2232 4287 expeditio
2289 4184 2696 4283 imperialis
2752 4180 3008 4278 urgeri

783 4321 1044 4410 coepta
1079 4321 1232 4409 est;
1273 4320 1478 4413 cnjus
1518 4342 1765 4394 rumor
1801 4320 2021 4415 longe
2058 4318 2318 4414 major,
2358 4336 2575 4411 quam
2613 4318 2740 4386 aut
2773 4331 3024 4385 nume-

781 4463 929 4537 rus,
971 4451 1096 4520 aut
1151 4467 1543 4524 successus
1565 4446 1738 4524 fuit:
1798 4448 2065 4545 quippe
2121 4444 2469 4520 universa
2525 4438 2901 4538 expeditio
2947 4436 3021 4510 in

779 4578 935 4647 tres
974 4573 1295 4669 peditum
1336 4573 1698 4666 cohortes,
1758 4581 1832 4647 et
1867 4571 2171 4647 totidem
2209 4570 2375 4645 alas
2414 4566 2732 4666 equitum
2771 4564 2871 4639 ad
2909 4563 3026 4638 de-
