3293 5219
2398 334 2552 414 267

165 558 168 561 ’
287 558 548 649 ciarat,
590 556 658 629 si
698 577 834 629 sua
873 576 1012 651 ope
1053 552 1449 650 aliquando
1489 575 1797 649 regnum
1835 560 2332 650 recuperaret.
2373 551 2554 629 Ideo

146 717 151 723 ·
287 681 744 781 Solymanus
764 677 1195 755 Alexandro
1219 702 1530 776 regnum
1551 679 1908 773 restituit3
1930 678 2026 752 ad
2047 681 2257 775 cujus
2282 678 2554 753 adven·

290 817 444 884 tum
470 805 757 882 Tomsa
777 829 938 881 cum
958 805 1338 880 Mociocco
1361 813 1435 880 et
1453 805 1692 880 tribus
1716 804 1886 880 aliis
1907 804 1982 878 in
2003 802 2389 879 Poloniam
2430 827 2554 879 au-

283 935 498 1030 fugit.
560 932 1009 1031 Solymanus
1073 939 1319 1007 autem
1383 955 1518 1031 per
1574 932 1941 1023 nuncium,
1984 938 2110 1006 aut
2148 931 2362 1005 vivos
2412 930 2554 1005 sibi

287 1060 486 1135 tradi
524 1059 955 1158 postulavit,
996 1066 1124 1133 aut
1160 1059 1659 1135 trucidandos.
1701 1056 2201 1149 Quamobrem
2242 1082 2374 1133 rex
2414 1057 2554 1131 Po·

291 1188 544 1263 loniae
583 1208 744 1261 cum
786 1187 880 1259 ob
918 1186 1081 1277 hoc,
1122 1194 1274 1260 tum
1316 1209 1494 1260 vero
1538 1185 1733 1282 quod
1777 1185 2238 1260 Demetrium
2260 1185 2553 1283 Byzan-

290 1314 472 1389 tium
510 1312 859 1403 misisset,
899 1320 1135 1387 morte
1177 1312 1439 1387 affecit.

509 1439 853 1537 Despota
910 1439 1094 1513 duos
1151 1440 1409 1515 habuit
1446 1441 1723 1516 fratres
1765 1467 1780 1511 ε
1821 1441 2012 1514 alter
2053 1439 2129 1513 in
2159 1437 2412 1538 Cypro
2453 1440 2557 1513 in·

287 1566 458 1642 sula
512 1564 759 1639 ludum
820 1564 1158 1659 instituit,
1217 1566 1405 1641 alter
1461 1566 1821 1641 Venetias
1889 1566 2109 1639 venit.
2187 1565 2334 1639 Hic
2372 1564 2557 1638 mira

291 1691 615 1789 quadam
651 1691 1014 1766 facilitate
1052 1700 1276 1789 atque
1316 1692 1759 1768 assiduitate
1797 1692 1872 1765 in
1894 1714 2270 1767 numerum
2305 1714 2559 1766 eorum

297 1840 377 1891 se
415 1817 840 1910 insinuavit,
881 1818 1004 1914 qui
1043 1818 1139 1892 ad
1178 1817 1547 1892 aerarium
1588 1816 2035 1912 deserviunt3
2074 1817 2369 1892 tandem
2411 1817 2554 1892 sibi

297 1951 536 2019 artem
577 1945 1051 2040 comparavit,
1091 1953 1170 2021 ut
1209 1967 1463 2021 omnes
1503 1966 1719 2018 seras
1760 1944 2229 2041 quantumvis
2271 1944 2559 2019 difficil-

292 2069 513 2145 limas
556 2070 776 2145 certis
814 2070 1322 2146 instrumentis
1362 2078 1758 2164 reseraret,
1799 2078 2019 2167 atque
2055 2070 2320 2145 iterum
2363 2072 2560 2146 elau-

296 2199 523 2272 deret.
570 2197 720 2272 Diu
761 2205 996 2272 artem
1036 2198 1386 2289 exercuit,
1429 2206 1502 2272 et
1540 2197 1815 2271 scrinia
1854 2197 2301 2295 compilavit,
2326 2198 2558 2273 donec

293 2330 562 2423 postea
605 2324 1110 2422 deprehensus
1189 2331 1305 2399 est
1343 2332 1415 2398 et
1454 2324 1721 2421 laqueo
1763 2345 2192 2421 suspensus.
2233 2323 2374 2398 Ille
2397 2347 2560 2398 cum

294 2450 651 2526 nobilium
671 2450 951 2525 liberos
973 2450 1414 2543 institueret,
1438 2473 1596 2525 cum
1617 2450 2049 2549 parentibus
2069 2448 2369 2524 illorum
2389 2471 2558 2522 con-

296 2578 762 2669 versabatur,
823 2601 1129 2675 cumque
1184 2579 1274 2653 de
1314 2578 1777 2654 institutione
1816 2600 2062 2653 rerum
2100 2576 2563 2675 publicarum

296 2727 524 2803 saepe
545 2705 936 2798 conferret,
960 2706 1205 2803 coepit
1222 2704 1542 2780 insulam
1565 2712 1963 2796 ostentare,
1986 2704 2266 2802 copias,
2305 2726 2561 2795 naves,

298 2833 521 2924 viros,
561 2831 745 2906 nihil
787 2831 1102 2928 denique
1146 2832 1410 2907 deesse
1451 2832 1546 2906 ad
1588 2831 2091 2929 occupandum
2138 2852 2450 2926 regnum
2489 2837 2564 2904 et

302 2957 854 3048 defendendum,
895 2956 960 3030 si
999 2958 1142 3031 viri
1183 2965 1257 3032 et
1296 2958 1703 3054 majoribus
1743 2957 2025 3032 similes
2065 2979 2237 3032 esse
2259 2956 2561 3031 vellent.

302 3084 636 3158 Tandem
695 3083 985 3158 induxit
1041 3084 1488 3181 praecipuos
1549 3106 1903 3181 quosque,
1964 3091 2039 3157 et
2093 3084 2420 3178 legatum
2464 3077 2560 3153 ad

299 3206 778 3308 Solymanum
836 3210 1149 3300 mittunt,
1234 3234 1371 3309 per
1411 3234 1624 3309 quem
1668 3209 2167 3284 defensionem
2208 3208 2566 3306 petebant

299 3335 661 3410 adversus
683 3335 1041 3428 Venetos,
1066 3344 1139 3409 et
1157 3342 1236 3411 ut
1260 3358 1341 3410 se
1383 3336 1537 3409 suis
1579 3335 1875 3430 legibus
1900 3333 2152 3407 vivere
2191 3335 2563 3440 permitte-

297 3468 450 3556 ret3
509 3461 856 3536 tributum
918 3485 1095 3537 vero
1155 3486 1471 3537 annuum
1523 3484 1606 3535 se
1646 3461 2128 3559 depensuros.
2226 3456 2566 3558 Solyma-

270 3604 433 3665 nus
475 3610 969 3664 concessurus
1009 3597 1210 3684 erat;
1252 3589 1384 3663 sed
1422 3588 1549 3662 ille
1574 3587 1861 3662 cuidam
1892 3584 2128 3658 amieo
2170 3608 2326 3671 suo,
2351 3609 2567 3683 quem

297 3712 727 3789 fidissimum
790 3715 932 3790 sibi
992 3717 1324 3813 putabat,
1366 3712 1906 3810 gloriabundus
1961 3710 2430 3786 familiariter
2470 3712 2565 3787 si-

297 3839 810 3933 gnificaverat,
866 3841 1027 3917 fore
1085 3847 1164 3916 ut
1221 3841 1383 3935 ipse
1441 3838 1657 3914 brevi
1692 3838 1768 3912 in
1808 3859 2150 3932 magnum
2195 3835 2566 3912 dominum

299 3965 668 4055 evaderet,
710 3972 785 4040 et
825 3965 1014 4063 quod
1060 3962 1362 4065 Cyprus
1402 3985 1673 4038 novum
1714 3970 1987 4037 statum
2026 3961 2380 4056 haberet3
2422 3985 2567 4058 qua

300 4113 380 4165 re
465 4091 594 4165 ille
686 4091 1064 4188 pensitata
1141 4091 1237 4164 ad
1305 4098 1675 4164 oratorem
1749 4094 2089 4161 venetum
2160 4085 2564 4182 profectus,

301 4217 366 4290 si
410 4238 493 4291 se
530 4215 866 4315 praemio
906 4214 1295 4290 afficerent
1333 4212 1648 4305 Veneti,
1691 4234 1966 4309 magna
2007 4217 2321 4303 secreta,
2360 4216 2434 4285 et
2472 4211 2569 4285 ad

299 4348 570 4417 statum
606 4340 980 4439 publicum
1018 4338 1472 4438 pertinentia
1509 4339 2009 4413 revelaturum
2050 4335 2245 4410 dicit,
2289 4333 2567 4411 Orator

297 4468 700 4565 promittit3
742 4477 816 4543 et
868 4468 996 4542 ille
1057 4467 1307 4542 statim
1365 4488 1524 4542 rem
1564 4465 1844 4563 aperit3
1885 4461 2114 4559 fitque
2154 4463 2564 4558 conventio,

299 4601 378 4669 ut
430 4591 645 4667 illum
702 4593 1066 4670 hominem
1125 4593 1201 4667 in
1233 4592 1544 4690 domum,
1606 4612 2060 4689 quacumque
2099 4595 2259 4663 arte
2296 4590 2565 4686 possit·
2624 4613 2627 4614 ’
