3293 5219
789 336 943 412 396

789 552 971 627 nihil
1049 552 1194 626 sibi
1289 555 1773 629 cunctandum
1851 554 2120 648 vident,
2198 556 2374 652 quin
2484 581 2737 654 regem
2799 582 3059 634 coram

790 679 1081 770 adeant,
1119 701 1629 777 praesensque
1668 678 2095 778 periculum,
2150 680 2521 776 'siquidem
2579 705 2703 758 res
2744 683 2852 758 ita
2887 707 3061 782 pro-

789 804 1026 895 cedat,
1064 804 1475 878 ostendant.
1517 804 1737 879 Diem
1777 804 2261 879 conveniendi
2300 805 2505 902 regis
2544 806 2817 899 dicunt,
2859 816 2936 882 et
2975 817 3059 883 ut

785 930 985 1007 haud
1006 931 1364 1004 obscuras
1403 930 1817 1027 Lotaringii
1856 930 2172 1005 insidias
2214 933 2309 1005 ab
2350 933 2719 1031 capitibus
2760 933 2943 1025 suis,
2985 934 3053 1008 si

786 1063 1115 1155 possent,
1158 1055 1635 1153 depellerent,
1694 1066 2020 1132 armatos
2080 1059 2334 1133 venire
2392 1059 2660 1157 placet.
2704 1057 3049 1135 Condaei

789 1183 1259 1258 adventantis
1339 1183 1665 1275 nuncius,
1763 1192 1841 1258 ut
1913 1184 2251 1280 pervenit
2344 1184 2440 1258 ad
2534 1185 3050 1281 Lotaringum,

786 1311 948 1404 regi
1040 1309 1491 1406 reginaeque
1588 1334 1803 1407 quam
1861 1334 2132 1407 magno
2225 1311 2300 1384 in
2358 1313 2690 1409 periculo
2788 1320 3053 1387 essent

789 1427 1187 1528 constituti,
1298 1443 1694 1527 ostentare,
1810 1434 2231 1511 Condacum
2345 1461 2618 1534 magna
2730 1446 3053 1512 armato·

787 1587 948 1639 rum
990 1562 1059 1633 vi
1130 1561 1300 1636 ideo
1393 1561 1766 1653 advolare,
1847 1572 1927 1637 ut
2002 1586 2258 1637 omnes
2319 1564 2536 1638 simul
2598 1565 2672 1638 in
2713 1574 3054 1663 potesta-

785 1699 934 1765 tem
972 1686 1289 1784 redigat,
1336 1695 1409 1760 et
1446 1708 1578 1761 suo
1619 1688 2004 1781 arbitratu,
2026 1689 2172 1761 nisi
2211 1698 2497 1763 mature
2536 1690 3056 1788 provideatur,

788 1839 1096 1910 regnum
1156 1813 1632 1886 administret.
1732 1813 1757 1885 l
1770 1824 1846 1889 ta
1896 1836 2162 1909 magno
2203 1824 2400 1890 metu
2436 1817 2774 1911 reginam
2821 1826 3055 1913 atque

784 1963 1039 2035 regem
1095 1945 1629 2026 consternatos,
1725 1947 1798 2013 ct
1853 1939 2363 2014 Helvetiorum
2439 1941 2859 2037 agminibus
2922 1943 3055 2017 sti-

783 2071 1003 2166 patos
1060 2063 1429 2137 Parisium
1469 2065 1847 2139 celerrime
1905 2065 2216 2157 deducit,
2256 2067 2359 2140 ibi
2417 2091 2573 2160 rex,
2632 2067 3050 2163 instigante

788 2191 1048 2289 regina
1107 2196 1179 2264 et
1252 2190 1681 2285 Lotaringo,
1740 2190 1836 2264 ad
1891 2193 2236 2290 populum
2297 2192 2702 2289 parisinum
2761 2202 2835 2267 et
2873 2217 3052 2268 uou-

791 2317 1039 2393 nullos
1076 2316 1468 2415 primarios
1510 2317 1913 2402 orationem
1959 2318 2157 2410 facit,
2199 2325 2419 2414 atque
2461 2318 2535 2391 in
2577 2315 3047 2393 Condensem

791 2452 864 2519 et
919 2443 1109 2517 alios
1164 2442 1605 2516 reformatae
1663 2442 2047 2537 religionis
2108 2443 2308 2518 viros
2366 2445 2721 2538 invectus,
2762 2444 3050 2518 auxilia

784 2569 1145 2670 poposcit.
1201 2566 1322 2642 Ad
1376 2566 1571 2664 quod
1633 2567 1946 2666 parisini
1987 2577 2061 2643 et
2115 2569 2360 2645 clerus
2413 2570 2578 2669 ipse
2631 2569 2829 2645 haud
2869 2595 3049 2668 gra-

783 2695 1008 2771 vatim
1046 2716 1508 2787 consensere,
1549 2704 1621 2769 et
1658 2695 2068 2792 promisere
2108 2719 2389 2791 magna
2411 2693 2694 2769 auxilia
2732 2719 3049 2793 respon·

788 2821 1005 2895 dente
1063 2819 1567 2893 connestabile
1622 2820 2134 2911 Momorantio,
2206 2820 2325 2916 qui
2404 2819 2494 2894 de
2553 2843 2638 2894 se
2675 2819 2909 2894 multa
2947 2822 3053 2895 lo-

794 2954 1000 3022 cutus
1076 2946 1508 3040 sangvinem
1584 2971 1673 3020 ac
1728 2948 1953 3021 vitam
2031 2948 2426 3021 effusurum
2482 2967 2616 3041 pro
2654 2969 2835 3040 rege
2892 2944 3053 3044 pol-

785 3074 1064 3164 licetur,
1136 3071 1685 3148 et'declaratur
1743 3072 2120 3170 generalis
2211 3072 2357 3147 dux
2416 3073 2731 3147 omnium
2791 3073 3042 3167 regia·

784 3224 943 3276 rum
985 3201 1377 3297 copiarum,
1416 3202 1651 3276 fratre
1690 3200 1895 3296 regis
1937 3198 2411 3290 assentiente,
2451 3207 2526 3273 et
2561 3199 3046 3296 permittente

789 3329 1299 3420 connestabili,
1397 3327 1588 3424 quod
1681 3325 1962 3424 alioqui
2054 3324 2132 3398 id
2209 3324 2322 3399 sui
2399 3325 2719 3398 muneris
2780 3347 3049 3400 secun-

805 3453 972 3527 dum
1067 3478 1316 3549 regern
1431 3476 1757 3527 summae
1851 3450 2233 3546 dignitatis
2309 3451 2625 3525 fuisset:
2722 3452 3051 3526 conscri-

787 3584 1200 3676 bunturque
1241 3580 1498 3677 copiae
1554 3587 1707 3652 tam
1761 3579 2092 3653 urbanae
2152 3600 2365 3673 quam
2407 3576 2931 3675 provinciales,
2972 3586 3053 3652 et

791 3731 883 3781 ex
941 3702 1366 3779 Germaniis
1459 3703 1738 3777 auxilia
1812 3710 2239 3776 evocantur.
2342 3700 2460 3776 Ad
2554 3724 2808 3803 regem
2866 3701 3047 3776 item

788 3830 1342 3928 Hispaniarum,
1388 3830 1463 3901 in
1521 3828 1823 3903 Italiam
1884 3827 1979 3902 ad
2037 3828 2375 3923 singulos
2432 3826 2831 3925 principes,
2889 3848 3048 3900 res-

788 3956 1149 4058 publicas,
1175 3962 1248 4028 et
1288 3954 1383 4028 ad
1419 3954 1835 4052 pontificem
1872 3953 2106 4051 legati
2124 3976 2259 4052 pro
2300 3952 2598 4027 auxiliis
2642 3952 3047 4026 amandan-

789 4092 929 4158 tur.
970 4081 1111 4173 Qui
1151 4081 1484 4179 ingentia
1505 4081 1785 4155 auxilia
1806 4105 1895 4157 ea
1915 4075 2331 4155 conditione
2354 4078 2711 4176 promisit,
2732 4102 2826 4152 ne
2870 4102 3049 4176 pac-

791 4210 992 4284 tione
1032 4208 1184 4282 ulla
1204 4208 1588 4304 religionis
1601 4230 1749 4308 pax
1790 4208 2097 4298 ineatur,
2112 4214 2184 4280 et
2205 4204 2296 4278 ad
2312 4205 2499 4278 idem
2515 4204 3053 4303 praestandum

793 4337 1130 4432 singulos
1153 4335 1528 4434 principes
1551 4344 1624 4411 et
1649 4334 2112 4432 respublicas
2132 4331 2490 4427 hortatur3
2530 4340 2607 4407 et
2627 4331 3058 4430 episcopum

784 4462 1287 4547 narniensem,
1359 4463 1481 4560 qui
1555 4461 2018 4558 negotiorum
2111 4458 2567 4555 agendorum
2648 4456 3057 4533 solertissi-

786 4610 947 4663 mus
985 4587 1422 4685 habebatur,
1473 4589 1566 4663 ad
1626 4587 2185 4662 circumeundos
2242 4585 2576 4683 singulos
2621 4589 3054 4693 potentatus
