<?xml version="1.0" encoding="UTF-8"?>
<!DOCTYPE html PUBLIC "-//W3C//DTD XHTML 1.0 Transitional//EN"
    "http://www.w3.org/TR/xhtml1/DTD/xhtml1-transitional.dtd">
<html xmlns="http://www.w3.org/1999/xhtml" xml:lang="en" lang="en">
 <head>
  <title>
</title>
<meta http-equiv="Content-Type" content="text/html;charset=utf-8" />
  <meta name='ocr-system' content='tesseract 3.04.00' />
  <meta name='ocr-capabilities' content='ocr_page ocr_carea ocr_par ocr_line ocrx_word'/>
</head>
<body>
  <div class='ocr_page' id='page_1' title='image "./magyarhistorija00bpgoog/magyarhistorija00bpgoog_0533.png"; bbox 0 0 3293 5219; ppageno 0'>
   <div class='ocr_carea' id='block_1_1' title="bbox 2358 333 2521 410">
    <p class='ocr_par' dir='ltr' id='par_1_1' title="bbox 2358 333 2521 410">
     <span class='ocr_line' id='line_1_1' title="bbox 2358 333 2521 410; baseline 0.018 -3"><span class='ocrx_word' id='word_1_1' title='bbox 2358 333 2521 410; x_wconf 85' lang='lat'>413</span> 
     </span>
    </p>
   </div>
   <div class='ocr_carea' id='block_1_2' title="bbox 158 547 2532 4674">
    <p class='ocr_par' dir='ltr' id='par_1_2' title="bbox 158 547 2532 4674">
     <span class='ocr_line' id='line_1_2' title="bbox 254 547 2521 646; baseline 0.001 -24"><span class='ocrx_word' id='word_1_2' title='bbox 254 549 471 645; x_wconf 89' lang='lat' dir='ltr'>cujus</span> <span class='ocrx_word' id='word_1_3' title='bbox 525 548 978 646; x_wconf 87' lang='lat' dir='ltr'>provinciae.</span> <span class='ocrx_word' id='word_1_4' title='bbox 1035 549 1485 626; x_wconf 89' lang='lat' dir='ltr'>Necessario</span> <span class='ocrx_word' id='word_1_5' title='bbox 1543 571 1723 643; x_wconf 80' lang='lat' dir='ltr'>ergo</span> <span class='ocrx_word' id='word_1_6' title='bbox 1780 547 2300 646; x_wconf 86' lang='lat' dir='ltr'>proferendum</span> <span class='ocrx_word' id='word_1_7' title='bbox 2357 557 2521 625; x_wconf 87' lang='lat' dir='ltr'>erat</span> 
     </span>
     <span class='ocr_line' id='line_1_3' title="bbox 251 674 2513 773; baseline 0 -25"><span class='ocrx_word' id='word_1_8' title='bbox 251 675 679 772; x_wconf 88' lang='lat' dir='ltr'>imperium,</span> <span class='ocrx_word' id='word_1_9' title='bbox 740 677 1076 772; x_wconf 84' lang='lat' dir='ltr'>quamvis</span> <span class='ocrx_word' id='word_1_10' title='bbox 1132 677 1295 773; x_wconf 89' lang='lat' dir='ltr'>ipse</span> <span class='ocrx_word' id='word_1_11' title='bbox 1353 674 1643 750; x_wconf 91' lang='lat' dir='ltr'>minime</span> <span class='ocrx_word' id='word_1_12' title='bbox 1705 682 1909 749; x_wconf 89' lang='lat' dir='ltr'>esset</span> <span class='ocrx_word' id='word_1_13' title='bbox 1964 674 2146 749; x_wconf 91' lang='lat' dir='ltr'>belli</span> <span class='ocrx_word' id='word_1_14' title='bbox 2185 675 2513 772; x_wconf 90' lang='lat' dir='ltr'>cupidus,</span> 
     </span>
     <span class='ocr_line' id='line_1_4' title="bbox 254 799 2520 898; baseline 0 -25"><span class='ocrx_word' id='word_1_15' title='bbox 254 823 418 875; x_wconf 91' lang='lat' dir='ltr'>cum</span> <span class='ocrx_word' id='word_1_16' title='bbox 464 808 749 894; x_wconf 87' lang='lat' dir='ltr'>natura,</span> <span class='ocrx_word' id='word_1_17' title='bbox 792 809 1159 876; x_wconf 66' lang='lat' dir='ltr'>tum‘vero</span> <span class='ocrx_word' id='word_1_18' title='bbox 1201 799 1591 876; x_wconf 82' lang='lat' dir='ltr'>abdomine</span> <span class='ocrx_word' id='word_1_19' title='bbox 1631 799 1916 897; x_wconf 90' lang='lat' dir='ltr'>plenus,</span> <span class='ocrx_word' id='word_1_20' title='bbox 1976 800 2147 894; x_wconf 90' lang='lat' dir='ltr'>otio,</span> <span class='ocrx_word' id='word_1_21' title='bbox 2186 802 2520 898; x_wconf 83' lang='lat' dir='ltr'>volupta-</span> 
     </span>
     <span class='ocr_line' id='line_1_5' title="bbox 227 926 2520 1036; baseline 0 -37"><span class='ocrx_word' id='word_1_22' title='bbox 227 926 478 1036; x_wconf 85' lang='lat' dir='ltr'>tibus,</span> <span class='ocrx_word' id='word_1_23' title='bbox 520 927 843 1024; x_wconf 84' lang='lat' dir='ltr'>vinoque</span> <span class='ocrx_word' id='word_1_24' title='bbox 883 926 1198 1004; x_wconf 88' lang='lat' dir='ltr'>deditus.</span> <span class='ocrx_word' id='word_1_25' title='bbox 1264 927 1456 1002; x_wconf 90' lang='lat' dir='ltr'>Nam</span> <span class='ocrx_word' id='word_1_26' title='bbox 1496 926 1743 1000; x_wconf 91' lang='lat' dir='ltr'>vinum</span> <span class='ocrx_word' id='word_1_27' title='bbox 1785 934 2046 1001; x_wconf 85' lang='lat' dir='ltr'>contra</span> <span class='ocrx_word' id='word_1_28' title='bbox 2094 927 2305 1023; x_wconf 86' lang='lat' dir='ltr'>leges</span> <span class='ocrx_word' id='word_1_29' title='bbox 2345 950 2520 1022; x_wconf 86' lang='lat' dir='ltr'>gen-</span> 
     </span>
     <span class='ocr_line' id='line_1_6' title="bbox 250 1051 2516 1152; baseline 0.001 -27"><span class='ocrx_word' id='word_1_30' title='bbox 250 1052 350 1126; x_wconf 91' lang='lat' dir='ltr'>tis</span> <span class='ocrx_word' id='word_1_31' title='bbox 392 1074 621 1150; x_wconf 89' lang='lat' dir='ltr'>supra</span> <span class='ocrx_word' id='word_1_32' title='bbox 660 1054 947 1128; x_wconf 90' lang='lat' dir='ltr'>modum</span> <span class='ocrx_word' id='word_1_33' title='bbox 990 1053 1314 1145; x_wconf 82' lang='lat' dir='ltr'>bibebat,</span> <span class='ocrx_word' id='word_1_34' title='bbox 1356 1060 1430 1128; x_wconf 91' lang='lat' dir='ltr'>et</span> <span class='ocrx_word' id='word_1_35' title='bbox 1469 1052 1662 1146; x_wconf 91' lang='lat' dir='ltr'>aliis,</span> <span class='ocrx_word' id='word_1_36' title='bbox 1704 1052 1903 1150; x_wconf 92' lang='lat' dir='ltr'>quod</span> <span class='ocrx_word' id='word_1_37' title='bbox 1942 1053 2140 1152; x_wconf 87' lang='lat' dir='ltr'>apud</span> <span class='ocrx_word' id='word_1_38' title='bbox 2179 1051 2516 1152; x_wconf 84' lang='lat' dir='ltr'>Solyma-</span> 
     </span>
     <span class='ocr_line' id='line_1_7' title="bbox 252 1178 2516 1278; baseline 0 -28"><span class='ocrx_word' id='word_1_39' title='bbox 252 1201 426 1252; x_wconf 89' lang='lat' dir='ltr'>num</span> <span class='ocrx_word' id='word_1_40' title='bbox 468 1179 789 1276; x_wconf 87' lang='lat' dir='ltr'>capitale</span> <span class='ocrx_word' id='word_1_41' title='bbox 829 1179 988 1272; x_wconf 75' lang='lat' dir='ltr'>fuit,</span> <span class='ocrx_word' id='word_1_42' title='bbox 1028 1179 1325 1278; x_wconf 91' lang='lat' dir='ltr'>publice</span> <span class='ocrx_word' id='word_1_43' title='bbox 1383 1178 1781 1253; x_wconf 91' lang='lat' dir='ltr'>bibendum</span> <span class='ocrx_word' id='word_1_44' title='bbox 1830 1203 1921 1254; x_wconf 88' lang='lat' dir='ltr'>ac</span> <span class='ocrx_word' id='word_1_45' title='bbox 1978 1178 2516 1277; x_wconf 89' lang='lat' dir='ltr'>propinandum</span> 
     </span>
     <span class='ocr_line' id='line_1_8' title="bbox 253 1303 2523 1403; baseline -0 -26"><span class='ocrx_word' id='word_1_46' title='bbox 253 1303 611 1400; x_wconf 78' lang='lat' dir='ltr'><strong>permisit.</strong></span> <span class='ocrx_word' id='word_1_47' title='bbox 679 1303 1005 1382; x_wconf 75' lang='lat' dir='ltr'>Occasio</span> <span class='ocrx_word' id='word_1_48' title='bbox 1046 1328 1246 1398; x_wconf 89' lang='lat' dir='ltr'>vero,</span> <span class='ocrx_word' id='word_1_49' title='bbox 1289 1330 1417 1380; x_wconf 86' lang='lat' dir='ltr'>our</span> <span class='ocrx_word' id='word_1_50' title='bbox 1464 1305 1539 1379; x_wconf 90' lang='lat' dir='ltr'>in</span> <span class='ocrx_word' id='word_1_51' title='bbox 1581 1305 2181 1403; x_wconf 78' lang='lat' dir='ltr'>septemtrionem</span> <span class='ocrx_word' id='word_1_52' title='bbox 2223 1303 2523 1402; x_wconf 43' lang='lat' dir='ltr'>expedi„</span> 
     </span>
     <span class='ocr_line' id='line_1_9' title="bbox 249 1429 2518 1527; baseline 0 -25"><span class='ocrx_word' id='word_1_53' title='bbox 249 1429 529 1505; x_wconf 92' lang='lat' dir='ltr'>tionem</span> <span class='ocrx_word' id='word_1_54' title='bbox 566 1436 907 1524; x_wconf 89' lang='lat' dir='ltr'>tentaret,</span> <span class='ocrx_word' id='word_1_55' title='bbox 930 1432 1127 1505; x_wconf 88' lang='lat' dir='ltr'>haec</span> <span class='ocrx_word' id='word_1_56' title='bbox 1165 1430 1340 1505; x_wconf 85' lang='lat' dir='ltr'>fuit:</span> <span class='ocrx_word' id='word_1_57' title='bbox 1383 1430 1579 1526; x_wconf 90' lang='lat' dir='ltr'>quod</span> <span class='ocrx_word' id='word_1_58' title='bbox 1621 1429 2128 1527; x_wconf 88' lang='lat' dir='ltr'>aquibusdam</span> <span class='ocrx_word' id='word_1_59' title='bbox 2150 1429 2518 1521; x_wconf 88' lang='lat' dir='ltr'>Tartaris,</span> 
     </span>
     <span class='ocr_line' id='line_1_10' title="bbox 256 1554 2523 1652; baseline -0.001 -23"><span class='ocrx_word' id='word_1_60' title='bbox 256 1554 385 1651; x_wconf 87' lang='lat' dir='ltr'>qui</span> <span class='ocrx_word' id='word_1_61' title='bbox 441 1555 538 1628; x_wconf 90' lang='lat' dir='ltr'>ab</span> <span class='ocrx_word' id='word_1_62' title='bbox 559 1555 1028 1630; x_wconf 77' lang='lat' dir='ltr'>Moschorum</span> <span class='ocrx_word' id='word_1_63' title='bbox 1066 1557 1398 1652; x_wconf 87' lang='lat' dir='ltr'>principe</span> <span class='ocrx_word' id='word_1_64' title='bbox 1455 1556 2060 1646; x_wconf 85' lang='lat' dir='ltr'>molestabantur,</span> <span class='ocrx_word' id='word_1_65' title='bbox 2101 1554 2523 1629; x_wconf 89' lang='lat' dir='ltr'>solicitaba-</span> 
     </span>
     <span class='ocr_line' id='line_1_11' title="bbox 251 1679 2520 1777; baseline 0 -26"><span class='ocrx_word' id='word_1_66' title='bbox 251 1688 396 1772; x_wconf 81' lang='lat' dir='ltr'>tur3</span> <span class='ocrx_word' id='word_1_67' title='bbox 439 1688 512 1752; x_wconf 88' lang='lat' dir='ltr'>et</span> <span class='ocrx_word' id='word_1_68' title='bbox 552 1704 826 1777; x_wconf 83' lang='lat' dir='ltr'>operae</span> <span class='ocrx_word' id='word_1_69' title='bbox 865 1680 1178 1776; x_wconf 86' lang='lat' dir='ltr'>pretium</span> <span class='ocrx_word' id='word_1_70' title='bbox 1218 1704 1301 1755; x_wconf 91' lang='lat' dir='ltr'>se</span> <span class='ocrx_word' id='word_1_71' title='bbox 1343 1704 1435 1755; x_wconf 92' lang='lat' dir='ltr'>ea</span> <span class='ocrx_word' id='word_1_72' title='bbox 1472 1703 1556 1753; x_wconf 90' lang='lat' dir='ltr'>re</span> <span class='ocrx_word' id='word_1_73' title='bbox 1596 1681 1959 1754; x_wconf 89' lang='lat' dir='ltr'>facturum</span> <span class='ocrx_word' id='word_1_74' title='bbox 1991 1679 2395 1774; x_wconf 86' lang='lat' dir='ltr'>judicabat,</span> <span class='ocrx_word' id='word_1_75' title='bbox 2456 1679 2520 1751; x_wconf 87' lang='lat' dir='ltr'>si</span> 
     </span>
     <span class='ocr_line' id='line_1_12' title="bbox 254 1801 2522 1902; baseline -0 -26"><span class='ocrx_word' id='word_1_76' title='bbox 254 1802 655 1878; x_wconf 89' lang='lat' dir='ltr'>nonnullos</span> <span class='ocrx_word' id='word_1_77' title='bbox 710 1804 1028 1902; x_wconf 91' lang='lat' dir='ltr'>populos</span> <span class='ocrx_word' id='word_1_78' title='bbox 1085 1803 1283 1879; x_wconf 89' lang='lat' dir='ltr'>circa</span> <span class='ocrx_word' id='word_1_79' title='bbox 1345 1802 1670 1895; x_wconf 88' lang='lat' dir='ltr'>Volgam</span> <span class='ocrx_word' id='word_1_80' title='bbox 1727 1810 1803 1877; x_wconf 90' lang='lat' dir='ltr'>et</span> <span class='ocrx_word' id='word_1_81' title='bbox 1852 1803 2165 1878; x_wconf 85' lang='lat' dir='ltr'>Tanaim</span> <span class='ocrx_word' id='word_1_82' title='bbox 2223 1801 2522 1877; x_wconf 89' lang='lat' dir='ltr'>flumina</span> 
     </span>
     <span class='ocr_line' id='line_1_13' title="bbox 256 1929 2523 2027; baseline -0.001 -24"><span class='ocrx_word' id='word_1_83' title='bbox 256 1929 404 2003; x_wconf 92' lang='lat' dir='ltr'>sibi</span> <span class='ocrx_word' id='word_1_84' title='bbox 442 1950 708 2027; x_wconf 89' lang='lat' dir='ltr'>parere</span> <span class='ocrx_word' id='word_1_85' title='bbox 749 1938 1073 2026; x_wconf 72' lang='lat' dir='ltr'>cogeret,</span> <span class='ocrx_word' id='word_1_86' title='bbox 1098 1939 1248 2005; x_wconf 90' lang='lat' dir='ltr'>tum</span> <span class='ocrx_word' id='word_1_87' title='bbox 1270 1937 1535 2021; x_wconf 88' lang='lat' dir='ltr'>autem,</span> <span class='ocrx_word' id='word_1_88' title='bbox 1567 1939 1644 2004; x_wconf 89' lang='lat' dir='ltr'>ut</span> <span class='ocrx_word' id='word_1_89' title='bbox 1682 1951 1946 2003; x_wconf 89' lang='lat' dir='ltr'>novam</span> <span class='ocrx_word' id='word_1_90' title='bbox 1986 1951 2293 2025; x_wconf 89' lang='lat' dir='ltr'>eamque</span> <span class='ocrx_word' id='word_1_91' title='bbox 2333 1950 2523 2002; x_wconf 91' lang='lat' dir='ltr'>com-</span> 
     </span>
     <span class='ocr_line' id='line_1_14' title="bbox 253 2047 2523 2152; baseline -0.002 -24"><span class='ocrx_word' id='word_1_92' title='bbox 253 2054 801 2152; x_wconf 87' lang='lat' dir='ltr'>pendiosiorem</span> <span class='ocrx_word' id='word_1_93' title='bbox 818 2047 1379 2130; x_wconf 89' lang='lat' dir='ltr'>commodiorem</span> <span class='ocrx_word' id='word_1_94' title='bbox 1388 2078 1529 2151; x_wconf 89' lang='lat' dir='ltr'>que</span> <span class='ocrx_word' id='word_1_95' title='bbox 1552 2054 1750 2128; x_wconf 86' lang='lat' dir='ltr'>viam</span> <span class='ocrx_word' id='word_1_96' title='bbox 1768 2055 2229 2151; x_wconf 85' lang='lat' dir='ltr'>patefaceret</span> <span class='ocrx_word' id='word_1_97' title='bbox 2246 2052 2523 2126; x_wconf 89' lang='lat' dir='ltr'>indica-</span> 
     </span>
     <span class='ocr_line' id='line_1_15' title="bbox 253 2174 2523 2275; baseline -0.004 -19"><span class='ocrx_word' id='word_1_98' title='bbox 253 2205 416 2256; x_wconf 91' lang='lat' dir='ltr'>rum</span> <span class='ocrx_word' id='word_1_99' title='bbox 455 2181 801 2254; x_wconf 87' lang='lat' dir='ltr'>mercium</span> <span class='ocrx_word' id='word_1_100' title='bbox 842 2179 1580 2275; x_wconf 79' lang='lat' dir='ltr'>transportandarum</span> <span class='ocrx_word' id='word_1_101' title='bbox 1623 2177 2085 2275; x_wconf 88' lang='lat' dir='ltr'>Byzantium.</span> <span class='ocrx_word' id='word_1_102' title='bbox 2146 2174 2523 2272; x_wconf 80' lang='lat' dir='ltr'>Siquidem</span> 
     </span>
     <span class='ocr_line' id='line_1_16' title="bbox 255 2301 2524 2401; baseline -0.004 -18"><span class='ocrx_word' id='word_1_103' title='bbox 255 2306 588 2401; x_wconf 88' lang='lat' dir='ltr'>Volgam</span> <span class='ocrx_word' id='word_1_104' title='bbox 627 2313 701 2379; x_wconf 90' lang='lat' dir='ltr'>et</span> <span class='ocrx_word' id='word_1_105' title='bbox 738 2305 1056 2382; x_wconf 87' lang='lat' dir='ltr'>Tanaim</span> <span class='ocrx_word' id='word_1_106' title='bbox 1094 2304 1395 2380; x_wconf 90' lang='lat' dir='ltr'>flumina</span> <span class='ocrx_word' id='word_1_107' title='bbox 1434 2304 1745 2378; x_wconf 88' lang='lat' dir='ltr'>invicem</span> <span class='ocrx_word' id='word_1_108' title='bbox 1783 2301 2294 2379; x_wconf 89' lang='lat' dir='ltr'>commeabilia</span> <span class='ocrx_word' id='word_1_109' title='bbox 2330 2303 2524 2376; x_wconf 86' lang='lat' dir='ltr'>face-</span> 
     </span>
     <span class='ocr_line' id='line_1_17' title="bbox 254 2427 2525 2530; baseline -0.004 -22"><span class='ocrx_word' id='word_1_110' title='bbox 254 2457 338 2508; x_wconf 90' lang='lat' dir='ltr'>re</span> <span class='ocrx_word' id='word_1_111' title='bbox 395 2432 719 2524; x_wconf 87' lang='lat' dir='ltr'>volebat,</span> <span class='ocrx_word' id='word_1_112' title='bbox 783 2440 861 2505; x_wconf 90' lang='lat' dir='ltr'>ut</span> <span class='ocrx_word' id='word_1_113' title='bbox 921 2454 1013 2505; x_wconf 81' lang='lat' dir='ltr'>ex</span> <span class='ocrx_word' id='word_1_114' title='bbox 1073 2432 1324 2530; x_wconf 85' lang='lat' dir='ltr'>Volga</span> <span class='ocrx_word' id='word_1_115' title='bbox 1379 2431 1454 2505; x_wconf 89' lang='lat' dir='ltr'>in</span> <span class='ocrx_word' id='word_1_116' title='bbox 1513 2430 1826 2504; x_wconf 81' lang='lat' dir='ltr'>Tanaim</span> <span class='ocrx_word' id='word_1_117' title='bbox 1887 2436 1961 2503; x_wconf 89' lang='lat' dir='ltr'>et</span> <span class='ocrx_word' id='word_1_118' title='bbox 2015 2452 2106 2502; x_wconf 88' lang='lat' dir='ltr'>ex</span> <span class='ocrx_word' id='word_1_119' title='bbox 2148 2427 2393 2501; x_wconf 88' lang='lat' dir='ltr'>Tanai</span> <span class='ocrx_word' id='word_1_120' title='bbox 2451 2427 2525 2499; x_wconf 93' lang='lat' dir='ltr'>in</span> 
     </span>
     <span class='ocr_line' id='line_1_18' title="bbox 257 2554 2525 2655; baseline -0.004 -18"><span class='ocrx_word' id='word_1_121' title='bbox 257 2558 588 2655; x_wconf 86' lang='lat' dir='ltr'>Volgam</span> <span class='ocrx_word' id='word_1_122' title='bbox 682 2557 824 2633; x_wconf 91' lang='lat' dir='ltr'>iter</span> <span class='ocrx_word' id='word_1_123' title='bbox 914 2558 1231 2633; x_wconf 86' lang='lat' dir='ltr'>navibus</span> <span class='ocrx_word' id='word_1_124' title='bbox 1335 2557 1567 2633; x_wconf 87' lang='lat' dir='ltr'>fieret.</span> <span class='ocrx_word' id='word_1_125' title='bbox 1628 2554 1795 2647; x_wconf 80' lang='lat' dir='ltr'>Qua</span> <span class='ocrx_word' id='word_1_126' title='bbox 1874 2556 1965 2630; x_wconf 89' lang='lat' dir='ltr'>de</span> <span class='ocrx_word' id='word_1_127' title='bbox 2043 2576 2272 2628; x_wconf 90' lang='lat' dir='ltr'>causa</span> <span class='ocrx_word' id='word_1_128' title='bbox 2325 2576 2525 2629; x_wconf 88' lang='lat' dir='ltr'>mon·</span> 
     </span>
     <span class='ocr_line' id='line_1_19' title="bbox 256 2680 2527 2779; baseline -0.004 -18"><span class='ocrx_word' id='word_1_129' title='bbox 256 2695 406 2761; x_wconf 90' lang='lat' dir='ltr'>tem</span> <span class='ocrx_word' id='word_1_130' title='bbox 465 2685 663 2759; x_wconf 89' lang='lat' dir='ltr'>inter</span> <span class='ocrx_word' id='word_1_131' title='bbox 720 2683 862 2759; x_wconf 93' lang='lat' dir='ltr'>duo</span> <span class='ocrx_word' id='word_1_132' title='bbox 941 2684 1073 2759; x_wconf 90' lang='lat' dir='ltr'>illa</span> <span class='ocrx_word' id='word_1_133' title='bbox 1098 2683 1402 2760; x_wconf 89' lang='lat' dir='ltr'>flumina</span> <span class='ocrx_word' id='word_1_134' title='bbox 1473 2686 1861 2779; x_wconf 86' lang='lat' dir='ltr'>perforare</span> <span class='ocrx_word' id='word_1_135' title='bbox 1938 2680 2280 2771; x_wconf 87' lang='lat' dir='ltr'>volebat,</span> <span class='ocrx_word' id='word_1_136' title='bbox 2358 2680 2527 2755; x_wconf 89' lang='lat' dir='ltr'>mis-</span> 
     </span>
     <span class='ocr_line' id='line_1_20' title="bbox 259 2806 2532 2911; baseline -0.003 -25"><span class='ocrx_word' id='word_1_137' title='bbox 259 2813 366 2886; x_wconf 87' lang='lat' dir='ltr'>sis</span> <span class='ocrx_word' id='word_1_138' title='bbox 450 2810 817 2911; x_wconf 88' lang='lat' dir='ltr'>Byzantio</span> <span class='ocrx_word' id='word_1_139' title='bbox 916 2811 1155 2886; x_wconf 86' lang='lat' dir='ltr'>fabris</span> <span class='ocrx_word' id='word_1_140' title='bbox 1244 2820 1467 2907; x_wconf 90' lang='lat' dir='ltr'>atque</span> <span class='ocrx_word' id='word_1_141' title='bbox 1565 2808 2074 2904; x_wconf 83' lang='lat' dir='ltr'>instrumentis</span> <span class='ocrx_word' id='word_1_142' title='bbox 2148 2806 2532 2880; x_wconf 81' lang='lat' dir='ltr'>militibus-</span> 
     </span>
     <span class='ocr_line' id='line_1_21' title="bbox 258 2934 2523 3036; baseline -0.004 -23"><span class='ocrx_word' id='word_1_143' title='bbox 258 2960 423 3036; x_wconf 90' lang='lat' dir='ltr'>que,</span> <span class='ocrx_word' id='word_1_144' title='bbox 481 2937 751 3035; x_wconf 87' lang='lat' dir='ltr'>partim</span> <span class='ocrx_word' id='word_1_145' title='bbox 806 2945 1031 3025; x_wconf 90' lang='lat' dir='ltr'>terra,</span> <span class='ocrx_word' id='word_1_146' title='bbox 1097 2938 1366 3035; x_wconf 88' lang='lat' dir='ltr'>partim</span> <span class='ocrx_word' id='word_1_147' title='bbox 1424 2936 1634 3010; x_wconf 90' lang='lat' dir='ltr'>mari.</span> <span class='ocrx_word' id='word_1_148' title='bbox 1712 2937 1830 3009; x_wconf 87' lang='lat' dir='ltr'>Ita</span> <span class='ocrx_word' id='word_1_149' title='bbox 1888 2935 2082 3008; x_wconf 90' lang='lat' dir='ltr'>enim</span> <span class='ocrx_word' id='word_1_150' title='bbox 2153 2934 2399 3025; x_wconf 86' lang='lat' dir='ltr'>fiebat,</span> <span class='ocrx_word' id='word_1_151' title='bbox 2443 2939 2523 3005; x_wconf 89' lang='lat' dir='ltr'>ut</span> 
     </span>
     <span class='ocr_line' id='line_1_22' title="bbox 261 3056 2525 3159; baseline -0.002 -22"><span class='ocrx_word' id='word_1_152' title='bbox 261 3086 354 3137; x_wconf 80' lang='lat' dir='ltr'>ex</span> <span class='ocrx_word' id='word_1_153' title='bbox 394 3062 581 3138; x_wconf 88' lang='lat' dir='ltr'>mari</span> <span class='ocrx_word' id='word_1_154' title='bbox 638 3062 880 3138; x_wconf 83' lang='lat' dir='ltr'>indico</span> <span class='ocrx_word' id='word_1_155' title='bbox 958 3063 1036 3137; x_wconf 89' lang='lat' dir='ltr'>in</span> <span class='ocrx_word' id='word_1_156' title='bbox 1115 3085 1321 3137; x_wconf 91' lang='lat' dir='ltr'>mare</span> <span class='ocrx_word' id='word_1_157' title='bbox 1380 3058 1757 3159; x_wconf 82' lang='lat' dir='ltr'>Caspium,</span> <span class='ocrx_word' id='word_1_158' title='bbox 1834 3083 1926 3133; x_wconf 82' lang='lat' dir='ltr'>ex</span> <span class='ocrx_word' id='word_1_159' title='bbox 2001 3059 2187 3133; x_wconf 90' lang='lat' dir='ltr'>mari</span> <span class='ocrx_word' id='word_1_160' title='bbox 2245 3056 2525 3154; x_wconf 83' lang='lat' dir='ltr'>Caspio</span> 
     </span>
     <span class='ocr_line' id='line_1_23' title="bbox 259 3176 2519 3283; baseline -0.003 -21"><span class='ocrx_word' id='word_1_161' title='bbox 259 3190 336 3262; x_wconf 90' lang='lat' dir='ltr'>in</span> <span class='ocrx_word' id='word_1_162' title='bbox 359 3187 702 3283; x_wconf 87' lang='lat' dir='ltr'>Volgam,</span> <span class='ocrx_word' id='word_1_163' title='bbox 744 3188 914 3261; x_wconf 87' lang='lat' dir='ltr'>inde</span> <span class='ocrx_word' id='word_1_164' title='bbox 952 3188 1025 3261; x_wconf 92' lang='lat' dir='ltr'>in</span> <span class='ocrx_word' id='word_1_165' title='bbox 1050 3188 1388 3277; x_wconf 88' lang='lat' dir='ltr'>Tanaim,</span> <span class='ocrx_word' id='word_1_166' title='bbox 1430 3194 1503 3261; x_wconf 89' lang='lat' dir='ltr'>et</span> <span class='ocrx_word' id='word_1_167' title='bbox 1540 3176 1805 3283; x_wconf 80' lang='lat' dir='ltr'>postea</span> <span class='ocrx_word' id='word_1_168' title='bbox 1839 3184 1915 3256; x_wconf 89' lang='lat' dir='ltr'>in</span> <span class='ocrx_word' id='word_1_169' title='bbox 1953 3183 2296 3280; x_wconf 88' lang='lat' dir='ltr'>paludem</span> <span class='ocrx_word' id='word_1_170' title='bbox 2314 3183 2519 3256; x_wconf 90' lang='lat' dir='ltr'>Mae·</span> 
     </span>
     <span class='ocr_line' id='line_1_24' title="bbox 261 3309 2518 3409; baseline -0.005 -19"><span class='ocrx_word' id='word_1_171' title='bbox 261 3314 535 3390; x_wconf 92' lang='lat' dir='ltr'>otidem</span> <span class='ocrx_word' id='word_1_172' title='bbox 643 3313 855 3387; x_wconf 87' lang='lat' dir='ltr'>fieret</span> <span class='ocrx_word' id='word_1_173' title='bbox 947 3313 1357 3409; x_wconf 84' lang='lat' dir='ltr'>navigatiO.</span> <span class='ocrx_word' id='word_1_174' title='bbox 1455 3309 1606 3385; x_wconf 80' lang='lat' dir='ltr'>Sed</span> <span class='ocrx_word' id='word_1_175' title='bbox 1700 3311 2005 3383; x_wconf 90' lang='lat' dir='ltr'>Moscus</span> <span class='ocrx_word' id='word_1_176' title='bbox 2079 3330 2237 3381; x_wconf 92' lang='lat' dir='ltr'>cum</span> <span class='ocrx_word' id='word_1_177' title='bbox 2310 3329 2518 3403; x_wconf 88' lang='lat' dir='ltr'>prae-</span> 
     </span>
     <span class='ocr_line' id='line_1_25' title="bbox 260 3434 2520 3537; baseline -0.004 -24"><span class='ocrx_word' id='word_1_178' title='bbox 260 3439 597 3537; x_wconf 87' lang='lat' dir='ltr'>copianis</span> <span class='ocrx_word' id='word_1_179' title='bbox 650 3437 954 3514; x_wconf 87' lang='lat' dir='ltr'>tartaris</span> <span class='ocrx_word' id='word_1_180' title='bbox 1012 3461 1173 3513; x_wconf 91' lang='lat' dir='ltr'>eam</span> <span class='ocrx_word' id='word_1_181' title='bbox 1212 3462 1366 3513; x_wconf 90' lang='lat' dir='ltr'>rem</span> <span class='ocrx_word' id='word_1_182' title='bbox 1400 3436 1959 3533; x_wconf 89' lang='lat' dir='ltr'>impediverunt.</span> <span class='ocrx_word' id='word_1_183' title='bbox 2000 3434 2194 3509; x_wconf 88' lang='lat' dir='ltr'>Nam</span> <span class='ocrx_word' id='word_1_184' title='bbox 2235 3439 2308 3506; x_wconf 87' lang='lat' dir='ltr'>et</span> <span class='ocrx_word' id='word_1_185' title='bbox 2346 3453 2520 3505; x_wconf 85' lang='lat' dir='ltr'>non-</span> 
     </span>
     <span class='ocr_line' id='line_1_26' title="bbox 260 3556 2522 3663; baseline -0.005 -23"><span class='ocrx_word' id='word_1_186' title='bbox 260 3567 506 3640; x_wconf 89' lang='lat' dir='ltr'>nullos</span> <span class='ocrx_word' id='word_1_187' title='bbox 528 3566 940 3640; x_wconf 89' lang='lat' dir='ltr'>Turcarum</span> <span class='ocrx_word' id='word_1_188' title='bbox 960 3564 1472 3663; x_wconf 78' lang='lat' dir='ltr'>profligarunt,</span> <span class='ocrx_word' id='word_1_189' title='bbox 1512 3561 1965 3656; x_wconf 88' lang='lat' dir='ltr'>laboresque</span> <span class='ocrx_word' id='word_1_190' title='bbox 2002 3556 2314 3632; x_wconf 84' lang='lat' dir='ltr'>infestos</span> <span class='ocrx_word' id='word_1_191' title='bbox 2352 3556 2522 3629; x_wconf 89' lang='lat' dir='ltr'>red-</span> 
     </span>
     <span class='ocr_line' id='line_1_27' title="bbox 262 3685 2517 3784; baseline -0.004 -19"><span class='ocrx_word' id='word_1_192' title='bbox 262 3691 625 3766; x_wconf 88' lang='lat' dir='ltr'>diderunt.</span> <span class='ocrx_word' id='word_1_193' title='bbox 646 3691 797 3766; x_wconf 84' lang='lat' dir='ltr'>Sed</span> <span class='ocrx_word' id='word_1_194' title='bbox 817 3699 891 3766; x_wconf 90' lang='lat' dir='ltr'>et</span> <span class='ocrx_word' id='word_1_195' title='bbox 913 3691 1348 3765; x_wconf 88' lang='lat' dir='ltr'>difficultate</span> <span class='ocrx_word' id='word_1_196' title='bbox 1388 3710 1726 3764; x_wconf 90' lang='lat' dir='ltr'>annonae</span> <span class='ocrx_word' id='word_1_197' title='bbox 1749 3688 2046 3761; x_wconf 88' lang='lat' dir='ltr'>Turcae</span> <span class='ocrx_word' id='word_1_198' title='bbox 2084 3685 2517 3784; x_wconf 87' lang='lat' dir='ltr'>premeban-</span> 
     </span>
     <span class='ocr_line' id='line_1_28' title="bbox 260 3802 2524 3914; baseline -0.005 -19"><span class='ocrx_word' id='word_1_199' title='bbox 260 3829 400 3909; x_wconf 88' lang='lat' dir='ltr'>tur,</span> <span class='ocrx_word' id='word_1_200' title='bbox 476 3818 582 3893; x_wconf 89' lang='lat' dir='ltr'>ita</span> <span class='ocrx_word' id='word_1_201' title='bbox 643 3824 725 3891; x_wconf 90' lang='lat' dir='ltr'>ut</span> <span class='ocrx_word' id='word_1_202' title='bbox 784 3802 1102 3892; x_wconf 82' lang='lat' dir='ltr'>Selimus</span> <span class='ocrx_word' id='word_1_203' title='bbox 1177 3818 1474 3914; x_wconf 88' lang='lat' dir='ltr'>incepto</span> <span class='ocrx_word' id='word_1_204' title='bbox 1553 3815 1917 3890; x_wconf 88' lang='lat' dir='ltr'>desistere</span> <span class='ocrx_word' id='word_1_205' title='bbox 1992 3820 2294 3890; x_wconf 88' lang='lat' dir='ltr'>coactus</span> <span class='ocrx_word' id='word_1_206' title='bbox 2370 3812 2524 3884; x_wconf 88' lang='lat' dir='ltr'>fue·</span> 
     </span>
     <span class='ocr_line' id='line_1_29' title="bbox 260 3940 2524 4038; baseline -0.004 -19"><span class='ocrx_word' id='word_1_207' title='bbox 260 3946 379 4037; x_wconf 89' lang='lat' dir='ltr'>rit,</span> <span class='ocrx_word' id='word_1_208' title='bbox 400 3942 811 4018; x_wconf 89' lang='lat' dir='ltr'>aedificatis</span> <span class='ocrx_word' id='word_1_209' title='bbox 849 3942 954 4016; x_wconf 93' lang='lat' dir='ltr'>ibi</span> <span class='ocrx_word' id='word_1_210' title='bbox 992 3942 1277 4017; x_wconf 88' lang='lat' dir='ltr'>duobus</span> <span class='ocrx_word' id='word_1_211' title='bbox 1318 3941 1651 4017; x_wconf 89' lang='lat' dir='ltr'>castellis</span> <span class='ocrx_word' id='word_1_212' title='bbox 1673 4000 1689 4033; x_wconf 89' lang='lat'>,</span> <span class='ocrx_word' id='word_1_213' title='bbox 1733 3962 2040 4038; x_wconf 90' lang='lat' dir='ltr'>quorum</span> <span class='ocrx_word' id='word_1_214' title='bbox 2077 3940 2391 4013; x_wconf 90' lang='lat' dir='ltr'>alterum</span> <span class='ocrx_word' id='word_1_215' title='bbox 2430 3958 2524 4010; x_wconf 83' lang='lat' dir='ltr'>ex</span> 
     </span>
     <span class='ocr_line' id='line_1_30' title="bbox 264 4061 2527 4167; baseline -0.005 -21"><span class='ocrx_word' id='word_1_216' title='bbox 264 4070 603 4146; x_wconf 89' lang='lat' dir='ltr'>incendio</span> <span class='ocrx_word' id='word_1_217' title='bbox 642 4071 837 4144; x_wconf 84' lang='lat' dir='ltr'>forte</span> <span class='ocrx_word' id='word_1_218' title='bbox 875 4066 1205 4167; x_wconf 87' lang='lat' dir='ltr'>pulveris</span> <span class='ocrx_word' id='word_1_219' title='bbox 1247 4067 1709 4144; x_wconf 88' lang='lat' dir='ltr'>tormentarii</span> <span class='ocrx_word' id='word_1_220' title='bbox 1750 4065 2307 4162; x_wconf 83' lang='lat' dir='ltr'>conflagratum,</span> <span class='ocrx_word' id='word_1_221' title='bbox 2347 4061 2527 4163; x_wconf 57' lang='lat' dir='ltr'>altess</span> 
     </span>
     <span class='ocr_line' id='line_1_31' title="bbox 260 4190 2526 4291; baseline -0.007 -18"><span class='ocrx_word' id='word_1_222' title='bbox 260 4220 423 4273; x_wconf 91' lang='lat' dir='ltr'>rum</span> <span class='ocrx_word' id='word_1_223' title='bbox 459 4219 637 4272; x_wconf 87' lang='lat' dir='ltr'>vero</span> <span class='ocrx_word' id='word_1_224' title='bbox 694 4196 788 4270; x_wconf 90' lang='lat' dir='ltr'>ab</span> <span class='ocrx_word' id='word_1_225' title='bbox 831 4195 1101 4269; x_wconf 88' lang='lat' dir='ltr'>Turcis</span> <span class='ocrx_word' id='word_1_226' title='bbox 1138 4194 1324 4291; x_wconf 89' lang='lat' dir='ltr'>ipsis</span> <span class='ocrx_word' id='word_1_227' title='bbox 1386 4194 1523 4268; x_wconf 88' lang='lat' dir='ltr'>sub</span> <span class='ocrx_word' id='word_1_228' title='bbox 1581 4193 1895 4267; x_wconf 89' lang='lat' dir='ltr'>hiemem</span> <span class='ocrx_word' id='word_1_229' title='bbox 1953 4190 2326 4265; x_wconf 89' lang='lat' dir='ltr'>desertum</span> <span class='ocrx_word' id='word_1_230' title='bbox 2384 4192 2526 4260; x_wconf 91' lang='lat' dir='ltr'>est.</span> 
     </span>
     <span class='ocr_line' id='line_1_32' title="bbox 158 4302 2527 4420; baseline -0.005 -22"><span class='ocrx_word' id='word_1_231' title='bbox 158 4368 170 4379; x_wconf 76' lang='lat'><em>-</em></span> <span class='ocrx_word' id='word_1_232' title='bbox 262 4323 816 4398; x_wconf 81' lang='lat' dir='ltr'>Maximilianus</span> <span class='ocrx_word' id='word_1_233' title='bbox 839 4322 937 4395; x_wconf 90' lang='lat' dir='ltr'>ad</span> <span class='ocrx_word' id='word_1_234' title='bbox 956 4342 1282 4396; x_wconf 89' lang='lat' dir='ltr'>mensem</span> <span class='ocrx_word' id='word_1_235' title='bbox 1305 4302 1638 4420; x_wconf 87' lang='lat' dir='ltr'>Aprilem</span> <span class='ocrx_word' id='word_1_236' title='bbox 1694 4318 2044 4394; x_wconf 87' lang='lat' dir='ltr'>tributum</span> <span class='ocrx_word' id='word_1_237' title='bbox 2085 4312 2527 4414; x_wconf 86' lang='lat' dir='ltr'>Byzantium</span> 
     </span>
     <span class='ocr_line' id='line_1_33' title="bbox 267 4439 2528 4545; baseline -0.006 -21"><span class='ocrx_word' id='word_1_238' title='bbox 267 4448 580 4542; x_wconf 88' lang='lat' dir='ltr'>remisit,</span> <span class='ocrx_word' id='word_1_239' title='bbox 633 4473 721 4523; x_wconf 89' lang='lat' dir='ltr'>ac</span> <span class='ocrx_word' id='word_1_240' title='bbox 774 4470 1035 4545; x_wconf 89' lang='lat' dir='ltr'>pacem</span> <span class='ocrx_word' id='word_1_241' title='bbox 1091 4447 1574 4522; x_wconf 87' lang='lat' dir='ltr'>vehementer</span> <span class='ocrx_word' id='word_1_242' title='bbox 1631 4442 2064 4542; x_wconf 85' lang='lat' dir='ltr'>postulavit.</span> <span class='ocrx_word' id='word_1_243' title='bbox 2144 4440 2266 4515; x_wconf 93' lang='lat' dir='ltr'>Ad</span> <span class='ocrx_word' id='word_1_244' title='bbox 2303 4439 2379 4514; x_wconf 93' lang='lat' dir='ltr'>id</span> <span class='ocrx_word' id='word_1_245' title='bbox 2415 4461 2528 4512; x_wconf 89' lang='lat' dir='ltr'>re-</span> 
     </span>
     <span class='ocr_line' id='line_1_34' title="bbox 264 4564 2529 4674; baseline -0.005 -25"><span class='ocrx_word' id='word_1_246' title='bbox 264 4598 618 4674; x_wconf 89' lang='lat' dir='ltr'>sponsum</span> <span class='ocrx_word' id='word_1_247' title='bbox 655 4573 795 4649; x_wconf 89' lang='lat' dir='ltr'>hoc</span> <span class='ocrx_word' id='word_1_248' title='bbox 832 4573 999 4650; x_wconf 88' lang='lat' dir='ltr'>tulit</span> <span class='ocrx_word' id='word_1_249' title='bbox 1037 4600 1054 4646; x_wconf 76' lang='grc' dir='ltr'><strong><em>ε</em></strong></span> <span class='ocrx_word' id='word_1_250' title='bbox 1114 4572 1309 4649; x_wconf 91' lang='lat' dir='ltr'>Ante</span> <span class='ocrx_word' id='word_1_251' title='bbox 1349 4573 1619 4650; x_wconf 84' lang='lat' dir='ltr'>exitum</span> <span class='ocrx_word' id='word_1_252' title='bbox 1663 4570 2136 4662; x_wconf 88' lang='lat' dir='ltr'>induciarum,</span> <span class='ocrx_word' id='word_1_253' title='bbox 2197 4567 2334 4641; x_wconf 90' lang='lat' dir='ltr'>sub</span> <span class='ocrx_word' id='word_1_254' title='bbox 2376 4564 2529 4662; x_wconf 92' lang='lat' dir='ltr'>qui-</span> 
     </span>
    </p>
   </div>
  </div>
 </body>
</html>
