<?xml version="1.0" encoding="UTF-8"?>
<!DOCTYPE html PUBLIC "-//W3C//DTD XHTML 1.0 Transitional//EN"
    "http://www.w3.org/TR/xhtml1/DTD/xhtml1-transitional.dtd">
<html xmlns="http://www.w3.org/1999/xhtml" xml:lang="en" lang="en">
 <head>
  <title>
</title>
<meta http-equiv="Content-Type" content="text/html;charset=utf-8" />
  <meta name='ocr-system' content='tesseract 3.04.00' />
  <meta name='ocr-capabilities' content='ocr_page ocr_carea ocr_par ocr_line ocrx_word'/>
</head>
<body>
  <div class='ocr_page' id='page_1' title='image "./magyarhistorija00bpgoog/magyarhistorija00bpgoog_0123.png"; bbox 0 0 3293 5219; ppageno 0'>
   <div class='ocr_carea' id='block_1_1' title="bbox 2419 296 2519 377">
    <p class='ocr_par' dir='ltr' id='par_1_1' title="bbox 2419 296 2519 377">
     <span class='ocr_line' id='line_1_1' title="bbox 2419 296 2519 377; baseline -0.02 0"><span class='ocrx_word' id='word_1_1' title='bbox 2419 296 2519 377; x_wconf 80' lang='lat'><strong>15</strong></span> 
     </span>
    </p>
   </div>
   <div class='ocr_carea' id='block_1_2' title="bbox 280 514 2523 4678">
    <p class='ocr_par' dir='ltr' id='par_1_2' title="bbox 280 514 2523 4678">
     <span class='ocr_line' id='line_1_2' title="bbox 287 514 2520 616; baseline -0.003 -19"><span class='ocrx_word' id='word_1_2' title='bbox 287 517 697 616; x_wconf 85' lang='lat' dir='ltr'><strong>Ungariam</strong></span> <span class='ocrx_word' id='word_1_3' title='bbox 737 516 1171 610; x_wconf 83' lang='lat' dir='ltr'><strong>adtinerent,</strong></span> <span class='ocrx_word' id='word_1_4' title='bbox 1211 514 1355 591; x_wconf 90' lang='lat' dir='ltr'><strong>sibi</strong></span> <span class='ocrx_word' id='word_1_5' title='bbox 1394 538 1615 591; x_wconf 90' lang='lat' dir='ltr'><strong>curae</strong></span> <span class='ocrx_word' id='word_1_6' title='bbox 1635 516 1977 591; x_wconf 87' lang='lat' dir='ltr'><strong>futurum.</strong></span> <span class='ocrx_word' id='word_1_7' title='bbox 2039 516 2357 591; x_wconf 80' lang='lat' dir='ltr'><strong>Tantam</strong></span> <span class='ocrx_word' id='word_1_8' title='bbox 2396 540 2520 592; x_wconf 88' lang='lat' dir='ltr'><strong>au-</strong></span> 
     </span>
     <span class='ocr_line' id='line_1_3' title="bbox 282 641 2522 739; baseline -0.002 -18"><span class='ocrx_word' id='word_1_9' title='bbox 282 657 425 721; x_wconf 91' lang='lat' dir='ltr'><strong>tem</strong></span> <span class='ocrx_word' id='word_1_10' title='bbox 461 667 623 721; x_wconf 90' lang='lat' dir='ltr'><strong>rem</strong></span> <span class='ocrx_word' id='word_1_11' title='bbox 661 644 886 720; x_wconf 90' lang='lat' dir='ltr'><strong>etiam</strong></span> <span class='ocrx_word' id='word_1_12' title='bbox 924 643 1104 718; x_wconf 91' lang='lat' dir='ltr'><strong>illud</strong></span> <span class='ocrx_word' id='word_1_13' title='bbox 1141 642 1550 717; x_wconf 83' lang='lat' dir='ltr'>faciliorem</span> <span class='ocrx_word' id='word_1_14' title='bbox 1570 642 1666 716; x_wconf 87' lang='lat' dir='ltr'><strong>ad</strong></span> <span class='ocrx_word' id='word_1_15' title='bbox 1703 641 2249 739; x_wconf 87' lang='lat' dir='ltr'><strong>exsequendum</strong></span> <span class='ocrx_word' id='word_1_16' title='bbox 2290 641 2522 717; x_wconf 89' lang='lat' dir='ltr'><strong>reddi-</strong></span> 
     </span>
     <span class='ocr_line' id='line_1_4' title="bbox 283 767 2520 869; baseline -0.002 -21"><span class='ocrx_word' id='word_1_17' title='bbox 283 772 424 864; x_wconf 86' lang='lat' dir='ltr'><strong>dit,</strong></span> <span class='ocrx_word' id='word_1_18' title='bbox 502 771 697 869; x_wconf 88' lang='lat' dir='ltr'><strong>quod</strong></span> <span class='ocrx_word' id='word_1_19' title='bbox 736 767 1110 867; x_wconf 78' lang='lat' dir='ltr'>Georgius</span> <span class='ocrx_word' id='word_1_20' title='bbox 1149 778 1223 844; x_wconf 94' lang='lat' dir='ltr'><strong>et</strong></span> <span class='ocrx_word' id='word_1_21' title='bbox 1261 769 1485 845; x_wconf 88' lang='lat' dir='ltr'><strong>duces</strong></span> <span class='ocrx_word' id='word_1_22' title='bbox 1530 768 1980 844; x_wconf 88' lang='lat' dir='ltr'><strong>Ferdinandi</strong></span> <span class='ocrx_word' id='word_1_23' title='bbox 2053 769 2357 866; x_wconf 89' lang='lat' dir='ltr'><strong>reginae</strong></span> <span class='ocrx_word' id='word_1_24' title='bbox 2396 771 2520 843; x_wconf 91' lang='lat' dir='ltr'><strong>ob-</strong></span> 
     </span>
     <span class='ocr_line' id='line_1_5' title="bbox 280 894 2520 991; baseline -0.003 -16"><span class='ocrx_word' id='word_1_25' title='bbox 280 898 702 991; x_wconf 82' lang='lat' dir='ltr'><strong>tendebant,</strong></span> <span class='ocrx_word' id='word_1_26' title='bbox 742 894 1287 973; x_wconf 87' lang='lat' dir='ltr'><strong>Ferdinandum</strong></span> <span class='ocrx_word' id='word_1_27' title='bbox 1343 894 1705 991; x_wconf 82' lang='lat' dir='ltr'><strong>singulari</strong></span> <span class='ocrx_word' id='word_1_28' title='bbox 1767 896 2282 971; x_wconf 83' lang='lat' dir='ltr'><strong>benevolentia</strong></span> <span class='ocrx_word' id='word_1_29' title='bbox 2338 918 2520 991; x_wconf 90' lang='lat' dir='ltr'><strong>erga</strong></span> 
     </span>
     <span class='ocr_line' id='line_1_6' title="bbox 283 1022 2523 1118; baseline -0.002 -16"><span class='ocrx_word' id='word_1_30' title='bbox 283 1051 446 1103; x_wconf 84' lang='lat' dir='ltr'><strong>eam</strong></span> <span class='ocrx_word' id='word_1_31' title='bbox 482 1028 846 1118; x_wconf 84' lang='lat' dir='ltr'><strong>affectum,</strong></span> <span class='ocrx_word' id='word_1_32' title='bbox 884 1033 963 1099; x_wconf 90' lang='lat' dir='ltr'><strong>ut</strong></span> <span class='ocrx_word' id='word_1_33' title='bbox 1002 1023 1221 1099; x_wconf 87' lang='lat' dir='ltr'><strong>etiam</strong></span> <span class='ocrx_word' id='word_1_34' title='bbox 1259 1022 1349 1099; x_wconf 91' lang='lat' dir='ltr'><strong>de</strong></span> <span class='ocrx_word' id='word_1_35' title='bbox 1370 1022 1830 1099; x_wconf 90' lang='lat' dir='ltr'><strong>matrimonio</strong></span> <span class='ocrx_word' id='word_1_36' title='bbox 1869 1023 2365 1098; x_wconf 90' lang='lat' dir='ltr'><strong>contrahendo</strong></span> <span class='ocrx_word' id='word_1_37' title='bbox 2404 1043 2523 1097; x_wconf 79' lang='lat' dir='ltr'><strong>co-</strong></span> 
     </span>
     <span class='ocr_line' id='line_1_7' title="bbox 284 1148 2518 1252; baseline -0.003 -22"><span class='ocrx_word' id='word_1_38' title='bbox 284 1156 592 1252; x_wconf 85' lang='lat' dir='ltr'><strong>gitaret,</strong></span> <span class='ocrx_word' id='word_1_39' title='bbox 650 1176 819 1228; x_wconf 90' lang='lat' dir='ltr'><strong>nam</strong></span> <span class='ocrx_word' id='word_1_40' title='bbox 857 1158 1058 1227; x_wconf 89' lang='lat' dir='ltr'><strong>artes</strong></span> <span class='ocrx_word' id='word_1_41' title='bbox 1099 1150 1173 1225; x_wconf 93' lang='lat' dir='ltr'><strong>in</strong></span> <span class='ocrx_word' id='word_1_42' title='bbox 1210 1174 1373 1225; x_wconf 87' lang='lat' dir='ltr'><strong>eam</strong></span> <span class='ocrx_word' id='word_1_43' title='bbox 1413 1171 1663 1224; x_wconf 87' lang='lat' dir='ltr'><strong>omnes</strong></span> <span class='ocrx_word' id='word_1_44' title='bbox 1701 1159 2051 1249; x_wconf 88' lang='lat' dir='ltr'><strong>tanquam</strong></span> <span class='ocrx_word' id='word_1_45' title='bbox 2089 1149 2376 1248; x_wconf 90' lang='lat' dir='ltr'><strong>spicula</strong></span> <span class='ocrx_word' id='word_1_46' title='bbox 2414 1148 2518 1223; x_wconf 92' lang='lat' dir='ltr'><strong>in-</strong></span> 
     </span>
     <span class='ocr_line' id='line_1_8' title="bbox 283 1275 2520 1373; baseline -0.002 -18"><span class='ocrx_word' id='word_1_47' title='bbox 283 1280 687 1356; x_wconf 82' lang='lat' dir='ltr'><strong>tenderant.</strong></span> <span class='ocrx_word' id='word_1_48' title='bbox 746 1280 864 1354; x_wconf 88' lang='lat' dir='ltr'><strong>Ita</strong></span> <span class='ocrx_word' id='word_1_49' title='bbox 901 1278 1112 1353; x_wconf 84' lang='lat' dir='ltr'><strong>brevi</strong></span> <span class='ocrx_word' id='word_1_50' title='bbox 1166 1277 1399 1352; x_wconf 90' lang='lat' dir='ltr'><strong>omnis</strong></span> <span class='ocrx_word' id='word_1_51' title='bbox 1439 1277 2013 1354; x_wconf 83' lang='lat' dir='ltr'><strong>Transsilvania</strong></span> <span class='ocrx_word' id='word_1_52' title='bbox 2068 1286 2143 1353; x_wconf 91' lang='lat' dir='ltr'><strong>et</strong></span> <span class='ocrx_word' id='word_1_53' title='bbox 2181 1275 2520 1373; x_wconf 86' lang='lat' dir='ltr'><strong>Ungaria</strong></span> 
     </span>
     <span class='ocr_line' id='line_1_9' title="bbox 282 1402 2523 1502; baseline -0.001 -20"><span class='ocrx_word' id='word_1_54' title='bbox 282 1405 600 1482; x_wconf 79' lang='lat' dir='ltr'><strong>Inferior</strong></span> <span class='ocrx_word' id='word_1_55' title='bbox 637 1404 708 1483; x_wconf 87' lang='lat' dir='ltr'><strong>in</strong></span> <span class='ocrx_word' id='word_1_56' title='bbox 732 1411 1171 1502; x_wconf 83' lang='lat' dir='ltr'><strong>potestatem</strong></span> <span class='ocrx_word' id='word_1_57' title='bbox 1191 1403 1645 1478; x_wconf 86' lang='lat' dir='ltr'><strong>Ferdinandi</strong></span> <span class='ocrx_word' id='word_1_58' title='bbox 1684 1406 1928 1479; x_wconf 90' lang='lat' dir='ltr'><strong>cessit.</strong></span> <span class='ocrx_word' id='word_1_59' title='bbox 1970 1402 2410 1481; x_wconf 84' lang='lat' dir='ltr'><strong>Cassoviam</strong></span> <span class='ocrx_word' id='word_1_60' title='bbox 2449 1412 2523 1480; x_wconf 90' lang='lat' dir='ltr'><strong>et</strong></span> 
     </span>
     <span class='ocr_line' id='line_1_10' title="bbox 286 1527 2515 1632; baseline 0 -26"><span class='ocrx_word' id='word_1_61' title='bbox 286 1529 709 1632; x_wconf 79' lang='lat' dir='ltr'><strong>Superioris</strong></span> <span class='ocrx_word' id='word_1_62' title='bbox 733 1527 1164 1627; x_wconf 88' lang='lat' dir='ltr'><strong>Hungariae</strong></span> <span class='ocrx_word' id='word_1_63' title='bbox 1201 1539 1534 1626; x_wconf 69' lang='lat' dir='ltr'><strong>tracm,</strong></span> <span class='ocrx_word' id='word_1_64' title='bbox 1582 1556 1749 1608; x_wconf 88' lang='lat' dir='ltr'><strong>nam</strong></span> <span class='ocrx_word' id='word_1_65' title='bbox 1787 1555 1874 1607; x_wconf 87' lang='lat' dir='ltr'><strong>co</strong></span> <span class='ocrx_word' id='word_1_66' title='bbox 1916 1556 2148 1629; x_wconf 89' lang='lat' dir='ltr'><strong>usque</strong></span> <span class='ocrx_word' id='word_1_67' title='bbox 2208 1532 2515 1629; x_wconf 89' lang='lat' dir='ltr'><strong>reginae</strong></span> 
     </span>
     <span class='ocr_line' id='line_1_11' title="bbox 283 1656 2518 1757; baseline -0 -25"><span class='ocrx_word' id='word_1_68' title='bbox 283 1657 671 1756; x_wconf 88' lang='lat' dir='ltr'><strong>imperium</strong></span> <span class='ocrx_word' id='word_1_69' title='bbox 708 1656 1302 1756; x_wconf 86' lang='lat' dir='ltr'><strong>protendebatur,</strong></span> <span class='ocrx_word' id='word_1_70' title='bbox 1341 1658 1415 1732; x_wconf 93' lang='lat' dir='ltr'><strong>in</strong></span> <span class='ocrx_word' id='word_1_71' title='bbox 1454 1656 1844 1733; x_wconf 88' lang='lat' dir='ltr'><strong>adventum</strong></span> <span class='ocrx_word' id='word_1_72' title='bbox 1905 1681 2112 1733; x_wconf 90' lang='lat' dir='ltr'><strong>suum</strong></span> <span class='ocrx_word' id='word_1_73' title='bbox 2168 1658 2518 1757; x_wconf 80' lang='lat' dir='ltr'><strong>seposuit.</strong></span> 
     </span>
     <span class='ocr_line' id='line_1_12' title="bbox 284 1782 2520 1882; baseline -0 -22"><span class='ocrx_word' id='word_1_74' title='bbox 284 1782 620 1882; x_wconf 81' lang='lat' dir='ltr'><strong>Reginae</strong></span> <span class='ocrx_word' id='word_1_75' title='bbox 657 1809 751 1859; x_wconf 87' lang='lat' dir='ltr'><strong>cx</strong></span> <span class='ocrx_word' id='word_1_76' title='bbox 788 1784 1355 1860; x_wconf 83' lang='lat' dir='ltr'><strong>Transsilvania</strong></span> <span class='ocrx_word' id='word_1_77' title='bbox 1392 1784 1778 1881; x_wconf 85' lang='lat' dir='ltr'><strong>digressae</strong></span> <span class='ocrx_word' id='word_1_78' title='bbox 1835 1807 2221 1861; x_wconf 89' lang='lat' dir='ltr'><strong>occurrere</strong></span> <span class='ocrx_word' id='word_1_79' title='bbox 2259 1785 2354 1861; x_wconf 89' lang='lat' dir='ltr'><strong>ad</strong></span> <span class='ocrx_word' id='word_1_80' title='bbox 2392 1785 2520 1860; x_wconf 85' lang='lat' dir='ltr'><strong>Ti—</strong></span> 
     </span>
     <span class='ocr_line' id='line_1_13' title="bbox 285 1908 2523 2011; baseline 0 -27"><span class='ocrx_word' id='word_1_81' title='bbox 285 1910 570 1986; x_wconf 88' lang='lat' dir='ltr'><strong>biscum</strong></span> <span class='ocrx_word' id='word_1_82' title='bbox 610 1908 877 1986; x_wconf 90' lang='lat' dir='ltr'><strong>Petrus</strong></span> <span class='ocrx_word' id='word_1_83' title='bbox 899 1909 1367 2001; x_wconf 78' lang='lat' dir='ltr'><strong>Petrovitius,</strong></span> <span class='ocrx_word' id='word_1_84' title='bbox 1410 1909 1856 1986; x_wconf 83' lang='lat' dir='ltr'><strong>Franciscus</strong></span> <span class='ocrx_word' id='word_1_85' title='bbox 1878 1908 2213 2011; x_wconf 86' lang='lat' dir='ltr'><strong>Patochy</strong></span> <span class='ocrx_word' id='word_1_86' title='bbox 2243 1920 2316 1987; x_wconf 88' lang='lat' dir='ltr'><strong>et</strong></span> <span class='ocrx_word' id='word_1_87' title='bbox 2343 1912 2523 1987; x_wconf 90' lang='lat' dir='ltr'><strong>Mel-</strong></span> 
     </span>
     <span class='ocr_line' id='line_1_14' title="bbox 286 2037 2520 2140; baseline 0.002 -30"><span class='ocrx_word' id='word_1_88' title='bbox 286 2037 488 2114; x_wconf 86' lang='lat' dir='ltr'><strong>chior</strong></span> <span class='ocrx_word' id='word_1_89' title='bbox 524 2039 886 2133; x_wconf 85' lang='lat' dir='ltr'><strong>Balassa,</strong></span> <span class='ocrx_word' id='word_1_90' title='bbox 959 2040 1207 2138; x_wconf 89' lang='lat' dir='ltr'><strong>paullo</strong></span> <span class='ocrx_word' id='word_1_91' title='bbox 1246 2049 1416 2137; x_wconf 90' lang='lat' dir='ltr'><strong>post</strong></span> <span class='ocrx_word' id='word_1_92' title='bbox 1452 2039 1934 2115; x_wconf 90' lang='lat' dir='ltr'><strong>Leonhardus</strong></span> <span class='ocrx_word' id='word_1_93' title='bbox 1974 2038 2262 2140; x_wconf 84' lang='lat' dir='ltr'><strong>Oecey,</strong></span> <span class='ocrx_word' id='word_1_94' title='bbox 2338 2037 2520 2115; x_wconf 83' lang='lat' dir='ltr'><strong>Oas-</strong></span> 
     </span>
     <span class='ocr_line' id='line_1_15' title="bbox 287 2164 2521 2264; baseline 0.001 -27"><span class='ocrx_word' id='word_1_95' title='bbox 287 2164 542 2240; x_wconf 82' lang='lat' dir='ltr'><strong>soviae</strong></span> <span class='ocrx_word' id='word_1_96' title='bbox 580 2166 1033 2262; x_wconf 81' lang='lat' dir='ltr'><strong>praefectus,</strong></span> <span class='ocrx_word' id='word_1_97' title='bbox 1074 2187 1236 2239; x_wconf 91' lang='lat' dir='ltr'><strong>cum</strong></span> <span class='ocrx_word' id='word_1_98' title='bbox 1272 2165 1679 2240; x_wconf 87' lang='lat' dir='ltr'><strong>lectissima</strong></span> <span class='ocrx_word' id='word_1_99' title='bbox 1716 2165 2039 2263; x_wconf 83' lang='lat' dir='ltr'><strong>equitum</strong></span> <span class='ocrx_word' id='word_1_100' title='bbox 2075 2190 2165 2242; x_wconf 90' lang='lat' dir='ltr'><strong>ac</strong></span> <span class='ocrx_word' id='word_1_101' title='bbox 2201 2166 2521 2264; x_wconf 90' lang='lat' dir='ltr'><strong>peditum</strong></span> 
     </span>
     <span class='ocr_line' id='line_1_16' title="bbox 288 2289 2522 2392; baseline 0 -26"><span class='ocrx_word' id='word_1_102' title='bbox 288 2314 539 2384; x_wconf 84' lang='lat' dir='ltr'><strong>manu,</strong></span> <span class='ocrx_word' id='word_1_103' title='bbox 616 2299 1053 2391; x_wconf 83' lang='lat' dir='ltr'><strong>ventumque</strong></span> <span class='ocrx_word' id='word_1_104' title='bbox 1111 2289 1573 2367; x_wconf 86' lang='lat' dir='ltr'><strong>Cassoviam.</strong></span> <span class='ocrx_word' id='word_1_105' title='bbox 1646 2292 1750 2367; x_wconf 89' lang='lat' dir='ltr'><strong>At</strong></span> <span class='ocrx_word' id='word_1_106' title='bbox 1823 2291 2267 2392; x_wconf 86' lang='lat' dir='ltr'><strong>Solymanus</strong></span> <span class='ocrx_word' id='word_1_107' title='bbox 2333 2314 2522 2367; x_wconf 88' lang='lat' dir='ltr'><strong>com-</strong></span> 
     </span>
     <span class='ocr_line' id='line_1_17' title="bbox 289 2417 2520 2517; baseline 0 -24"><span class='ocrx_word' id='word_1_108' title='bbox 289 2428 521 2516; x_wconf 87' lang='lat' dir='ltr'><strong>perto,</strong></span> <span class='ocrx_word' id='word_1_109' title='bbox 564 2440 751 2516; x_wconf 90' lang='lat' dir='ltr'><strong>quae</strong></span> <span class='ocrx_word' id='word_1_110' title='bbox 791 2443 922 2517; x_wconf 86' lang='lat' dir='ltr'><strong>per</strong></span> <span class='ocrx_word' id='word_1_111' title='bbox 955 2417 1364 2515; x_wconf 82' lang='lat' dir='ltr'><strong>Georgium</strong></span> <span class='ocrx_word' id='word_1_112' title='bbox 1402 2428 1478 2494; x_wconf 92' lang='lat' dir='ltr'><strong>et</strong></span> <span class='ocrx_word' id='word_1_113' title='bbox 1516 2418 2063 2494; x_wconf 87' lang='lat' dir='ltr'><strong>Ferdinandum</strong></span> <span class='ocrx_word' id='word_1_114' title='bbox 2101 2427 2520 2515; x_wconf 87' lang='lat' dir='ltr'><strong>agerentur,</strong></span> 
     </span>
     <span class='ocr_line' id='line_1_18' title="bbox 288 2542 2520 2645; baseline 0.002 -27"><span class='ocrx_word' id='word_1_115' title='bbox 288 2568 332 2618; x_wconf 89' lang='lat' dir='ltr'><strong>a</strong></span> <span class='ocrx_word' id='word_1_116' title='bbox 366 2542 777 2620; x_wconf 85' lang='lat' dir='ltr'><strong>Petrovitio</strong></span> <span class='ocrx_word' id='word_1_117' title='bbox 816 2556 890 2621; x_wconf 89' lang='lat' dir='ltr'><strong>et</strong></span> <span class='ocrx_word' id='word_1_118' title='bbox 945 2548 1174 2622; x_wconf 74' lang='lat' dir='ltr'><strong>bassa</strong></span> <span class='ocrx_word' id='word_1_119' title='bbox 1234 2545 1575 2629; x_wconf 82' lang='lat' dir='ltr'><strong>budensi,</strong></span> <span class='ocrx_word' id='word_1_120' title='bbox 1655 2545 2066 2644; x_wconf 87' lang='lat' dir='ltr'><strong>ceterisque</strong></span> <span class='ocrx_word' id='word_1_121' title='bbox 2104 2546 2520 2645; x_wconf 84' lang='lat' dir='ltr'><strong>praefectis,</strong></span> 
     </span>
     <span class='ocr_line' id='line_1_19' title="bbox 289 2672 2521 2773; baseline 0 -25"><span class='ocrx_word' id='word_1_122' title='bbox 289 2674 525 2772; x_wconf 88' lang='lat' dir='ltr'><strong>ruptis</strong></span> <span class='ocrx_word' id='word_1_123' title='bbox 564 2674 1014 2752; x_wconf 80' lang='lat' dir='ltr'><strong>induciarum</strong></span> <span class='ocrx_word' id='word_1_124' title='bbox 1069 2676 1308 2773; x_wconf 89' lang='lat' dir='ltr'><strong>pactis</strong></span> <span class='ocrx_word' id='word_1_125' title='bbox 1373 2676 1903 2771; x_wconf 88' lang='lat' dir='ltr'><strong>beglerbegum</strong></span> <span class='ocrx_word' id='word_1_126' title='bbox 1964 2672 2332 2749; x_wconf 83' lang='lat' dir='ltr'><strong>Graeciae</strong></span> <span class='ocrx_word' id='word_1_127' title='bbox 2369 2675 2521 2751; x_wconf 88' lang='lat' dir='ltr'><strong>Me-</strong></span> 
     </span>
     <span class='ocr_line' id='line_1_20' title="bbox 288 2801 2523 2901; baseline 0 -25"><span class='ocrx_word' id='word_1_128' title='bbox 288 2802 674 2894; x_wconf 85' lang='lat' dir='ltr'><strong>bemetum‚</strong></span> <span class='ocrx_word' id='word_1_129' title='bbox 713 2812 1165 2900; x_wconf 88' lang='lat' dir='ltr'><strong>congregato</strong></span> <span class='ocrx_word' id='word_1_130' title='bbox 1207 2827 1299 2877; x_wconf 89' lang='lat' dir='ltr'><strong>ex</strong></span> <span class='ocrx_word' id='word_1_131' title='bbox 1337 2801 1752 2901; x_wconf 88' lang='lat' dir='ltr'><strong>Europaeis</strong></span> <span class='ocrx_word' id='word_1_132' title='bbox 1791 2803 2138 2896; x_wconf 88' lang='lat' dir='ltr'><strong>exercitu,</strong></span> <span class='ocrx_word' id='word_1_133' title='bbox 2194 2803 2270 2876; x_wconf 93' lang='lat' dir='ltr'><strong>in</strong></span> <span class='ocrx_word' id='word_1_134' title='bbox 2307 2824 2523 2900; x_wconf 87' lang='lat' dir='ltr'><strong>expe-</strong></span> 
     </span>
     <span class='ocr_line' id='line_1_21' title="bbox 290 2925 2523 3025; baseline 0 -24"><span class='ocrx_word' id='word_1_135' title='bbox 290 2925 636 3002; x_wconf 78' lang='lat' dir='ltr'><strong>ditionem</strong></span> <span class='ocrx_word' id='word_1_136' title='bbox 671 2928 781 3003; x_wconf 90' lang='lat' dir='ltr'><strong>ire</strong></span> <span class='ocrx_word' id='word_1_137' title='bbox 803 2929 1038 3024; x_wconf 78' lang='lat' dir='ltr'><strong>Jubet‚</strong></span> <span class='ocrx_word' id='word_1_138' title='bbox 1076 2928 1469 3025; x_wconf 84' lang='lat' dir='ltr'><strong>sexaginta</strong></span> <span class='ocrx_word' id='word_1_139' title='bbox 1504 2927 1736 3002; x_wconf 89' lang='lat' dir='ltr'><strong>millia</strong></span> <span class='ocrx_word' id='word_1_140' title='bbox 1773 2937 2215 3002; x_wconf 81' lang='lat' dir='ltr'><strong>armatorum</strong></span> <span class='ocrx_word' id='word_1_141' title='bbox 2254 2927 2349 3003; x_wconf 87' lang='lat' dir='ltr'><strong>ad</strong></span> <span class='ocrx_word' id='word_1_142' title='bbox 2387 2929 2523 3004; x_wconf 90' lang='lat' dir='ltr'><strong>Za-</strong></span> 
     </span>
     <span class='ocr_line' id='line_1_22' title="bbox 288 3050 2520 3152; baseline 0.003 -28"><span class='ocrx_word' id='word_1_143' title='bbox 288 3050 718 3148; x_wconf 88' lang='lat' dir='ltr'><strong>lonkemen,</strong></span> <span class='ocrx_word' id='word_1_144' title='bbox 778 3055 971 3152; x_wconf 89' lang='lat' dir='ltr'><strong>quod</strong></span> <span class='ocrx_word' id='word_1_145' title='bbox 1007 3054 1197 3129; x_wconf 87' lang='lat' dir='ltr'><strong>inter</strong></span> <span class='ocrx_word' id='word_1_146' title='bbox 1236 3054 1660 3130; x_wconf 88' lang='lat' dir='ltr'><strong>Taurunum</strong></span> <span class='ocrx_word' id='word_1_147' title='bbox 1718 3062 1791 3131; x_wconf 88' lang='lat' dir='ltr'><strong>et</strong></span> <span class='ocrx_word' id='word_1_148' title='bbox 1830 3051 2520 3130; x_wconf 88' lang='lat' dir='ltr'><strong>Petri-Varadinum</strong></span> 
     </span>
     <span class='ocr_line' id='line_1_23' title="bbox 290 3179 2517 3276; baseline -0.001 -19"><span class='ocrx_word' id='word_1_149' title='bbox 290 3193 423 3273; x_wconf 86' lang='lat' dir='ltr'><strong>est,</strong></span> <span class='ocrx_word' id='word_1_150' title='bbox 464 3203 892 3257; x_wconf 85' lang='lat' dir='ltr'><strong>convenere.</strong></span> <span class='ocrx_word' id='word_1_151' title='bbox 931 3181 1350 3256; x_wconf 89' lang='lat' dir='ltr'><strong>Danubium</strong></span> <span class='ocrx_word' id='word_1_152' title='bbox 1387 3179 1482 3255; x_wconf 90' lang='lat' dir='ltr'><strong>ad</strong></span> <span class='ocrx_word' id='word_1_153' title='bbox 1522 3179 2237 3276; x_wconf 84' lang='lat' dir='ltr'><strong>Petri-Varadinum,</strong></span> <span class='ocrx_word' id='word_1_154' title='bbox 2278 3191 2351 3256; x_wconf 87' lang='lat' dir='ltr'><strong>et</strong></span> <span class='ocrx_word' id='word_1_155' title='bbox 2390 3182 2517 3257; x_wconf 87' lang='lat' dir='ltr'><strong>Ti-</strong></span> 
     </span>
     <span class='ocr_line' id='line_1_24' title="bbox 289 3307 2518 3407; baseline 0 -24"><span class='ocrx_word' id='word_1_156' title='bbox 289 3307 571 3383; x_wconf 87' lang='lat' dir='ltr'><strong>biscum</strong></span> <span class='ocrx_word' id='word_1_157' title='bbox 629 3308 723 3383; x_wconf 89' lang='lat' dir='ltr'><strong>ad</strong></span> <span class='ocrx_word' id='word_1_158' title='bbox 760 3307 1133 3401; x_wconf 86' lang='lat' dir='ltr'><strong>Titulium‚</strong></span> <span class='ocrx_word' id='word_1_159' title='bbox 1174 3307 1371 3382; x_wconf 88' lang='lat' dir='ltr'><strong>haud</strong></span> <span class='ocrx_word' id='word_1_160' title='bbox 1408 3309 1665 3407; x_wconf 91' lang='lat' dir='ltr'><strong>procul</strong></span> <span class='ocrx_word' id='word_1_161' title='bbox 1702 3309 1828 3384; x_wconf 90' lang='lat' dir='ltr'><strong>ubi</strong></span> <span class='ocrx_word' id='word_1_162' title='bbox 1865 3307 2216 3385; x_wconf 89' lang='lat' dir='ltr'><strong>Tibiscus</strong></span> <span class='ocrx_word' id='word_1_163' title='bbox 2256 3318 2330 3385; x_wconf 89' lang='lat' dir='ltr'><strong>et</strong></span> <span class='ocrx_word' id='word_1_164' title='bbox 2367 3310 2518 3385; x_wconf 87' lang='lat' dir='ltr'><strong>Da-</strong></span> 
     </span>
     <span class='ocr_line' id='line_1_25' title="bbox 292 3435 2519 3535; baseline 0 -24"><span class='ocrx_word' id='word_1_165' title='bbox 292 3437 553 3512; x_wconf 92' lang='lat' dir='ltr'><strong>nubius</strong></span> <span class='ocrx_word' id='word_1_166' title='bbox 571 3438 985 3532; x_wconf 89' lang='lat' dir='ltr'><strong>miscentur,</strong></span> <span class='ocrx_word' id='word_1_167' title='bbox 1021 3436 1365 3535; x_wconf 90' lang='lat' dir='ltr'><strong>pontibus</strong></span> <span class='ocrx_word' id='word_1_168' title='bbox 1402 3436 1716 3533; x_wconf 89' lang='lat' dir='ltr'><strong>trajecit.</strong></span> <span class='ocrx_word' id='word_1_169' title='bbox 1756 3435 2229 3531; x_wconf 90' lang='lat' dir='ltr'><strong>Longissima</strong></span> <span class='ocrx_word' id='word_1_170' title='bbox 2262 3445 2519 3512; x_wconf 88' lang='lat' dir='ltr'><strong>nostra</strong></span> 
     </span>
     <span class='ocr_line' id='line_1_26' title="bbox 292 3560 2516 3657; baseline -0.002 -18"><span class='ocrx_word' id='word_1_171' title='bbox 292 3565 608 3640; x_wconf 88' lang='lat' dir='ltr'><strong>confinia</strong></span> <span class='ocrx_word' id='word_1_172' title='bbox 661 3564 735 3637; x_wconf 95' lang='lat' dir='ltr'><strong>in</strong></span> <span class='ocrx_word' id='word_1_173' title='bbox 794 3564 1149 3639; x_wconf 89' lang='lat' dir='ltr'><strong>orientem</strong></span> <span class='ocrx_word' id='word_1_174' title='bbox 1187 3562 1559 3657; x_wconf 84' lang='lat' dir='ltr'><strong>Serviam,</strong></span> <span class='ocrx_word' id='word_1_175' title='bbox 1635 3565 1882 3639; x_wconf 85' lang='lat' dir='ltr'><strong>Beche</strong></span> <span class='ocrx_word' id='word_1_176' title='bbox 1922 3571 1996 3638; x_wconf 95' lang='lat' dir='ltr'><strong>et</strong></span> <span class='ocrx_word' id='word_1_177' title='bbox 2031 3560 2516 3638; x_wconf 87' lang='lat' dir='ltr'><strong>Bechkereke</strong></span> 
     </span>
     <span class='ocr_line' id='line_1_27' title="bbox 291 3689 2518 3790; baseline -0.001 -23"><span class='ocrx_word' id='word_1_178' title='bbox 291 3715 521 3790; x_wconf 87' lang='lat' dir='ltr'><strong>prope</strong></span> <span class='ocrx_word' id='word_1_179' title='bbox 557 3716 605 3766; x_wconf 89' lang='lat' dir='ltr'><strong>a</strong></span> <span class='ocrx_word' id='word_1_180' title='bbox 644 3689 1174 3766; x_wconf 91' lang='lat' dir='ltr'><strong>confluentibus</strong></span> <span class='ocrx_word' id='word_1_181' title='bbox 1203 3690 1491 3766; x_wconf 89' lang='lat' dir='ltr'><strong>Tibisci</strong></span> <span class='ocrx_word' id='word_1_182' title='bbox 1530 3714 1618 3766; x_wconf 85' lang='lat' dir='ltr'><strong>ac</strong></span> <span class='ocrx_word' id='word_1_183' title='bbox 1655 3689 2002 3784; x_wconf 87' lang='lat' dir='ltr'><strong>Danubii,</strong></span> <span class='ocrx_word' id='word_1_184' title='bbox 2042 3692 2291 3789; x_wconf 90' lang='lat' dir='ltr'><strong>paullo</strong></span> <span class='ocrx_word' id='word_1_185' title='bbox 2327 3692 2518 3767; x_wconf 83' lang='lat' dir='ltr'><strong>infra</strong></span> 
     </span>
     <span class='ocr_line' id='line_1_28' title="bbox 293 3816 2519 3917; baseline -0 -25"><span class='ocrx_word' id='word_1_186' title='bbox 293 3816 823 3894; x_wconf 86' lang='lat' dir='ltr'><strong>Temesvarum</strong></span> <span class='ocrx_word' id='word_1_187' title='bbox 843 3818 1211 3915; x_wconf 86' lang='lat' dir='ltr'><strong>Bulgaros</strong></span> <span class='ocrx_word' id='word_1_188' title='bbox 1249 3819 1722 3917; x_wconf 81' lang='lat' dir='ltr'><strong>spectabant3</strong></span> <span class='ocrx_word' id='word_1_189' title='bbox 1763 3817 1895 3893; x_wconf 91' lang='lat' dir='ltr'><strong>sed</strong></span> <span class='ocrx_word' id='word_1_190' title='bbox 1931 3816 2242 3916; x_wconf 90' lang='lat' dir='ltr'><strong>primum</strong></span> <span class='ocrx_word' id='word_1_191' title='bbox 2261 3818 2357 3893; x_wconf 87' lang='lat' dir='ltr'><strong>ad</strong></span> <span class='ocrx_word' id='word_1_192' title='bbox 2394 3841 2519 3917; x_wconf 89' lang='lat' dir='ltr'><strong>op-</strong></span> 
     </span>
     <span class='ocr_line' id='line_1_29' title="bbox 291 3943 2514 4045; baseline -0 -24"><span class='ocrx_word' id='word_1_193' title='bbox 291 3945 759 4045; x_wconf 85' lang='lat' dir='ltr'><strong>pugnandum</strong></span> <span class='ocrx_word' id='word_1_194' title='bbox 796 3946 1228 4019; x_wconf 85' lang='lat' dir='ltr'><strong>occurrebat</strong></span> <span class='ocrx_word' id='word_1_195' title='bbox 1263 3944 1508 4019; x_wconf 93' lang='lat' dir='ltr'><strong>Beche</strong></span> <span class='ocrx_word' id='word_1_196' title='bbox 1565 3968 1702 4019; x_wconf 89' lang='lat' dir='ltr'><strong>arx</strong></span> <span class='ocrx_word' id='word_1_197' title='bbox 1741 3943 2133 4019; x_wconf 90' lang='lat' dir='ltr'><strong>munitione</strong></span> <span class='ocrx_word' id='word_1_198' title='bbox 2189 3951 2263 4018; x_wconf 88' lang='lat' dir='ltr'><strong>ct</strong></span> <span class='ocrx_word' id='word_1_199' title='bbox 2300 3967 2514 4043; x_wconf 89' lang='lat' dir='ltr'><strong>prae·</strong></span> 
     </span>
     <span class='ocr_line' id='line_1_30' title="bbox 292 4070 2521 4170; baseline 0 -23"><span class='ocrx_word' id='word_1_200' title='bbox 292 4072 478 4148; x_wconf 88' lang='lat' dir='ltr'><strong>sidio</strong></span> <span class='ocrx_word' id='word_1_201' title='bbox 516 4071 792 4147; x_wconf 84' lang='lat' dir='ltr'><strong>valida.</strong></span> <span class='ocrx_word' id='word_1_202' title='bbox 849 4070 1220 4146; x_wconf 88' lang='lat' dir='ltr'><strong>Praefecti</strong></span> <span class='ocrx_word' id='word_1_203' title='bbox 1275 4073 1370 4148; x_wconf 88' lang='lat' dir='ltr'><strong>ab</strong></span> <span class='ocrx_word' id='word_1_204' title='bbox 1413 4070 1864 4147; x_wconf 84' lang='lat' dir='ltr'><strong>Ferdinandi</strong></span> <span class='ocrx_word' id='word_1_205' title='bbox 1935 4070 2242 4146; x_wconf 90' lang='lat' dir='ltr'><strong>ducibus</strong></span> <span class='ocrx_word' id='word_1_206' title='bbox 2289 4092 2521 4170; x_wconf 87' lang='lat' dir='ltr'><strong>nuper</strong></span> 
     </span>
     <span class='ocr_line' id='line_1_31' title="bbox 290 4195 2520 4298; baseline -0.001 -24"><span class='ocrx_word' id='word_1_207' title='bbox 290 4198 614 4298; x_wconf 88' lang='lat' dir='ltr'><strong>impositi</strong></span> <span class='ocrx_word' id='word_1_208' title='bbox 649 4205 863 4274; x_wconf 89' lang='lat' dir='ltr'><strong>erant</strong></span> <span class='ocrx_word' id='word_1_209' title='bbox 881 4198 1207 4273; x_wconf 90' lang='lat' dir='ltr'><strong>Thomas</strong></span> <span class='ocrx_word' id='word_1_210' title='bbox 1246 4198 1655 4274; x_wconf 87' lang='lat' dir='ltr'><strong>Zentannai</strong></span> <span class='ocrx_word' id='word_1_211' title='bbox 1692 4205 1765 4272; x_wconf 93' lang='lat' dir='ltr'><strong>et</strong></span> <span class='ocrx_word' id='word_1_212' title='bbox 1786 4195 2099 4273; x_wconf 82' lang='lat' dir='ltr'><strong>Gabriel</strong></span> <span class='ocrx_word' id='word_1_213' title='bbox 2137 4196 2520 4295; x_wconf 86' lang='lat' dir='ltr'><strong>Fighedy;</strong></span> 
     </span>
     <span class='ocr_line' id='line_1_32' title="bbox 294 4324 2518 4425; baseline -0.002 -24"><span class='ocrx_word' id='word_1_214' title='bbox 294 4335 604 4423; x_wconf 83' lang='lat' dir='ltr'><strong>quatuor</strong></span> <span class='ocrx_word' id='word_1_215' title='bbox 641 4325 799 4401; x_wconf 88' lang='lat' dir='ltr'><strong>dies</strong></span> <span class='ocrx_word' id='word_1_216' title='bbox 855 4324 1137 4402; x_wconf 90' lang='lat' dir='ltr'><strong>duobus</strong></span> <span class='ocrx_word' id='word_1_217' title='bbox 1191 4327 1285 4401; x_wconf 88' lang='lat' dir='ltr'><strong>ab</strong></span> <span class='ocrx_word' id='word_1_218' title='bbox 1345 4326 1527 4400; x_wconf 91' lang='lat' dir='ltr'><strong>locis</strong></span> <span class='ocrx_word' id='word_1_219' title='bbox 1583 4325 2004 4422; x_wconf 86' lang='lat' dir='ltr'><strong>ingentibus</strong></span> <span class='ocrx_word' id='word_1_220' title='bbox 2042 4349 2131 4399; x_wconf 88' lang='lat' dir='ltr'><strong>ac</strong></span> <span class='ocrx_word' id='word_1_221' title='bbox 2184 4325 2518 4425; x_wconf 89' lang='lat' dir='ltr'><strong>pluribus</strong></span> 
     </span>
     <span class='ocr_line' id='line_1_33' title="bbox 292 4452 2520 4551; baseline 0.001 -25"><span class='ocrx_word' id='word_1_222' title='bbox 292 4452 672 4529; x_wconf 89' lang='lat' dir='ltr'><strong>tormentis</strong></span> <span class='ocrx_word' id='word_1_223' title='bbox 707 4452 813 4529; x_wconf 89' lang='lat' dir='ltr'><strong>ita</strong></span> <span class='ocrx_word' id='word_1_224' title='bbox 848 4474 1229 4547; x_wconf 88' lang='lat' dir='ltr'><strong>concussa,</strong></span> <span class='ocrx_word' id='word_1_225' title='bbox 1267 4462 1348 4528; x_wconf 93' lang='lat' dir='ltr'><strong>ut</strong></span> <span class='ocrx_word' id='word_1_226' title='bbox 1383 4454 1479 4528; x_wconf 87' lang='lat' dir='ltr'><strong>ad</strong></span> <span class='ocrx_word' id='word_1_227' title='bbox 1498 4454 1950 4530; x_wconf 88' lang='lat' dir='ltr'><strong>subeundum</strong></span> <span class='ocrx_word' id='word_1_228' title='bbox 1989 4462 2062 4529; x_wconf 89' lang='lat' dir='ltr'><strong>et</strong></span> <span class='ocrx_word' id='word_1_229' title='bbox 2097 4476 2520 4551; x_wconf 86' lang='lat' dir='ltr'><strong>oppugnan-</strong></span> 
     </span>
     <span class='ocr_line' id='line_1_34' title="bbox 290 4576 2519 4678; baseline 0.001 -27"><span class='ocrx_word' id='word_1_230' title='bbox 290 4576 453 4653; x_wconf 88' lang='lat' dir='ltr'><strong>dum</strong></span> <span class='ocrx_word' id='word_1_231' title='bbox 508 4578 847 4655; x_wconf 83' lang='lat' dir='ltr'><strong>maximis</strong></span> <span class='ocrx_word' id='word_1_232' title='bbox 904 4579 1350 4654; x_wconf 85' lang='lat' dir='ltr'><strong>exercitibus</strong></span> <span class='ocrx_word' id='word_1_233' title='bbox 1404 4588 1696 4678; x_wconf 88' lang='lat' dir='ltr'><strong>pateret</strong></span> <span class='ocrx_word' id='word_1_234' title='bbox 1731 4580 1870 4656; x_wconf 83' lang='lat' dir='ltr'><strong>via.</strong></span> <span class='ocrx_word' id='word_1_235' title='bbox 1928 4579 2080 4656; x_wconf 89' lang='lat' dir='ltr'><strong>Sed</strong></span> <span class='ocrx_word' id='word_1_236' title='bbox 2136 4580 2519 4675; x_wconf 87' lang='lat' dir='ltr'><strong>beglerbe-</strong></span> 
     </span>
    </p>
   </div>
  </div>
 </body>
</html>
