3293 5219
776 240 879 318 96

769 456 1050 548 timere,
1089 479 1182 532 ne
1239 454 1639 554 aliquando
1699 453 2148 556 Solymanus
2240 454 2698 553 poenitentia
2752 455 3032 552 aliqua,

774 589 1010 656 morte
1048 581 1184 656 filii
1223 605 1313 657 ae
1349 582 1642 680 nepotis
1698 588 1962 670 motus,
2040 564 2211 656 sese
2250 581 2618 680 supplicio
2660 582 3034 670 multaret,

773 709 849 783 in
884 708 1129 807 ipsum
1170 708 1416 784 dolum
1491 707 2030 784 machinantur.
2092 705 2529 803 Gihangero
2585 706 2741 781 filio
2796 716 3038 782 mater

772 835 963 909 dona
1017 841 1274 932 parat,
1349 833 1733 924 interulae,
1789 842 2043 909 vestes
2121 841 2197 908 et
2251 841 2614 908 craterem
2693 856 2789 908 ex
2867 839 3030 908 arte

767 962 1041 1037 factum
1116 984 1206 1036 ae
1242 983 1526 1037 veneno
1562 961 1933 1036 infectum.
1985 959 2152 1050 Qua
2176 960 2266 1035 de
2288 983 2369 1034 re
2411 956 2862 1057 Solymanus
2901 980 3033 1054 per

767 1108 989 1161 unam
1024 1109 1122 1160 ex
1150 1108 1533 1185 gynaeceo
1589 1084 1968 1161 mulierem
1989 1085 2517 1183 praemonitae,
2564 1085 2859 1160 litteras
2900 1081 3031 1158 Gri-

765 1211 1079 1305 hangeri
1118 1234 1209 1287 ae
1227 1234 1530 1287 munera
1549 1211 1865 1310 exeipit,
1905 1212 2267 1309 lectisque
2306 1209 2598 1302 litteris,
2609 1212 2829 1307 jubet
2865 1209 3028 1285 red-

765 1339 837 1413 di
893 1361 1053 1413 eum
1145 1340 1591 1414 muneribus.
1649 1338 2020 1437 Halepum
2096 1337 2545 1436 Solymanus
2605 1360 2762 1413 eum
2860 1361 3024 1436 per·

764 1465 1117 1555 venisset,
1158 1472 1233 1540 et
1269 1465 1345 1539 in
1401 1464 1636 1541 hortis
1676 1465 1772 1539 ad
1829 1463 2289 1563 Euphratem
2327 1464 2492 1569 sitis
2532 1463 2853 1542 animum
2894 1464 3018 1539 ob-

764 1589 1100 1682 lectaret,
1142 1614 1414 1687 aquam
1453 1614 1546 1666 ex
1602 1591 1989 1688 Euphrate
2045 1591 2411 1689 poposcit
2471 1586 2910 1683 Grihaugero
2950 1589 3024 1664 id

762 1715 1080 1790 officium
1145 1717 1615 1814 praestitum,
1675 1715 1904 1791 semel
1982 1725 2057 1791 et
2145 1717 2407 1792 iterum
2504 1713 2816 1808 restitit3
2891 1714 3023 1791 illo

758 1849 1004 1916 tamen
1064 1840 1439 1917 adnitente
1494 1843 1860 1941 permisit3
1924 1866 2189 1938 aquam
2249 1863 2424 1917 vero
2483 1865 2577 1917 ex
2633 1842 3021 1939 Euphrate

764 1989 926 2043 cum
965 1973 1257 2041 cratere
1312 1966 1445 2041 illo
1488 1968 1844 2043 hausturo
1903 1966 2068 2066 ipse
2129 1967 2596 2057 exclamavit,
2635 1974 2717 2041 ut
2751 1965 3020 2065 poculo

757 2094 948 2168 bene
1005 2092 1256 2167 abluto
1296 2094 1651 2168 hauriret.
1730 2092 1968 2183 Quam
2026 2093 2329 2168 allatam
2377 2093 2608 2188 jussit
2666 2115 2849 2180 eum,
2905 2116 3020 2168 re·

754 2225 1098 2295 nuentem
1120 2220 1433 2317 quidem,
1487 2227 1720 2295 totam
1743 2218 2174 2313 exhaurire3
2238 2242 2325 2293 ae
2400 2219 2472 2291 vi
2513 2219 2782 2294 veneni
2818 2218 3018 2294 intra

753 2347 1072 2445 spatium
1112 2346 1343 2424 horae
1398 2348 1624 2421 vitam
1681 2345 1940 2420 finivit.
2019 2346 2203 2420 Inde
2262 2343 2707 2443 Solymanus
2800 2345 2876 2420 in
2934 2345 3019 2418 fi·

750 2495 885 2550 nes
925 2473 1208 2549 Persae
1282 2475 1692 2570 ingressae,
1752 2472 2075 2548 Naxoan
2169 2495 2416 2548 arcem
2472 2472 2705 2571 eepit3
2744 2472 2879 2547 sed
2918 2472 3016 2546 ob

748 2597 1221 2675 sterilitatem
1283 2622 1634 2697 agrorum
1694 2623 1856 2674 eam
1915 2600 2078 2676 solo
2138 2599 2526 2695 aequavit3
2565 2621 2710 2674 non
2761 2604 3014 2672 tamen

748 2724 948 2799 aliud
1003 2725 1481 2801 memorabile
1539 2748 1625 2800 eo
1685 2725 1887 2800 bello
1946 2733 2256 2823 gestum,
2317 2733 2755 2823 propterea;
2816 2726 3015 2821 quod

743 2872 894 2948 pax
932 2850 1394 2948 subsequuta
1432 2859 1549 2926 est
1586 2850 1704 2927 his
1755 2851 2319 2943 conditionibus,
2337 2858 2418 2927 ut
2457 2852 2735 2950 captivi
2782 2854 3015 2930 utrin-

748 3000 889 3074 que
964 2976 1542 3071 dimitterentur,
1621 3000 1859 3076 neque
1964 2978 2490 3077 reciperentur.
2568 2974 2754 3054 Cum
2829 3003 3015 3056 vero

747 3100 1295 3198 regrederetur,
1338 3112 1715 3201 aegrotos,
1758 3105 1882 3202 qui
1926 3103 2244 3202 neeipsi
2283 3104 2486 3179 vires
2525 3105 2621 3179 ad
2656 3104 2801 3180 iter
2837 3130 3013 3184 eon-

742 3226 1130 3304 fieiendum
1187 3228 1592 3323 haberent,
1670 3253 1808 3306 nee
1867 3230 2001 3304 alii
2059 3253 2194 3306 eos
2268 3238 2634 3323 curarent,
2693 3256 3006 3328 quorum

740 3377 1011 3451 magna
1049 3363 1211 3432 erat
1262 3357 1674 3448 multitudo,
1736 3355 2105 3431 trucidari
2153 3356 2403 3452 jussit,
2446 3357 2641 3454 quod
2690 3358 2834 3435 iter
2871 3382 3014 3458 per

740 3482 1059 3574 deserta,
1100 3490 1323 3581 atque
1363 3506 1688 3562 arenosa
1725 3484 1895 3559 loca
1943 3481 2278 3577 Arabiae
2329 3484 2850 3579 gravissimum
2891 3509 3011 3563 es·

737 3612 874 3682 set.
933 3608 1022 3683 In
1080 3609 1350 3685 eastris
1405 3611 1639 3687 fuisse
1694 3609 2072 3685 hominum
2152 3608 2386 3684 octies
2460 3616 2771 3687 centena
2845 3613 3011 3690 mil·

736 3732 840 3807 lia
859 3726 927 3831 ³¹)
987 3733 1343 3811 dicuntur.
1387 3737 1649 3833 Longo
1690 3745 1911 3834 atque
1936 3735 2300 3811 diuturno
2337 3734 2601 3810 itinere
2638 3738 3008 3836 reliquum

737 3858 901 3953 ejus
937 3860 1111 3934 anni
1150 3869 1267 3937 est
1285 3870 1814 3961 consumptum.

927 4071 987 4143 ω)
1012 4073 1255 4132 Ιιηνάιιᾱ
1285 4079 1560 4149 jegyzete
1584 4098 1595 4133 :
1637 4075 1815 4135 Oanis
1844 4076 2080 4133 eredat!
