3293 5219
2326 332 2475 409 127

228 547 446 622 bendi
506 572 732 622 cansa
771 549 1024 625 hostes
1093 557 1635 640 exstruxerant,
1733 551 1829 625 ad
1871 573 2260 648 vesperum
2317 572 2475 622 cum

227 676 720 773 pervenisset.
741 677 858 751 die
895 676 1840 774 insequentiiutermissam
1880 675 2333 751 obsidionem
2370 697 2481 749 re-

228 808 485 899 petere
526 801 864 893 instituit,
903 825 1040 877 nec
1077 803 1462 902 quicquam
1521 800 1723 876 aliud
1758 810 2058 900 praeter
2095 800 2475 877 machinas

231 928 705 1022 murifragaS,
728 951 914 1025 quas
953 927 1716 1025 Quinque-Ecclesias
1774 927 2181 1021 remiserat,
2221 949 2481 1026 exspe-

229 1053 507 1128 ctabat.
548 1053 848 1128 Interim
873 1077 1008 1130 nec
1028 1052 1489 1150 Sigetienses
1513 1055 1738 1151 quieti
1782 1077 1951 1134 esse
1973 1079 1990 1149 ;
2012 1056 2148 1131 sed
2165 1054 2293 1129 ubi
2311 1055 2478 1127 bas·

225 1203 384 1254 sam
408 1180 694 1254 abiisse
714 1181 1405 1273 animadverterunt,
1427 1204 1805 1278 aggerem,
1844 1189 2278 1277 ceterasque
2317 1203 2472 1254 mo-

225 1306 552 1396 litiones,
612 1329 797 1403 quas
852 1306 1089 1383 hostis
1144 1306 1716 1382 transcendendi
1756 1307 1941 1382 muri
2000 1329 2232 1382 causa
2284 1305 2472 1382 fece·

230 1441 349 1507 rat
373 1488 391 1524 ,
472 1431 854 1528 disjecere,
929 1435 1179 1508 fossas
1217 1435 1560 1531 oppletas
1624 1456 2056 1530 repurgare,
2133 1432 2479 1532 oppidum

227 1582 361 1657 per
400 1559 814 1634 incendium
837 1567 1059 1636 antea
1080 1561 1565 1659 absumptum,
1598 1562 1947 1654 cratibus,
1991 1560 2480 1656 corbibusque

226 1695 433 1761 terra
491 1686 877 1784 completis
925 1687 1238 1780 firmare;
1316 1688 1611 1784 aliaque
1670 1687 1958 1780 omnia,
2013 1710 2206 1784 quae
2244 1687 2339 1762 ad
2375 1686 2479 1760 ul-

230 1813 582 1889 teriorem
604 1814 1062 1890 obsidionem
1100 1814 1602 1890 sustinendam
1623 1837 1810 1912 opus
1828 1816 1989 1891 fore
2021 1814 2482 1889 arbitraban-

229 1948 367 2031 tur,
410 1940 717 2015 summis
754 1941 1140 2016 conatibus
1192 1942 1521 2039 inquieto
1581 1941 1825 2017 studio
1902 1942 2061 2015 dies
2120 1948 2195 2016 et
2228 1949 2483 2016 noctes

230 2089 484 2164 agere.
598 2064 751 2142 Ubi
832 2090 1013 2144 sane
1098 2068 1279 2146 illud
1335 2077 1452 2143 est
1543 2067 2059 2143 memorabile:
2115 2066 2241 2141 vix
2317 2068 2483 2143 dum

232 2196 464 2269 bassa
521 2194 920 2271 Babochae
966 2195 1425 2270 obsidionem
1461 2196 1940 2295 impediturus
1988 2197 2482 2288 abscesserat,

233 2321 556 2396 maxima
592 2345 771 2420 pars
792 2323 977 2398 muri
996 2323 1424 2398 bombardis
1442 2331 1663 2399 antea
1698 2323 2141 2400 creberrime
2175 2322 2482 2421 pertusi,

233 2456 456 2546 atque
496 2449 666 2524 ideo
704 2451 954 2545 laceri,
974 2450 1259 2546 ingenti
1296 2451 1490 2527 edito
1526 2452 1830 2548 fragore
1871 2451 2163 2542 corruit,
2182 2450 2484 2527 nudato·

232 2598 369 2673 que
414 2599 505 2652 eo
528 2577 757 2652 castri
776 2578 1033 2672 latere,
1055 2577 1685 2679 expeditissimam
1704 2578 1921 2672 hosti,
1941 2577 2084 2653 nisi
2105 2576 2485 2672 abivisset,

227 2704 320 2778 ad
340 2704 838 2779 invadendum
862 2704 1052 2777 viam
1070 2704 1397 2780 fecisset.
1419 2703 1555 2803 Ouj
1564 2728 1653 2781 us
1672 2727 1893 2781 casus
1926 2712 2137 2781 tanta
2156 2713 2480 2780 castren-

228 2854 349 2905 ses
389 2828 889 2925 trepidatione
926 2833 1261 2928 perculit,
1299 2839 1381 2906 ut
1417 2831 1540 2927 qui
1576 2838 1802 2907 antea
1842 2855 1932 2911 ex
1953 2831 2194 2906 hostis
2220 2831 2483 2906 abitio.-

230 2982 321 3033 ne
361 2957 876 3033 incredibilem
899 2957 1305 3034 hauserant
1340 2958 1725 3054 laetitiam,
1763 2980 1954 3034 nunc
1992 2958 2487 3033 consternatis

231 3086 501 3159 animis
560 3084 886 3159 divinam
922 3085 1273 3160 ultionem
1312 3086 1509 3162 vitae
1550 3109 1732 3161 snae
1771 3085 2165 3161 manifesto
2204 3084 2484 3182 impen-

231 3212 405 3286 dere
427 3268 445 3305 ,
485 3233 805 3309 seseque
842 3234 1007 3286 wuna
1064 3235 1224 3286 cum
1262 3211 1521 3287 liberis
1581 3221 1657 3289 et
1693 3213 2134 3309 conjugibus
2170 3219 2343 3311 post
2377 3220 2489 3285 tot

234 3338 544 3414 diurnas
582 3345 1128 3435 nocturnasque
1169 3340 1471 3436 vigilias
1507 3348 1581 3415 et
1616 3342 1918 3416 labores
1955 3342 2240 3415 frustra
2278 3338 2488 3413 desn-

230 3464 469 3558 datos,
508 3464 832 3540 hostium
866 3466 1187 3564 praedas
1226 3468 1511 3543 futuros
1531 3469 2028 3567 opinarentur.
2067 3466 2171 3541 At
2205 3486 2487 3565 pavore

234 3593 505 3671 mutuis
544 3592 868 3690 querelis
905 3594 1235 3670 nonnihil
1284 3595 1606 3686 decocto,
1683 3618 1771 3669 ac
1844 3593 2114 3669 divinis
2169 3592 2492 3669 oraculis

238 3716 770 3819 prophetarum
864 3726 938 3794 et
1013 3719 1518 3819 apostolorum
1593 3720 1878 3796 animos
1954 3718 2489 3809 confirmantes,

237 3847 643 3925 liberorum
702 3846 920 3923 simul
960 3849 1499 3946 conjugumque
1537 3847 1968 3923 tristissima
2008 3852 2229 3936 sorte,
2297 3844 2360 3919 si
2416 3847 2491 3921 in

235 3980 689 4071 potestatem
746 3970 1059 4049 hostium
1119 3974 1272 4055 vivi
1342 3975 1691 4067 incidant,
1731 3981 2189 4057 occursante,
2243 3995 2489 4053 ,revo-

238 4112 407 4177 cata
460 4100 540 4174 in
576 4106 893 4183 mentem
929 4100 1246 4198 pristina
1285 4100 1575 4191 virtute,
1612 4107 1821 4175 tanto
1859 4097 2100 4174 studio
2137 4105 2490 4194 tantoque

240 4230 521 4326 impetu
597 4226 693 4299 ad
748 4227 1235 4324 reparandum
1295 4226 1716 4320 incubuere,
1773 4233 1854 4301 ut
1925 4225 2120 4299 intra
2194 4223 2489 4320 quadri-

246 4354 464 4432 duum
540 4374 809 4446 muros,
867 4374 1051 4448 opus
1129 4351 1653 4443 vastissimum,
1748 4346 2220 4425 restituerint.
2337 4347 2488 4425 Ubi

238 4480 447 4579 pueri
485 4475 778 4552 nemine
814 4485 1146 4571 urgente,
1188 4501 1350 4553 cum
1388 4477 1589 4568 viris,
1627 4474 2033 4568 laboribuS,
2073 4474 2240 4550 Deo
2278 4473 2476 4551 haud

251 4604 469 4681 dubie
549 4603 834 4679 animos
929 4604 1392 4703 studiumque
1467 4603 2010 4703 suppeditante,
2089 4609 2488 4679 certavere.
