3293 5219
2335 317 2491 397 505

258 539 477 629 facta,
518 538 776 613 animis
816 539 1081 613 bellum
1139 536 1541 631 gerebant:
1595 557 1778 630 quos
1821 538 2009 611 enim
2067 540 2258 634 regii
2296 543 2492 619 bello

260 687 616 762 superare
653 689 798 740 non
833 671 1241 763 potuerunt,
1303 663 1377 738 in
1413 682 1595 760 pace
1655 663 2024 740 trucidare
2065 667 2489 745 commodis-

256 791 514 867 simum
537 797 961 866 statuerunt.
989 790 1322 886 Namque
1359 789 1436 861 in
1457 789 2062 867 conventionibus
2100 795 2323 891 pacis
2360 818 2492 873 rex

259 940 585 994 sororem
624 940 829 992 suam
870 916 1032 1014 regi
1090 916 1477 990 Navarrae
1534 938 1835 992 uxorem
1875 919 2195 1017 pepigit;
2235 922 2331 997 ad
2365 946 2491 997 nu..

256 1045 453 1145 ptias
492 1045 996 1136 celebrandae,
1033 1050 1112 1118 ut
1148 1063 1457 1118 necesse
1498 1051 1690 1136 erat,
1730 1046 2043 1121 omnium
2080 1048 2493 1147 principum

262 1181 484 1272 atque
558 1172 910 1264 ordinum,
985 1171 1363 1268 utriusque
1477 1170 1868 1267 religionis
1926 1190 2322 1251 concursus
2378 1176 2487 1250 fit.

258 1298 518 1392 Erant,
569 1299 693 1397 qui
732 1296 1165 1373 Amiralium
1198 1303 1593 1387 monerent,
1645 1306 1725 1372 ut
1766 1298 1911 1373 sibi
1949 1308 2263 1393 caveret,
2304 1303 2498 1401 quod

272 1422 548 1503 nullam
623 1425 910 1500 servari
983 1423 1199 1498 fidem
1272 1424 1669 1500 haereticis
1728 1426 2116 1501 convenire
2153 1428 2497 1527 papistae

260 1553 663 1629 crederent.
731 1550 878 1627 Sed
953 1548 1353 1626 Amiralius
1429 1552 1730 1645 negavit
1787 1575 1867 1627 se
1925 1555 2495 1649 commissurum,

256 1687 337 1756 ut
371 1679 582 1755 fidem
620 1679 906 1775 regiam
942 1678 1017 1753 in
1056 1678 1348 1753 dubium
1387 1686 1710 1770 vocaret;
1733 1679 1838 1755 ita
1876 1682 2206 1756 certatim
2244 1704 2495 1759 omnes

257 1806 626 1882 Lutetiam
681 1805 776 1880 ad
850 1806 1223 1881 solennem
1290 1804 1476 1878 diem
1550 1806 1965 1903 nuptiarum
2040 1808 2500 1901 conveniunt,

255 1949 668 2031 magnaque
705 1933 1019 2009 omnium
1042 1932 1428 2007 alacritate
1465 1939 1941 2029 peraguntur.
1994 1934 2186 2010 Tum
2219 1934 2295 2010 in
2334 1958 2500 2010 con-

257 2060 426 2136 silio
498 2060 705 2156 regio
797 2058 1197 2135 Amiralius
1273 2081 1682 2135 sermonem
1757 2060 1846 2135 de
1920 2067 2115 2136 statu
2205 2061 2495 2160 belgico

256 2208 591 2282 exorsus,-
628 2186 915 2283 excepit
951 2209 1105 2278 rex,
1145 2191 1292 2260 non‘
1330 2186 1719 2260 convenire
1765 2185 2068 2261 foedera
2102 2187 2312 2285 pacis
2352 2187 2499 2263 vio·

254 2314 437 2409 lari3
494 2337 663 2388 mox
718 2313 923 2410 regis
961 2312 1217 2405 frater,
1271 2312 1464 2409 quod
1519 2312 1806 2408 aliquos
1864 2313 2148 2410 equites
2202 2314 2277 2389 in
2330 2314 2496 2391 Bel-

260 2440 459 2537 gium
499 2438 848 2529 misisset,
870 2439 1383 2536 exprobravit;
1436 2439 1741 2513 consilio
1781 2446 2022 2515 autem
2042 2445 2213 2513 tunc
2251 2438 2500 2514 dimis-

259 2588 342 2641 so
416 2566 636 2665 paulo
711 2573 881 2664 post
975 2554 1328 2641 Amiralio
1402 2566 1479 2640 in
1539 2588 1675 2642 sua
1730 2564 2185 2644 habitatione
2262 2565 2357 2641 ad
2392 2565 2496 2642 fe-

258 2702 583 2769 nestram
709 2693 783 2768 in
869 2693 1246 2768 brachium
1349 2702 1568 2792 caput
1658 2694 2042 2770 reclinanti
2120 2691 2498 2769 brachium

129 2869 135 2874 -
257 2827 613 2898 tormento
668 2821 1055 2915 trajectum
1111 2827 1243 2912 est,
1303 2827 1377 2895 et
1411 2820 1612 2918 pilae
1651 2829 2056 2896 venenatae
2105 2819 2496 2897 virulentia

259 2970 631 3046 spasmum
689 2946 1067 3021 adferente
1123 2945 1386 3021 medici
1440 2947 1782 3045 pollicem
1840 2954 2233 3047 amputant.
2312 2947 2496 3024 Eum

263 3098 395 3151 rex
472 3083 547 3150 et
636 3073 894 3169 regina
966 3082 1200 3149 mater
1277 3073 1500 3147 officii
1557 3097 1786 3149 causa
1840 3075 2223 3152 invisendo
2280 3073 2501 3151 solati

264 3210 454 3294 sunt,
509 3202 827 3308 futurum
866 3222 1055 3292 esse,
1111 3207 1191 3275 ut
1237 3220 1633 3296 percussor
1690 3201 2042 3277 atrociter
2098 3202 2496 3298 puniretur.

264 3326 549 3403 Eodem
587 3326 852 3420 offici0,
896 3326 1027 3400 sed
1063 3351 1209 3403 non
1267 3326 1521 3403 eodem
1559 3327 1803 3402 animo
1842 3328 2223 3425 plerisque
2260 3327 2490 3402 venti-

270 3454 596 3530 tantibus
655 3455 801 3529 dux
855 3450 1157 3529 Guisius
1215 3455 1420 3553 prius
1479 3452 1861 3552 dispositis
1916 3454 2099 3530 locis
2161 3460 2500 3553 opportu-

254 3582 371 3658 nis
453 3587 525 3656 et
597 3581 692 3655 ad
747 3581 1029 3677 regium
1079 3581 1422 3678 palatium
1498 3579 1928 3656 custodibus
1988 3587 2062 3655 et
2115 3579 2498 3658 Heluetio-

259 3731 418 3783 rum
452 3705 878 3782 cohortibus
919 3730 1076 3782 cum
1120 3707 1588 3801 accessisset,
1629 3714 1800 3784 ante
1839 3706 2079 3782 omnia
2116 3705 2498 3804 quaesivit,

261 3858 428 3911 num
469 3855 550 3908 se
591 3821 1119 3908 convaliturum
1161 3830 1560 3932 speraret?
1621 3857 1833 3931 quem
1888 3854 2319 3932 responsum
2354 3855 2498 3909 me-

258 3960 621 4036 ditantem
661 3961 735 4034 in
773 3959 1038 4035 lectulo
1097 3961 1415 4057 pugione
1474 3961 1717 4037 multis
1775 3960 2199 4037 vulneribus
2257 3961 2500 4039 confo-

262 4086 382 4162 dit.
426 4086 635 4162 Hinc
673 4087 919 4162 statim
978 4086 1410 4178 discurritur
1448 4087 1543 4162 ad
1581 4088 1805 4164 aedes
1840 4088 2159 4163 virorum
2197 4087 2499 4163 illustri·

254 4235 362 4306 us,
423 4219 496 4290 et
554 4236 670 4287 om
690 4235 822 4288 nes
880 4213 1492 4289 contrucidantur.
1551 4215 1743 4289 Tum
1791 4213 1953 4312 ipse
2006 4212 2239 4289 frater
2294 4214 2499 4310 regis

260 4345 588 4414 armatus
649 4360 815 4414 cum
876 4339 1297 4414 cohortibus
1338 4348 1411 4414 et
1449 4340 1816 4438 equitibus
1875 4340 2177 4415 armatis
2235 4338 2499 4437 prodit,

266 4467 731 4564 populusque
787 4466 882 4540 ad
937 4487 1140 4540 arma
1197 4475 1521 4541 vocatur.
1597 4464 1964 4542 Catholici
2039 4466 2212 4542 alba
2286 4489 2498 4542 cruce

251 4615 699 4692 papyracea,
759 4592 999 4672 aliave
1057 4592 1375 4669 materia
1429 4593 1501 4667 in
1558 4593 1773 4690 pileis
1809 4611 1977 4668 sese
2019 4599 2306 4695 notant.
2352 4592 2496 4668 Do-
