3293 5219
796 277 955 352 232

789 493 1052 591 opibus
1164 516 1254 567 ac
1365 491 1729 565 clientelis
1808 487 2166 563 Nicolaus
2261 490 2647 588 Telegdy,
2761 487 3035 561 Paulus

788 616 1081 715 Chaky,
1122 640 1209 691 ac
1243 615 1689 691 Benedictus
1747 615 2280 708 Bornemizza3
2320 615 2444 712 qui
2500 637 2774 710 magna
2828 635 3039 707 pecu-

783 746 1072 821 niarum
1127 753 1308 819 taxa
1362 744 1787 818 libertatem
1881 751 2144 840 postea
2201 743 2686 816 redemerunt.
2765 736 3037 814 Secun-

785 874 951 947 dum
990 871 1352 969 praelium
1391 878 1642 946 castra
1681 893 1970 968 quoque
2011 870 2089 944 in
2127 876 2573 967 potestatem
2612 867 2943 958 redacta,
2980 874 3047 939 et

786 996 1056 1072 Hadad
1097 996 1503 1085 castellum,
1564 1018 1726 1069 cum
1782 995 2083 1070 retineri
2175 1020 2319 1071 non
2380 1003 2657 1094 posset,
2695 995 2895 1068 ultro
2937 991 3050 1066 de·

788 1124 1036 1197 ditum.
1097 1122 1387 1195 Tantus
1444 1130 1687 1194 terror
1789 1121 2208 1197 Johannem
2291 1128 2442 1195 tum
2515 1122 2934 1207 invaserat,
2975 1126 3047 1191 ut

784 1247 1092 1322 Polonis
1167 1271 1253 1321 ac
1322 1247 1689 1321 Michat‘le
1761 1244 2056 1321 Chakio
2126 1247 2550 1322 auctoribus
2617 1246 2693 1320 in
2757 1243 3047 1318 Poloni·

790 1398 907 1448 am
1003 1375 1362 1470 diffugere
1464 1374 1942 1469 cogitaverit,
2012 1377 2168 1469 jam
2254 1376 2478 1449 rebus
2578 1382 2653 1447 et
2747 1370 3050 1446 nobilio-

786 1501 853 1574 ri
892 1523 1088 1596 gaza
1126 1501 1221 1575 ad
1279 1500 1812 1597 asportandum
1861 1500 2197 1590 collecta,
2227 1501 2507 1597 Junctis
2547 1499 2770 1573 etiam
2813 1497 3047 1594 equis3

784 1626 927 1700 nisi
967 1626 1107 1701 duo
1163 1626 1436 1701 fratres
1496 1624 1920 1725 Stephanus
1981 1635 2055 1700 et
2119 1623 2703 1723 Christophorus
2761 1624 3049 1719 Batory

783 1753 1036 1847 fugam
1091 1751 1751 1847 improperassent,
1811 1758 1885 1824 et
1947 1746 2258 1826 consilio
2319 1773 2450 1824 suo
2527 1749 3050 1837 retinuissent,

794 1897 1189 1975 superesse
1232 1874 1470 1948 adhuc
1532 1875 1791 1972 copias
1853 1883 2329 1958 ostentantes,
2383 1872 2783 1972 praesidia,
2824 1873 3044 1947 urbes

782 2001 1124 2089 munitas,
1180 2001 1482 2095 insuper
1537 2000 1817 2074 auxilia
1875 2000 2264 2099 Solymani
2311 2002 2384 2074 in
2424 1999 2869 2098 propinquo.
2950 1999 3042 2073 Et

784 2150 965 2202 sane
1059 2127 1125 2199 si
1216 2128 1519 2224 propius
1625 2128 2041 2202 caesariani
2139 2128 2658 2223 accessissent,
2754 2125 3049 2199 retineri

781 2261 1026 2329 tamen
1099 2276 1244 2327 non
1308 2255 1696 2351 potuisset.
1758 2254 2006 2349 Vulgo
2066 2254 2140 2328 id
2198 2253 2390 2350 quod
2463 2261 2645 2343 erat,
2705 2251 3041 2325 homines

781 2385 1297 2476 suspectantes
1371 2380 1907 2476 loquebantur,
1986 2403 2154 2454 sese
2231 2402 2374 2452 non
2450 2398 2812 2477 passuros
2893 2384 3044 2451 tan-

781 2514 933 2578 tam
1007 2529 1311 2600 gazam,
1387 2513 1606 2600 atque
1683 2504 1831 2577 vim
1900 2506 2059 2581 auri
2119 2505 2517 2602 agentique
2577 2528 2616 2578 e
2672 2524 2911 2598 regno
2952 2505 3044 2577 ef-

782 2634 983 2708 ferri.
1061 2635 1160 2707 Et
1218 2643 1429 2709 erant
1492 2633 1633 2709 duo
1675 2658 1768 2708 ex
1810 2635 2278 2722 consiliariis,
2323 2635 2443 2731 qui
2483 2655 2768 2707 omnem
2848 2654 3046 2704 occa-

790 2760 1096 2848 sionem,
1172 2767 1251 2832 ut
1307 2785 1472 2835 mox
1537 2761 1879 2852 dicemus,
1927 2747 2119 2836 ultro
2180 2770 2251 2835 et
2310 2759 2788 2857 quaerebant,
2832 2765 2906 2830 et
2945 2767 3045 2836 at·
3089 2735 3102 2744 ’

789 2883 1210 2957 tendebant.

1004 3009 1219 3082 Initio
1260 3010 1440 3083 belli
1483 3011 2036 3102 FerdinandUS,
2077 3011 2339 3083 videns
2397 3035 2741 3106 magnum
2781 3017 3048 3092 bellum

785 3135 1225 3209 concitatum
1264 3136 1375 3226 iri,
1416 3139 1822 3234 praefectis
1885 3146 1958 3212 et
2016 3136 2426 3233 capitaneis
2466 3138 2540 3209 iu
2582 3162 2837 3215 omnes
2879 3169 3035 3241 par-

789 3268 904 3334 tes
946 3261 1548 3354 mandaverat,ut
1589 3287 1805 3358 quam
1849 3263 2164 3336 maxime
2203 3272 2532 3360 possent,
2579 3266 2874 3342 Ture-as
2915 3271 3050 3344 dis-

786 3386 1106 3461 tinerent
1146 3389 1241 3462 ad
1299 3391 1542 3462 omnia
1584 3390 1919 3464 confinia.
1983 3393 2245 3488 Itaque
2284 3392 2475 3465 inter
2533 3393 2723 3467 alios
2762 3397 2813 3470 J
2823 3397 3046 3472 ohan-

784 3535 917 3585 nes
942 3514 1284 3606 Balassa,
1306 3519 1734 3612 praefectus
1758 3517 2059 3591 Veteris
2084 3517 2295 3606 Zolii,
2321 3544 2408 3592 ac
2431 3542 2819 3616 supremus
2864 3525 3043 3598 citra

779 3637 1203 3714 Danubium
1259 3644 1713 3737 capitaneus,
1754 3667 2003 3717 arcem
2036 3642 2420 3719 Zeecheeu
2442 3658 2824 3743 oppugnat
2873 3674 3031 3725 cum

781 3771 1094 3860 quatuor
1161 3768 1526 3860 millibus,
1604 3793 1789 3866 quos
1847 3769 2116 3868 partim
2158 3795 2248 3844 ex
2289 3770 2553 3844 vicinis
2611 3776 3035 3871 praesidiis,

778 3890 1045 3986 partim
1120 3915 1211 3966 ex
1272 3894 1695 3970 civitatibus
1773 3896 2099 3970 minerae
2174 3897 2624 3989 fodinarum,
2703 3900 3034 3975 homines

788 4023 1213 4108 montanos,
1332 4027 1405 4090 et
1509 4021 1730 4095 rudes
1863 4045 1952 4094 ex
2086 4022 2555 4096 comitatibus
2676 4025 3034 4100 conflave-

782 4148 919 4213 rat.
981 4138 1259 4216 Contra
1300 4168 1484 4240 qnos
1543 4145 1909 4220 Budensis
1988 4145 2527 4242 Hazanbegum
2587 4149 3032 4223 fileciensem

782 4267 1203 4341 sanciacum
1260 4293 1420 4345 cum
1496 4271 1777 4346 duobus
1837 4271 2162 4346 millibus
2240 4275 2680 4350 selectorum
2742 4276 3036 4349 militum

785 4394 1168 4485 suppetias
1226 4396 1465 4470 mittit.
1507 4398 1628 4490 qui
1688 4396 2070 4471 celeritate
2130 4399 2548 4473 incredibili
2607 4401 2880 4474 famam
2922 4400 3026 4474 sui
