3293 5219
737 305 898 383 464

743 546 904 596 cum
942 520 1299 594 immenso
1341 521 1435 594 ab
1503 521 2009 596 Maximiliano
2072 524 2313 619 pretio
2356 524 2853 597 licitabantur.
2894 520 2992 593 Hi

741 667 986 719 mores
1027 653 1236 720 erant
1272 645 1683 738 hominum,
1744 645 1930 722 haec
1968 655 2322 745 tempora.
2385 648 2807 746 Antequam
2847 646 2997 719 ani-

742 795 937 845 mam
992 771 1447 863 exhalasset,
1487 782 1845 847 venerunt
1882 773 2176 848 litterae
2246 776 2345 847 ab
2422 774 2835 869 Bequessio
2911 770 2997 844 de

747 919 1027 993 sponsa
1080 896 1262 970 nihil
1318 897 1485 972 dum
1544 900 1728 972 certi
1787 921 2000 990 esse3
2079 923 2245 974 nam
2306 899 2563 974 ducem
2626 897 2995 971 Bavariae

748 1023 1247 1118 respondisse,
1327 1021 1548 1097 malle
1625 1046 1834 1098 suam
1907 1025 2113 1122 prius
2174 1026 2425 1116 emori,
2470 1048 2689 1121 quam
2726 1022 2997 1096 homini

750 1148 1003 1222 ariano
1041 1171 1345 1222 uxorem
1385 1149 1584 1222 dare.
1626 1147 1746 1222 Ad
1772 1150 2265 1245 juliacensem
2324 1153 2654 1245 legatum
2711 1150 2810 1223 ab
2852 1148 3002 1219 Ma-

750 1274 1128 1348 ximiliano
1168 1276 1492 1365 missum,
1534 1275 1624 1348 de
1665 1278 1874 1371 cujus
1913 1276 2068 1349 filia
2106 1284 2385 1350 certam
2425 1298 2637 1373 spem
2675 1276 2990 1347 faceret:

754 1408 1078 1474 ceterum
1117 1424 1277 1475 eam
1330 1401 1733 1475 deformem
1777 1424 1968 1491 esse,
2011 1411 2083 1475 et
2142 1402 2419 1477 nullam
2457 1409 2759 1499 praeter
2838 1423 2997 1494 ger-

757 1525 1115 1599 manicam
1155 1526 1486 1621 lingvam
1526 1528 1824 1616 callere,
1908 1527 2247 1623 velleque
2305 1549 2388 1601 se
2427 1527 2748 1624 amplius
2786 1526 3004 1598 infor-

757 1653 964 1725 mari.
1024 1651 1232 1741 Quae
1290 1674 1699 1727 moerorem
1755 1653 1864 1726 illi
1923 1662 2321 1747 auxerant3
2380 1654 2548 1728 ideo
2588 1654 2739 1726 illis
2801 1650 3000 1734 solis,

763 1778 2094 1875 quisecretanorant,cunctandum*ad
2114 1778 2782 1881 convalescentiam
2820 1775 3005 1872 prin-

768 1905 955 2001 cipis
995 1906 1529 2001 placuerat.Ita
1548 1906 2003 2002 imperfectis
2045 1906 2381 1979 omnibus
2404 1906 2626 1978 rebus
2665 1901 3005 1977 excessit.

767 2030 819 2104 J
823 2054 941 2102 am
981 2029 1388 2103 mirandum
1426 2039 1646 2125 atque
1705 2031 2204 2105 annotandum
2262 2030 2573 2120 videtur,
2613 2038 2769 2102 tres
2809 2029 3003 2124 prin·

764 2156 967 2253 cipes
1008 2156 1264 2230 eodem
1337 2156 1497 2229 fere
1554 2157 1708 2229 fato
1749 2158 2038 2231 functos
2098 2178 2298 2247 esse,
2337 2165 2647 2252 patrem,
2688 2175 3008 2238 uxorem,

770 2289 992 2377 atque
1049 2282 1316 2377 filium3
1383 2305 1636 2356 omnes
1695 2291 1866 2358 ante
1960 2284 2232 2357 exitum
2285 2306 2545 2380 pacem
2638 2278 3017 2353 vehemen-

761 2408 1049 2483 tissime
1088 2408 1514 2505 appetiisse,
1556 2416 1631 2481 et
1667 2433 1902 2506 prope
1941 2409 2275 2482 confecta
2314 2430 2568 2481 omnes
2607 2406 3007 2480 exstinctos

775 2557 968 2609 esse.

988 2662 1279 2735 Mortuo
1320 2660 1672 2758 principe,
1731 2662 2153 2735 convocatis
2210 2661 2627 2758 potioribus
2684 2655 3013 2732 consilia·

776 2788 927 2873 riis,
970 2787 1231 2860 dantur
1285 2786 1579 2860 litterae
1620 2789 1716 2861 ad
1757 2786 2106 2862 Selimum
2150 2794 2224 2860 et
2262 2787 2358 2860 ad
2398 2785 2844 2881 Bequesium
2884 2804 3014 2856 uno

773 2921 1126 3005 tempore,
1165 2920 1245 2984 111
1281 2912 1566 2986 88111881
1606 2914 2005 2987 celerrime
2063 2914 2285 2987 rebus
2343 2911 2684 2985 omnibus
2722 2919 3016 3007 postpo-

779 3039 943 3113 sitis
981 3045 1419 3130 revertatur,
1459 3047 1741 3114 tantum
1773 3041 1987 3114 modo
2031 3040 2119 3112 de
2142 3047 2375 3112 morte
2414 3036 2792 3135 principis,
2835 3045 2907 3107 et
2941 3032 3021 3103 de

780 3173 982 3239 statu
1038 3166 1269 3260 regni,
1311 3166 1436 3260 qui
1491 3166 1589 3240 sit
1629 3190 1788 3240 cum
1831 3163 2103 3238 Selimo
2145 3164 2612 3262 imperatore,
2656 3180 3020 3235 caesarem

786 3291 1067 3364 doceat.
1130 3287 1434 3386 Gaspar
1500 3289 1941 3387 praemissis
2018 3289 2444 3363 cursoribus
2514 3287 2728 3381 jubet
2803 3305 3021 3379 equos

783 3398 1173 3490 rhedarios
1214 3439 1349 3512 per
1388 3417 1675 3508 itinera,
1771 3439 1936 3489 nam
1975 3424 2283 3512 propter
2302 3412 2798 3487 valetudinem
2839 3409 3028 3504 equi·

783 3552 945 3618 tare
984 3565 1126 3616 non
1166 3552 1477 3639 poterat,
1521 3542 1833 3639 disponi.
1876 3541 2178 3614 Interea
2213 3539 2577 3635 primores
2636 3533 3031 3610 consiliarii

786 3670 1227 3767 praecipuos
1270 3693 1360 3743 ex
1401 3667 1714 3763 singulis
1774 3667 2193 3741 nationibus
2244 3666 2339 3738 ad
2380 3673 2831 3738 conventum
2871 3684 3029 3734 evo·

786 3802 974 3886 cant,
1052 3795 1124 3867 in
1200 3818 1340 3890 quo
1401 3795 1586 3867 duae
1646 3794 1897 3868 statim
1955 3800 2164 3866 ortae
2223 3798 2391 3865 sunt
2450 3790 2842 3864 factiones.
2888 3784 3028 3859 Sed

788 3942 1096 3993 necesse
1135 3926 1251 3993 est
1272 3921 1336 4013 ej
1347 3941 1432 3993 us
1453 3918 1562 3991 rei
1583 3939 1852 3991 causas
1886 3937 2401 4013 praenarrare,
2423 3918 2833 4010 propterea
2854 3906 3037 4005 qnod

793 4045 890 4118 ad
963 4067 1247 4118 omnem
1324 4045 1646 4119 futuram
1711 4044 2103 4117 historiam
2200 4062 2512 4135 magnus
2563 4038 2703 4113 erit
2765 4038 3037 4110 futurus

792 4195 990 4250 usus.
1032 4169 1247 4244 Anno
1288 4171 1383 4243 ab
1423 4169 1593 4243 hinc
1650 4170 1898 4265 quinto
1939 4194 2069 4243 rex
2112 4169 2185 4240 in
2246 4165 2548 4240 civitate
2587 4162 2889 4237 Corona
2930 4159 3035 4231 vel

794 4297 1202 4372 Brassovia
1239 4296 1311 4368 in
1353 4297 1874 4391 gravissimum
1898 4295 2226 4369 morbum
2267 4291 2539 4380 incidit,
2600 4296 2679 4363 ut
2715 4298 2868 4362 tum
2895 4289 3038 4381 Jam

796 4420 1150 4495 creditum
1197 4420 1324 4511 -sit,
1369 4428 1775 4496 extremum
1851 4420 2041 4493 diem
2099 4418 2535 4491 clausurum.
2593 4415 2859 4508 Itaque
2916 4411 3039 4483 Be·

798 4567 981 4650 ques
1039 4554 1112 4618 et
1185 4544 1506 4620 Micha‘el
1563 4545 1900 4642 Chaquy‚
1962 4554 2089 4618 aut
2129 4543 2557 4649 moriturum
2618 4548 2747 4612 aut
2788 4536 3038 4611 dubiae
