3293 5219
2420 334 2576 410 459

325 556 631 647 scendit,
687 554 761 629 in
819 552 1175 649 silvisque
1233 551 1357 625 diu
1413 552 1756 642 errandO,
1813 561 1886 626 et
1940 551 2224 650 praeda
2280 554 2575 625 omnino

327 684 531 759 nulla
567 687 811 779 capta,
852 677 926 752 in
965 674 1406 751 moestitiam
1454 675 1823 772 quandam
1862 683 1937 751 et
1976 676 2347 753 silentium
2386 701 2576 753 com·

325 817 645 885 mutatus
679 807 758 880 in
796 826 1043 880 arcem
1083 802 1445 902 pervenit,
1467 824 1558 877 ac
1577 803 2033 902 aliquantum
2070 804 2578 896 obambulans,

322 935 689 1033 quaedam
725 930 1162 1026 recognovit
1199 937 1274 1004 et
1312 929 1706 1026 quaesivit.
1735 930 2018 1005 Eadem
2056 937 2272 1006 nocte
2310 930 2570 1006 morbo

322 1061 558 1138 colico
616 1065 692 1134 et
730 1058 1006 1133 caduco
1047 1057 1266 1133 simul
1324 1065 1712 1156 correptus
1771 1065 1907 1151 est,
1966 1055 2411 1135 horrendum
2469 1065 2575 1133 at-

323 1209 466 1284 que
541 1184 1058 1276 miserandum,
1135 1189 1407 1279 quanto
1465 1182 1725 1259 dolore
1785 1191 1860 1259 et
1915 1185 2265 1277 cruciatu,
2338 1192 2421 1262 ut
2490 1205 2576 1259 os

327 1322 553 1410 atque
627 1313 892 1386 faciem
949 1310 1485 1406 distorqueret3
1551 1309 1664 1386 illi
1703 1318 1948 1387 tamen
2023 1307 2166 1388 duo
2239 1311 2579 1406 magistri

323 1461 601 1515 morum
641 1461 733 1513 ex
772 1438 996 1513 solita
1051 1436 1368 1512 scientia
1422 1438 1789 1514 neminem
1827 1437 2237 1520 admittere,
2320 1437 2576 1535 nequi·

323 1566 487 1641 dem
527 1565 1014 1655 consiliarios,
1055 1563 1429 1640 custodire
1467 1586 1722 1639 omnes
1759 1562 2022 1658 aditus,
2062 1572 2138 1641 et
2176 1565 2444 1657 dicere,
2483 1588 2576 1639 ex

319 1691 512 1790 pede
548 1692 915 1766 laborare.
956 1688 1243 1782 Quarto
1283 1696 1358 1765 et
1415 1690 2030 1788 quinquagesimo
2088 1691 2208 1766 die
2247 1713 2408 1767 cum
2447 1689 2576 1765 ali-

323 1818 753 1914 quantulum
770 1823 1153 1892 recreatus
1175 1823 1399 1908 esset,
1419 1817 1822 1914 prostratis
1845 1825 2091 1893 tamen
2112 1817 2449 1891 omnibus
2469 1816 2576 1889 vi-

323 1943 534 2017 ribus
559 1962 939 2034 egressae,
960 1939 1325 2037 quadriga
1345 1939 1620 2017 Albam
1638 1943 1693 2020 J
1695 1942 1920 2017 uliam
1939 1942 2162 2017 venit.
2184 1941 2303 2016 Ibi
2341 1940 2575 2039 primo

320 2078 544 2167 atque
583 2069 826 2144 altero
849 2068 969 2143 die
987 2067 1382 2144 videbatur
1403 2069 1668 2144 melius
1708 2069 2010 2162 habere,
2043 2075 2125 2144 ut
2163 2067 2388 2143 etiam
2425 2089 2578 2143 am-

314 2198 612 2272 bularet
645 2193 841 2269 intra
877 2194 1238 2291 parietes,
1278 2203 1353 2270 et
1390 2216 1567 2291 spes
1639 2195 1895 2292 aliqua
1933 2194 2224 2291 longior
2264 2214 2578 2293 appare·

316 2330 454 2399 ret.
493 2321 640 2396 Die
678 2329 923 2397 autem
960 2321 1186 2398 tertia
1224 2320 1446 2398 solita
1484 2322 1733 2397 omnia
1769 2322 2015 2396 munia
2051 2319 2449 2419 praestitit,
2491 2340 2576 2393 se

317 2449 571 2541 induit,
610 2447 818 2542 lavit,
859 2448 956 2522 ad
990 2450 1238 2524 focum
1277 2448 1401 2525 diu
1453 2472 1591 2547 pro
1630 2471 1836 2525 more
1886 2448 2113 2543 stetit,
2153 2444 2418 2523 deinde
2454 2465 2579 2520 as-

320 2574 533 2669 sedit,
592 2580 667 2649 et
724 2575 1099 2673 supplices
1138 2572 1439 2651 libellos
1498 2575 1707 2673 legit,
1771 2582 1848 2651 et
1901 2595 2268 2674 responsa
2333 2569 2577 2678 dedit3

319 2702 396 2775 in
420 2702 685 2799 quibus
725 2711 1149 2801 occupatus,
1171 2711 1478 2802 repente
1499 2704 1597 2778 ab
1616 2700 1882 2779 iisdem
1921 2701 2198 2776 morbis
2246 2699 2578 2789 invasus,

314 2836 389 2902 et
410 2828 912 2903 miserandum
932 2829 1008 2904 in
1026 2831 1324 2906 modum
1343 2837 1660 2906 vexatus
1683 2836 1841 2928 est3
1872 2833 2033 2928 Jam
2048 2830 2380 2925 lingvam
2420 2847 2576 2900 cor-

315 2961 616 3030 roserat
650 2963 901 3049 totam,
940 2957 1046 3031 ita
1081 2964 1164 3033 ut
1181 2955 1554 3054 loquelam
1592 2966 1670 3033 et
1707 2981 2005 3035 sensum
2048 2980 2186 3056 per
2223 2955 2382 3030 dies
2421 2976 2569 3029 am-

314 3080 512 3176 plius
550 3081 701 3155 XV
732 3103 880 3156 non
915 3082 1266 3178 haberet;
1309 3082 1500 3159 oculi
1540 3086 2005 3182 apparebant
2023 3083 2197 3175 vivi,
2236 3086 2567 3182 praeter-

316 3229 408 3281 ea
480 3206 712 3303 nihi13
753 3215 1128 3306 postremo
1185 3209 1370 3284 hora
1406 3217 1581 3307 post
1635 3210 1952 3285 mediam
2009 3217 2297 3286 noctem
2351 3204 2574 3281 tertia

316 3333 393 3405 in
466 3340 808 3429 quartam
885 3336 1238 3411 decimam
1306 3335 1499 3411 diem
1572 3335 1829 3410 Martii
1901 3336 2381 3412 illucescente
2437 3332 2565 3407 de-

324 3459 571 3534 cessit.
2543 3544 2555 3549 p

518 3584 666 3660 Hic
720 3586 889 3661 finis
925 3588 1064 3663 fuit
1100 3587 1357 3686 stirpis
1403 3586 1860 3683 Zapolidum.
1901 3584 2342 3663 Incredibile
2436 3593 2553 3661 est

315 3712 535 3805 dictu,
575 3735 765 3808 quae
818 3713 1056 3789 facies
1094 3715 1330 3808 regni,
1388 3713 1513 3813 qui
1570 3721 1814 3790 status
1869 3713 2028 3807 fuit,
2082 3712 2200 3788 his
2251 3713 2560 3801 duobus,

317 3841 555 3909 matre
627 3834 984 3932 primum,
1079 3846 1195 3914 est
1267 3846 1440 3936 post
1509 3838 1666 3912 filio
1706 3863 1725 3934 3
1819 3838 1950 3913 illa
2023 3839 2217 3913 omni
2291 3860 2567 3934 genere

313 3959 699 4035 libidinum
791 3960 1019 4038 vitam
1091 3964 1500 4059 transegit,
1593 3963 1824 4041 filium
1907 3964 2232 4062 pessime
2307 3962 2568 4038 educa-

311 4086 462 4180 vit3
538 4109 909 4183 nunquam
1005 4090 1196 4165 enim
1269 4090 1708 4189 persuaderi
1799 4091 2073 4187 potuit,
2168 4090 2288 4163 vel
2365 4088 2568 4183 adigi

312 4210 629 4286 omnium
668 4212 1007 4289 ordinum
1044 4237 1433 4309 consensu,
1492 4214 1891 4312 aliquando
1942 4214 2308 4290 intentata
2345 4213 2569 4289 etiam

318 4338 410 4430 vi,
445 4344 529 4413 ut
566 4337 796 4415 filium
835 4341 1169 4416 consiliis
1227 4342 1765 4435 assuefaceret,
1822 4347 1897 4415 et
1932 4340 2398 4439 prudentium
2433 4339 2563 4414 ho-

310 4464 581 4539 minum
618 4466 1053 4562 disciplinae
1101 4467 1480 4556 crederet3
1521 4468 1796 4545 nullam
1836 4467 2061 4542 aliam
2098 4467 2194 4542 ab
2236 4488 2562 4558 causam,

312 4612 530 4685 quam
569 4598 648 4665 ut
684 4590 1068 4689 imperium
1103 4595 1273 4693 ipsa
1309 4594 1455 4668 sibi
1484 4593 1880 4690 retineret;
1920 4593 2028 4669 ita
2042 4593 2235 4667 inter
2269 4613 2563 4690 pueros,
