3293 5219
2399 320 2559 397 465

296 529 745 606 valetudinis
764 533 1088 607 futurum
1108 530 1814 626 animadvertentes,
1837 543 2290 633 reputarunt,
2331 557 2556 633 quan·

279 664 431 733 tum
460 657 604 732 sibi
625 680 717 732 ex
755 664 990 733 morte
1026 640 1384 754 principis
1422 658 1612 732 lucri
1649 668 1914 757 posset
1973 664 2297 753 evenire,
2336 666 2412 734 et
2451 668 2555 736 te-

281 791 726 859 stamentum
743 783 951 858 facili
989 805 1307 858 assensu
1322 782 1679 893 principis
1702 786 1776 859 in
1799 786 2171 862 imbecillo
2215 808 2441 892 sensu
2480 809 2554 876 et

281 930 595 1006 corpore
634 910 1160 1004 formaverant;
1203 930 1494 1005 quoque
1517 911 1730 986 modo
1769 912 1867 986 ad
1907 911 2245 989 effectum
2284 912 2551 988 ducere

275 1043 608 1133 possent,
665 1033 1200 1127 excogitarunt.
1261 1032 1723 1110 Conventum
1794 1036 2123 1113 indicunt
2185 1036 2550 1135 quampri·

275 1183 487 1253 mum,
562 1158 882 1235 nondum
919 1157 1250 1255 principe
1292 1161 1479 1236 bene
1536 1182 1745 1254 san0,
1803 1170 1878 1236 et
1917 1163 2256 1241 omnibus
2295 1162 2547 1237 invitis

273 1285 349 1358 vi
379 1285 764 1383 perferunt
797 1286 1063 1382 legem,
1119 1292 1200 1359 ut
1254 1291 1776 1362 testamentum
1836 1288 1932 1362 ab
1971 1311 2153 1385 rege
2195 1288 2544 1387 scriptum

274 1418 516 1486 ratum
570 1411 689 1504 sit;
748 1410 1335 1509 repugnantibus
1372 1418 1618 1486 tamen
1658 1412 2017 1488 omnibns.
2057 1411 2302 1490 Unum
2342 1414 2544 1489 addi·

272 1532 411 1629 tur,
468 1558 562 1610 ne
638 1535 815 1632 quid
839 1536 1035 1632 Juris
1071 1535 1348 1632 publici
1403 1536 1750 1633 privatim
1792 1538 2544 1635 cuiquam-adscriba-

270 1668 411 1736 tur.
452 1657 794 1735 Secunda
868 1659 945 1735 in
1000 1658 1129 1733 illo
1170 1667 1535 1735 conventu
1588 1663 1712 1736 lex
1769 1671 1884 1738 est
1937 1663 2232 1762 perlata
2269 1687 2539 1763 magno

268 1785 587 1863 omnium
642 1807 975 1878 assensu,
1029 1792 1110 1858 ut
1164 1785 1565 1861 decedente
1604 1788 1962 1886 principe,
2000 1789 2258 1865 liberis
2315 1792 2531 1873 votis,

266 1912 426 1987 sine
461 1911 785 1987 factione
822 1931 1212 1986 successor
1249 1910 1674 2007 eligeretur.
1718 1914 1914 1988 Etin
1952 1914 2092 1989 has
2130 1917 2341 2012 leges
2377 1918 2530 1991 uni·

270 2041 470 2114 versi
522 2040 715 2115 inter
767 2063 851 2114 se
879 2040 1364 2136 Jurejurando
1421 2040 1639 2115 fidem
1696 2039 2073 2119 dederunt.
2116 2043 2236 2117 Ex
2276 2044 2534 2119 eodem

268 2166 562 2241 comitio
621 2174 958 2242 oratores
1034 2166 1242 2241 missi
1300 2167 1597 2242 fuerunt
1653 2167 1750 2241 ad
1825 2166 2203 2261 Selimum‚
2258 2177 2338 2246 ut
2435 2169 2532 2245 de

269 2290 590 2368 creando
629 2313 820 2365 novo
858 2291 1211 2390 principe,
1252 2291 1318 2365 si
1359 2291 1751 2366 decederet
1786 2292 1840 2369 J
1845 2292 2197 2389 ohannes,
2242 2294 2369 2390 qui
2407 2291 2532 2369 du-

265 2417 433 2493 biae
472 2414 916 2493 valetudinis
938 2425 1612 2510 esset,consensum
1633 2438 1841 2492 suum
1859 2417 2263 2514 diplomate
2301 2389 2525 2495 testi·

267 2549 512 2638 retur;
551 2542 765 2641 isque
789 2541 1247 2642 amplissimo
1288 2540 1688 2640 diplomate
1724 2541 2086 2638 promisit,
2100 2551 2321 2641 atque
2360 2565 2527 2618 san-

264 2672 392 2745 xit.
431 2671 485 2748 J
489 2694 609 2745 am
643 2669 721 2745 in
776 2676 1220 2744 testamento
1256 2669 1585 2762 legatum
1642 2667 1781 2741 fuit
1827 2668 2250 2745 Turcarum
2307 2670 2530 2766 impe-

261 2795 500 2871 ratori
539 2793 861 2893 aliquid3
899 2817 1078 2893 pars
1115 2791 1472 2868 Poloniae
1513 2790 1699 2887 regi,
1758 2798 1833 2865 et
1869 2792 2114 2868 tribus
2172 2794 2526 2868 maternis

262 2920 682 2996 sororibus:
723 2921 939 2996 alteri
979 2943 1169 3017 quae
1206 2919 1281 2992 in
1351 2916 2018 3013 Brandenburgica
2052 2919 2358 3015 familia,
2413 2919 2520 2993 al·

262 3034 630 3145 teri'quae
669 3047 866 3145 apud
920 3069 1172 3142 regem
1230 3041 1562 3135 Sueciae,
1633 3042 1902 3119 tertiae
1965 3067 2157 3140 quae
2218 3045 2526 3141 innupta

262 3173 460 3270 apud
494 3194 751 3268 regem
785 3171 1144 3247 Poloniae
1167 3177 1348 3246 erat.
1389 3167 1602 3243 Haec
1639 3169 1884 3243 omnia
1915 3162 2113 3243 maxi
2142 3192 2262 3243 ma
2305 3177 2524 3244 crant

261 3299 396 3373 sed
472 3297 703 3375 multo
810 3301 1165 3394 majorem
1255 3303 1544 3395 partem
1618 3295 1764 3369 sibi
1837 3294 2364 3390 ascripserant.
2421 3293 2523 3380 Et

262 3445 490 3520 super
527 3447 619 3500 ea
656 3423 978 3500 Hnstum
1054 3447 1216 3498 cum
1256 3445 1394 3497 sua
1431 3421 1703 3495 ditione
1770 3419 1844 3492 in
1920 3418 2150 3492 XXX
2219 3439 2520 3492 numum

263 3571 563 3628 aureum
646 3549 941 3626 milibus
1002 3549 1148 3625 sibi
1237 3545 1783 3623 inscribendum
1858 3551 2080 3641 atque
2117 3541 2520 3620 attribuen-

264 3681 453 3773 dum,
529 3687 605 3754 et
660 3700 831 3754 sese
888 3674 1491 3753 testamentarios
1564 3671 1892 3746 adscribi
1963 3677 2244 3746 curant.
2303 3669 2516 3746 Haec

260 3828 441 3900 ergo
482 3812 647 3881 erat
683 3803 995 3879 materia
1027 3808 1250 3899 atque
1285 3821 1514 3874 causa
1534 3798 1852 3871 omnium
1891 3819 2079 3892 quae
2099 3802 2363 3892 postea
2400 3818 2513 3869 se-

260 3936 490 4027 quuta
527 3938 720 4005 sunt:
775 3938 855 4005 ut
911 3925 1198 4004 scilicet
1251 3947 1608 4001 summam
1644 3930 2112 4021 potestatem,
2171 3944 2333 3997 cum
2374 3944 2509 4019 spe

264 4056 488 4131 etiam
525 4055 860 4155 potiundi
896 4055 1129 4151 regni,
1191 4074 1363 4128 non.
1392 4050 1608 4127 modo
1665 4071 1903 4145 gazae
1965 4047 2246 4144 regiae,
2294 4070 2513 4144 quam

261 4182 580 4260 maximo
621 4182 864 4258 studio
923 4178 1421 4254 defenderent.
1477 4173 1595 4252 Ob
1653 4173 1793 4248 has
1835 4171 2055 4248 etiam
2094 4195 2363 4248 causas
2400 4194 2511 4245 re-

255 4332 477 4407 gnum
515 4309 591 4384 in
629 4307 814 4386 duas
835 4308 1205 4384 diductum
1226 4312 1342 4381 est
1376 4300 1968 4378 factiones=haec
2007 4299 2278 4396 quippe
2353 4295 2503 4371 sibi

258 4443 711 4534 potestatem
763 4434 1089 4511 retinere
1146 4429 1468 4519 volebat,
1509 4433 1582 4500 et
1656 4424 1986 4500 habebat
2060 4429 2508 4515 assertores,

261 4560 386 4658 qui
424 4561 886 4638 commodum
925 4556 1228 4656 aliquod
1266 4579 1358 4632 ex
1377 4549 1695 4652 pecunia
1715 4557 1789 4624 et
1826 4547 2043 4623 bonis
2082 4549 2313 4642 regiis
2352 4570 2510 4623 sec-

354 4709 562 4744 nomm.
596 4709 701 4743 BCX
707 4706 1316 4744 ...................
2085 4653 2189 4730 30
