<?xml version="1.0" encoding="UTF-8"?>
<!DOCTYPE html PUBLIC "-//W3C//DTD XHTML 1.0 Transitional//EN"
    "http://www.w3.org/TR/xhtml1/DTD/xhtml1-transitional.dtd">
<html xmlns="http://www.w3.org/1999/xhtml" xml:lang="en" lang="en">
 <head>
  <title>
</title>
<meta http-equiv="Content-Type" content="text/html;charset=utf-8" />
  <meta name='ocr-system' content='tesseract 3.04.00' />
  <meta name='ocr-capabilities' content='ocr_page ocr_carea ocr_par ocr_line ocrx_word'/>
</head>
<body>
  <div class='ocr_page' id='page_1' title='image "./magyarhistorija00bpgoog/magyarhistorija00bpgoog_0371.png"; bbox 0 0 3293 5219; ppageno 0'>
   <div class='ocr_carea' id='block_1_1' title="bbox 2396 310 2550 387">
    <p class='ocr_par' dir='ltr' id='par_1_1' title="bbox 2396 310 2550 387">
     <span class='ocr_line' id='line_1_1' title="bbox 2396 310 2550 387; baseline 0.006 -1"><span class='ocrx_word' id='word_1_1' title='bbox 2396 310 2550 387; x_wconf 74' lang='lat'>253</span> 
     </span>
    </p>
   </div>
   <div class='ocr_carea' id='block_1_2' title="bbox 236 518 2563 4652">
    <p class='ocr_par' dir='ltr' id='par_1_2' title="bbox 236 518 2563 4652">
     <span class='ocr_line' id='line_1_2' title="bbox 305 518 2550 620; baseline 0.002 -23"><span class='ocrx_word' id='word_1_2' title='bbox 305 522 638 620; x_wconf 77' lang='lat' dir='ltr'>episcopi</span> <span class='ocrx_word' id='word_1_3' title='bbox 713 518 1034 618; x_wconf 84' lang='lat' dir='ltr'>hospitio</span> <span class='ocrx_word' id='word_1_4' title='bbox 1099 520 1410 617; x_wconf 78' lang='lat' dir='ltr'><strong>excepit.</strong></span> <span class='ocrx_word' id='word_1_5' title='bbox 1485 519 1793 596; x_wconf 85' lang='lat' dir='ltr'>Bohemi</span> <span class='ocrx_word' id='word_1_6' title='bbox 1867 523 2059 598; x_wconf 86' lang='lat' dir='ltr'>ultra</span> <span class='ocrx_word' id='word_1_7' title='bbox 2132 525 2550 602; x_wconf 86' lang='lat' dir='ltr'><strong>Danubium</strong></span> 
     </span>
     <span class='ocr_line' id='line_1_3' title="bbox 306 646 2553 745; baseline 0.003 -25"><span class='ocrx_word' id='word_1_8' title='bbox 306 647 401 720; x_wconf 87' lang='lat' dir='ltr'>ad</span> <span class='ocrx_word' id='word_1_9' title='bbox 478 647 712 745; x_wconf 84' lang='lat' dir='ltr'>ripam</span> <span class='ocrx_word' id='word_1_10' title='bbox 793 646 1071 720; x_wconf 87' lang='lat' dir='ltr'>stativa</span> <span class='ocrx_word' id='word_1_11' title='bbox 1145 646 1287 720; x_wconf 88' lang='lat' dir='ltr'>sibi</span> <span class='ocrx_word' id='word_1_12' title='bbox 1363 647 1694 720; x_wconf 89' lang='lat' dir='ltr'>fecerunt</span> <span class='ocrx_word' id='word_1_13' title='bbox 1748 675 1762 719; x_wconf 91' lang='lat'>:</span> <span class='ocrx_word' id='word_1_14' title='bbox 1856 649 2143 745; x_wconf 75' lang='lat' dir='ltr'>pedites</span> <span class='ocrx_word' id='word_1_15' title='bbox 2215 653 2383 726; x_wconf 92' lang='lat' dir='ltr'>hinc</span> <span class='ocrx_word' id='word_1_16' title='bbox 2458 656 2553 728; x_wconf 89' lang='lat' dir='ltr'>ad</span> 
     </span>
     <span class='ocr_line' id='line_1_4' title="bbox 300 770 2552 872; baseline 0.003 -24"><span class='ocrx_word' id='word_1_17' title='bbox 300 772 682 870; x_wconf 89' lang='lat' dir='ltr'>pomoeria</span> <span class='ocrx_word' id='word_1_18' title='bbox 754 771 952 845; x_wconf 88' lang='lat' dir='ltr'>ferre</span> <span class='ocrx_word' id='word_1_19' title='bbox 1030 770 1371 845; x_wconf 88' lang='lat' dir='ltr'>civitatis.</span> <span class='ocrx_word' id='word_1_20' title='bbox 1488 770 1778 867; x_wconf 85' lang='lat' dir='ltr'>Ungari</span> <span class='ocrx_word' id='word_1_21' title='bbox 1818 795 1992 848; x_wconf 88' lang='lat' dir='ltr'>vero</span> <span class='ocrx_word' id='word_1_22' title='bbox 2053 777 2126 850; x_wconf 91' lang='lat' dir='ltr'>in</span> <span class='ocrx_word' id='word_1_23' title='bbox 2163 801 2346 872; x_wconf 88' lang='lat' dir='ltr'>agro</span> <span class='ocrx_word' id='word_1_24' title='bbox 2385 782 2552 854; x_wconf 91' lang='lat' dir='ltr'>sub-</span> 
     </span>
     <span class='ocr_line' id='line_1_5' title="bbox 299 898 2552 993; baseline 0.002 -18"><span class='ocrx_word' id='word_1_25' title='bbox 299 901 584 975; x_wconf 87' lang='lat' dir='ltr'>urbano</span> <span class='ocrx_word' id='word_1_26' title='bbox 647 898 1061 993; x_wconf 85' lang='lat' dir='ltr'>Ungariam</span> <span class='ocrx_word' id='word_1_27' title='bbox 1118 921 1381 974; x_wconf 87' lang='lat' dir='ltr'>versus</span> <span class='ocrx_word' id='word_1_28' title='bbox 1439 900 1514 972; x_wconf 92' lang='lat' dir='ltr'>in</span> <span class='ocrx_word' id='word_1_29' title='bbox 1571 900 1839 974; x_wconf 88' lang='lat' dir='ltr'>castris</span> <span class='ocrx_word' id='word_1_30' title='bbox 1882 915 2325 978; x_wconf 88' lang='lat' dir='ltr'>manserunt.</span> <span class='ocrx_word' id='word_1_31' title='bbox 2368 902 2552 981; x_wconf 87' lang='lat' dir='ltr'>Cae-</span> 
     </span>
     <span class='ocr_line' id='line_1_6' title="bbox 301 1023 2553 1124; baseline 0.001 -22"><span class='ocrx_word' id='word_1_32' title='bbox 301 1053 429 1104; x_wconf 89' lang='lat' dir='ltr'>sar</span> <span class='ocrx_word' id='word_1_33' title='bbox 523 1023 883 1124; x_wconf 78' lang='lat' dir='ltr'>postridie</span> <span class='ocrx_word' id='word_1_34' title='bbox 975 1024 1275 1120; x_wconf 89' lang='lat' dir='ltr'>navigio</span> <span class='ocrx_word' id='word_1_35' title='bbox 1372 1031 1627 1099; x_wconf 88' lang='lat' dir='ltr'>vectus</span> <span class='ocrx_word' id='word_1_36' title='bbox 1727 1026 2077 1123; x_wconf 87' lang='lat' dir='ltr'>Ungaros</span> <span class='ocrx_word' id='word_1_37' title='bbox 2188 1029 2553 1104; x_wconf 85' lang='lat' dir='ltr'>lustravit.</span> 
     </span>
     <span class='ocr_line' id='line_1_7' title="bbox 304 1149 2551 1248; baseline 0.001 -20"><span class='ocrx_word' id='word_1_38' title='bbox 304 1154 624 1229; x_wconf 84' lang='lat' dir='ltr'>Subibat</span> <span class='ocrx_word' id='word_1_39' title='bbox 697 1149 1170 1225; x_wconf 88' lang='lat' dir='ltr'>considerare</span> <span class='ocrx_word' id='word_1_40' title='bbox 1246 1159 1524 1226; x_wconf 88' lang='lat' dir='ltr'>tantum</span> <span class='ocrx_word' id='word_1_41' title='bbox 1603 1152 2066 1248; x_wconf 87' lang='lat' dir='ltr'>splendorem</span> <span class='ocrx_word' id='word_1_42' title='bbox 2145 1162 2551 1246; x_wconf 80' lang='lat' dir='ltr'>ornatuum,</span> 
     </span>
     <span class='ocr_line' id='line_1_8' title="bbox 302 1276 2550 1377; baseline -0 -22"><span class='ocrx_word' id='word_1_43' title='bbox 302 1289 586 1356; x_wconf 86' lang='lat' dir='ltr'>tantam</span> <span class='ocrx_word' id='word_1_44' title='bbox 643 1276 1174 1353; x_wconf 88' lang='lat' dir='ltr'>multitudinem</span> <span class='ocrx_word' id='word_1_45' title='bbox 1231 1277 1683 1352; x_wconf 88' lang='lat' dir='ltr'>intuentibus</span> <span class='ocrx_word' id='word_1_46' title='bbox 1741 1279 1815 1351; x_wconf 92' lang='lat' dir='ltr'>in</span> <span class='ocrx_word' id='word_1_47' title='bbox 1873 1281 2335 1375; x_wconf 87' lang='lat' dir='ltr'>majestatem</span> <span class='ocrx_word' id='word_1_48' title='bbox 2375 1306 2550 1377; x_wconf 88' lang='lat' dir='ltr'>gen-</span> 
     </span>
     <span class='ocr_line' id='line_1_9' title="bbox 303 1401 2554 1499; baseline 0 -20"><span class='ocrx_word' id='word_1_49' title='bbox 303 1407 403 1479; x_wconf 91' lang='lat' dir='ltr'>tis</span> <span class='ocrx_word' id='word_1_50' title='bbox 463 1407 688 1478; x_wconf 88' lang='lat' dir='ltr'>rebus</span> <span class='ocrx_word' id='word_1_51' title='bbox 763 1401 1115 1498; x_wconf 80' lang='lat' dir='ltr'>integris,</span> <span class='ocrx_word' id='word_1_52' title='bbox 1211 1404 1756 1499; x_wconf 86' lang='lat' dir='ltr'>comparatione</span> <span class='ocrx_word' id='word_1_53' title='bbox 1833 1405 2364 1493; x_wconf 86' lang='lat' dir='ltr'>moestissima,</span> <span class='ocrx_word' id='word_1_54' title='bbox 2458 1406 2554 1480; x_wconf 84' lang='lat' dir='ltr'>ad</span> 
     </span>
     <span class='ocr_line' id='line_1_10' title="bbox 303 1527 2549 1629; baseline 0 -24"><span class='ocrx_word' id='word_1_55' title='bbox 303 1550 667 1629; x_wconf 89' lang='lat' dir='ltr'>praesens</span> <span class='ocrx_word' id='word_1_56' title='bbox 744 1537 992 1602; x_wconf 88' lang='lat' dir='ltr'>tamen</span> <span class='ocrx_word' id='word_1_57' title='bbox 1066 1527 1413 1621; x_wconf 89' lang='lat' dir='ltr'>jucunda.</span> <span class='ocrx_word' id='word_1_58' title='bbox 1537 1529 1827 1602; x_wconf 89' lang='lat' dir='ltr'>Etenim</span> <span class='ocrx_word' id='word_1_59' title='bbox 1905 1552 2130 1626; x_wconf 88' lang='lat' dir='ltr'>supra</span> <span class='ocrx_word' id='word_1_60' title='bbox 2224 1532 2549 1628; x_wconf 88' lang='lat' dir='ltr'>octogin-</span> 
     </span>
     <span class='ocr_line' id='line_1_11' title="bbox 302 1654 2551 1751; baseline 0.001 -21"><span class='ocrx_word' id='word_1_61' title='bbox 302 1667 378 1730; x_wconf 87' lang='lat' dir='ltr'>ta</span> <span class='ocrx_word' id='word_1_62' title='bbox 440 1655 676 1729; x_wconf 89' lang='lat' dir='ltr'>millia</span> <span class='ocrx_word' id='word_1_63' title='bbox 735 1654 1174 1728; x_wconf 85' lang='lat' dir='ltr'>bellatorum</span> <span class='ocrx_word' id='word_1_64' title='bbox 1250 1655 1321 1727; x_wconf 90' lang='lat' dir='ltr'>in</span> <span class='ocrx_word' id='word_1_65' title='bbox 1380 1676 1638 1751; x_wconf 90' lang='lat' dir='ltr'>campo</span> <span class='ocrx_word' id='word_1_66' title='bbox 1706 1654 1967 1730; x_wconf 87' lang='lat' dir='ltr'>Rakos</span> <span class='ocrx_word' id='word_1_67' title='bbox 2044 1658 2313 1732; x_wconf 88' lang='lat' dir='ltr'>comitii</span> <span class='ocrx_word' id='word_1_68' title='bbox 2388 1658 2551 1733; x_wconf 91' lang='lat' dir='ltr'>loco</span> 
     </span>
     <span class='ocr_line' id='line_1_12' title="bbox 305 1780 2559 1881; baseline 0.001 -23"><span class='ocrx_word' id='word_1_69' title='bbox 305 1782 517 1858; x_wconf 92' lang='lat' dir='ltr'>multi</span> <span class='ocrx_word' id='word_1_70' title='bbox 579 1804 746 1856; x_wconf 90' lang='lat' dir='ltr'>sese</span> <span class='ocrx_word' id='word_1_71' title='bbox 823 1780 1103 1854; x_wconf 83' lang='lat' dir='ltr'>vidisse</span> <span class='ocrx_word' id='word_1_72' title='bbox 1181 1781 1709 1855; x_wconf 83' lang='lat' dir='ltr'>memorabant.</span> <span class='ocrx_word' id='word_1_73' title='bbox 1785 1781 2373 1881; x_wconf 85' lang='lat' dir='ltr'>Propositionem</span> <span class='ocrx_word' id='word_1_74' title='bbox 2429 1783 2559 1860; x_wconf 83' lang='lat' dir='ltr'>ha-</span> 
     </span>
     <span class='ocr_line' id='line_1_13' title="bbox 306 1906 2556 2007; baseline 0 -22"><span class='ocrx_word' id='word_1_75' title='bbox 306 1911 461 1985; x_wconf 87' lang='lat' dir='ltr'>buit</span> <span class='ocrx_word' id='word_1_76' title='bbox 515 1930 783 1983; x_wconf 88' lang='lat' dir='ltr'>caesar</span> <span class='ocrx_word' id='word_1_77' title='bbox 840 1906 1422 1981; x_wconf 87' lang='lat' dir='ltr'>Maximilianum</span> <span class='ocrx_word' id='word_1_78' title='bbox 1481 1907 1991 2003; x_wconf 86' lang='lat' dir='ltr'>inaugurandi,</span> <span class='ocrx_word' id='word_1_79' title='bbox 2051 1910 2186 1985; x_wconf 90' lang='lat' dir='ltr'>sed</span> <span class='ocrx_word' id='word_1_80' title='bbox 2251 1935 2556 2007; x_wconf 88' lang='lat' dir='ltr'>regnum</span> 
     </span>
     <span class='ocr_line' id='line_1_14' title="bbox 236 2033 2558 2132; baseline 0.001 -22"><span class='ocrx_word' id='word_1_81' title='bbox 236 2079 242 2084; x_wconf 91' lang='lat'>-</span> <span class='ocrx_word' id='word_1_82' title='bbox 306 2038 615 2112; x_wconf 88' lang='lat' dir='ltr'>internis</span> <span class='ocrx_word' id='word_1_83' title='bbox 694 2037 1173 2132; x_wconf 85' lang='lat' dir='ltr'>externisque</span> <span class='ocrx_word' id='word_1_84' title='bbox 1250 2033 1461 2109; x_wconf 91' lang='lat' dir='ltr'>malis</span> <span class='ocrx_word' id='word_1_85' title='bbox 1520 2057 1960 2111; x_wconf 89' lang='lat' dir='ltr'>concussum</span> <span class='ocrx_word' id='word_1_86' title='bbox 2040 2037 2339 2112; x_wconf 84' lang='lat' dir='ltr'>diversa</span> <span class='ocrx_word' id='word_1_87' title='bbox 2397 2061 2558 2113; x_wconf 80' lang='lat' dir='ltr'>sen-</span> 
     </span>
     <span class='ocr_line' id='line_1_15' title="bbox 305 2162 2558 2259; baseline 0.001 -23"><span class='ocrx_word' id='word_1_88' title='bbox 305 2164 570 2259; x_wconf 79' lang='lat' dir='ltr'>tiebat3</span> <span class='ocrx_word' id='word_1_89' title='bbox 645 2186 881 2259; x_wconf 91' lang='lat' dir='ltr'>neque</span> <span class='ocrx_word' id='word_1_90' title='bbox 960 2162 1276 2236; x_wconf 90' lang='lat' dir='ltr'>omnium</span> <span class='ocrx_word' id='word_1_91' title='bbox 1351 2169 1565 2237; x_wconf 86' lang='lat' dir='ltr'>erant</span> <span class='ocrx_word' id='word_1_92' title='bbox 1643 2163 2047 2239; x_wconf 82' lang='lat' dir='ltr'>concordes</span> <span class='ocrx_word' id='word_1_93' title='bbox 2125 2166 2558 2239; x_wconf 89' lang='lat' dir='ltr'>sententiae.</span> 
     </span>
     <span class='ocr_line' id='line_1_16' title="bbox 317 2287 2561 2378; baseline 0.002 -18"><span class='ocrx_word' id='word_1_94' title='bbox 317 2287 548 2378; x_wconf 87' lang='lat' dir='ltr'>Pars,</span> <span class='ocrx_word' id='word_1_95' title='bbox 606 2289 957 2362; x_wconf 75' lang='lat' dir='ltr'>universa</span> <span class='ocrx_word' id='word_1_96' title='bbox 1010 2289 1342 2362; x_wconf 90' lang='lat' dir='ltr'>nimirum</span> <span class='ocrx_word' id='word_1_97' title='bbox 1403 2288 1757 2362; x_wconf 87' lang='lat' dir='ltr'>nobilitas</span> <span class='ocrx_word' id='word_1_98' title='bbox 1835 2297 1908 2362; x_wconf 90' lang='lat' dir='ltr'>et</span> <span class='ocrx_word' id='word_1_99' title='bbox 1984 2289 2206 2363; x_wconf 90' lang='lat' dir='ltr'>ceteri</span> <span class='ocrx_word' id='word_1_100' title='bbox 2265 2289 2561 2364; x_wconf 87' lang='lat' dir='ltr'>ordines</span> 
     </span>
     <span class='ocr_line' id='line_1_17' title="bbox 309 2411 2559 2513; baseline 0.003 -28"><span class='ocrx_word' id='word_1_101' title='bbox 309 2413 643 2508; x_wconf 85' lang='lat' dir='ltr'>inprimis</span> <span class='ocrx_word' id='word_1_102' title='bbox 683 2413 1012 2488; x_wconf 85' lang='lat' dir='ltr'>remedia</span> <span class='ocrx_word' id='word_1_103' title='bbox 1051 2411 1514 2509; x_wconf 81' lang='lat' dir='ltr'>flagitabant,</span> <span class='ocrx_word' id='word_1_104' title='bbox 1583 2438 1767 2489; x_wconf 88' lang='lat' dir='ltr'>nunc</span> <span class='ocrx_word' id='word_1_105' title='bbox 1806 2438 1972 2489; x_wconf 91' lang='lat' dir='ltr'>esse</span> <span class='ocrx_word' id='word_1_106' title='bbox 2012 2424 2299 2513; x_wconf 90' lang='lat' dir='ltr'>tempus</span> <span class='ocrx_word' id='word_1_107' title='bbox 2341 2415 2559 2491; x_wconf 88' lang='lat' dir='ltr'>liber-</span> 
     </span>
     <span class='ocr_line' id='line_1_18' title="bbox 309 2538 2557 2632; baseline 0.001 -18"><span class='ocrx_word' id='word_1_108' title='bbox 309 2539 505 2632; x_wconf 87' lang='lat' dir='ltr'>tatis,</span> <span class='ocrx_word' id='word_1_109' title='bbox 566 2563 655 2614; x_wconf 88' lang='lat' dir='ltr'>ac</span> <span class='ocrx_word' id='word_1_110' title='bbox 711 2538 976 2614; x_wconf 87' lang='lat' dir='ltr'>salutis</span> <span class='ocrx_word' id='word_1_111' title='bbox 1035 2538 1512 2632; x_wconf 83' lang='lat' dir='ltr'>statuendae3</span> <span class='ocrx_word' id='word_1_112' title='bbox 1574 2539 1663 2614; x_wconf 90' lang='lat' dir='ltr'>de</span> <span class='ocrx_word' id='word_1_113' title='bbox 1724 2540 2016 2615; x_wconf 89' lang='lat' dir='ltr'>comitio</span> <span class='ocrx_word' id='word_1_114' title='bbox 2057 2541 2130 2617; x_wconf 88' lang='lat' dir='ltr'>in</span> <span class='ocrx_word' id='word_1_115' title='bbox 2190 2542 2557 2618; x_wconf 90' lang='lat' dir='ltr'>comitium</span> 
     </span>
     <span class='ocr_line' id='line_1_19' title="bbox 310 2664 2557 2762; baseline 0.002 -24"><span class='ocrx_word' id='word_1_116' title='bbox 310 2665 667 2741; x_wconf 89' lang='lat' dir='ltr'>hactenus</span> <span class='ocrx_word' id='word_1_117' title='bbox 724 2666 958 2739; x_wconf 88' lang='lat' dir='ltr'>verba</span> <span class='ocrx_word' id='word_1_118' title='bbox 998 2664 1214 2760; x_wconf 83' lang='lat' dir='ltr'>data3</span> <span class='ocrx_word' id='word_1_119' title='bbox 1275 2666 1565 2762; x_wconf 90' lang='lat' dir='ltr'>quando</span> <span class='ocrx_word' id='word_1_120' title='bbox 1626 2675 1870 2742; x_wconf 86' lang='lat' dir='ltr'>autem</span> <span class='ocrx_word' id='word_1_121' title='bbox 1909 2669 2124 2744; x_wconf 92' lang='lat' dir='ltr'>finem</span> <span class='ocrx_word' id='word_1_122' title='bbox 2183 2669 2557 2745; x_wconf 80' lang='lat' dir='ltr'>futurum?</span> 
     </span>
     <span class='ocr_line' id='line_1_20' title="bbox 314 2790 2563 2890; baseline 0 -23"><span class='ocrx_word' id='word_1_123' title='bbox 314 2793 480 2890; x_wconf 89' lang='lat' dir='ltr'>quin</span> <span class='ocrx_word' id='word_1_124' title='bbox 539 2814 780 2888; x_wconf 90' lang='lat' dir='ltr'>neque</span> <span class='ocrx_word' id='word_1_125' title='bbox 850 2790 989 2866; x_wconf 91' lang='lat' dir='ltr'>rite</span> <span class='ocrx_word' id='word_1_126' title='bbox 1066 2790 1495 2867; x_wconf 88' lang='lat' dir='ltr'>electionem</span> <span class='ocrx_word' id='word_1_127' title='bbox 1582 2802 1708 2867; x_wconf 92' lang='lat' dir='ltr'>aut</span> <span class='ocrx_word' id='word_1_128' title='bbox 1766 2794 2325 2870; x_wconf 84' lang='lat' dir='ltr'>coronationem</span> <span class='ocrx_word' id='word_1_129' title='bbox 2381 2792 2563 2885; x_wconf 87' lang='lat' dir='ltr'>fieri,</span> 
     </span>
     <span class='ocr_line' id='line_1_21' title="bbox 309 2917 2563 3019; baseline -0 -24"><span class='ocrx_word' id='word_1_130' title='bbox 309 2920 452 2995; x_wconf 90' lang='lat' dir='ltr'>nisi</span> <span class='ocrx_word' id='word_1_131' title='bbox 488 2919 696 3018; x_wconf 89' lang='lat' dir='ltr'>prius</span> <span class='ocrx_word' id='word_1_132' title='bbox 751 2917 1130 3016; x_wconf 87' lang='lat' dir='ltr'>palatinus</span> <span class='ocrx_word' id='word_1_133' title='bbox 1188 2926 1496 3008; x_wconf 87' lang='lat' dir='ltr'>creetur,</span> <span class='ocrx_word' id='word_1_134' title='bbox 1557 2921 1762 3015; x_wconf 90' lang='lat' dir='ltr'>cujus</span> <span class='ocrx_word' id='word_1_135' title='bbox 1817 2921 2220 3019; x_wconf 86' lang='lat' dir='ltr'>praecipua</span> <span class='ocrx_word' id='word_1_136' title='bbox 2276 2944 2418 2995; x_wconf 84' lang='lat' dir='ltr'>vox</span> <span class='ocrx_word' id='word_1_137' title='bbox 2475 2945 2563 2996; x_wconf 88' lang='lat' dir='ltr'>ac</span> 
     </span>
     <span class='ocr_line' id='line_1_22' title="bbox 312 3042 2560 3143; baseline -0.001 -21"><span class='ocrx_word' id='word_1_138' title='bbox 312 3046 634 3142; x_wconf 83' lang='lat' dir='ltr'>dignitas</span> <span class='ocrx_word' id='word_1_139' title='bbox 709 3043 784 3118; x_wconf 91' lang='lat' dir='ltr'>in</span> <span class='ocrx_word' id='word_1_140' title='bbox 859 3042 1202 3138; x_wconf 89' lang='lat' dir='ltr'>eligendo</span> <span class='ocrx_word' id='word_1_141' title='bbox 1278 3049 1521 3138; x_wconf 79' lang='lat' dir='ltr'>esset3</span> <span class='ocrx_word' id='word_1_142' title='bbox 1560 3067 1731 3119; x_wconf 90' lang='lat' dir='ltr'>nam</span> <span class='ocrx_word' id='word_1_143' title='bbox 1806 3067 2005 3119; x_wconf 92' lang='lat' dir='ltr'>more</span> <span class='ocrx_word' id='word_1_144' title='bbox 2068 3050 2457 3143; x_wconf 88' lang='lat' dir='ltr'>majorum,</span> <span class='ocrx_word' id='word_1_145' title='bbox 2496 3047 2560 3119; x_wconf 89' lang='lat' dir='ltr'>si</span> 
     </span>
     <span class='ocr_line' id='line_1_23' title="bbox 311 3168 2563 3272; baseline 0 -26"><span class='ocrx_word' id='word_1_146' title='bbox 311 3171 681 3272; x_wconf 86' lang='lat' dir='ltr'>palatinus</span> <span class='ocrx_word' id='word_1_147' title='bbox 756 3168 1246 3261; x_wconf 90' lang='lat' dir='ltr'>decessisset,</span> <span class='ocrx_word' id='word_1_148' title='bbox 1359 3168 1433 3242; x_wconf 89' lang='lat' dir='ltr'>in</span> <span class='ocrx_word' id='word_1_149' title='bbox 1509 3178 1869 3246; x_wconf 86' lang='lat' dir='ltr'>conventu</span> <span class='ocrx_word' id='word_1_150' title='bbox 1942 3170 2278 3267; x_wconf 88' lang='lat' dir='ltr'>generali</span> <span class='ocrx_word' id='word_1_151' title='bbox 2373 3172 2563 3246; x_wconf 90' lang='lat' dir='ltr'>alius</span> 
     </span>
     <span class='ocr_line' id='line_1_24' title="bbox 310 3294 2561 3393; baseline -0 -20"><span class='ocrx_word' id='word_1_152' title='bbox 310 3298 766 3393; x_wconf 73' lang='lat' dir='ltr'>eligebatur-3</span> <span class='ocrx_word' id='word_1_153' title='bbox 901 3318 1138 3391; x_wconf 87' lang='lat' dir='ltr'>neque</span> <span class='ocrx_word' id='word_1_154' title='bbox 1235 3294 1394 3369; x_wconf 89' lang='lat' dir='ltr'>sinc</span> <span class='ocrx_word' id='word_1_155' title='bbox 1467 3296 1799 3393; x_wconf 86' lang='lat' dir='ltr'>palatino</span> <span class='ocrx_word' id='word_1_156' title='bbox 1887 3298 2042 3371; x_wconf 91' lang='lat' dir='ltr'>ulla</span> <span class='ocrx_word' id='word_1_157' title='bbox 2116 3295 2379 3372; x_wconf 89' lang='lat' dir='ltr'>electio</span> <span class='ocrx_word' id='word_1_158' title='bbox 2421 3298 2561 3373; x_wconf 92' lang='lat' dir='ltr'>rite</span> 
     </span>
     <span class='ocr_line' id='line_1_25' title="bbox 311 3422 2563 3520; baseline -0 -23"><span class='ocrx_word' id='word_1_159' title='bbox 311 3431 427 3497; x_wconf 79' lang='lat' dir='ltr'>est</span> <span class='ocrx_word' id='word_1_160' title='bbox 517 3429 862 3520; x_wconf 81' lang='lat' dir='ltr'>peracta3</span> <span class='ocrx_word' id='word_1_161' title='bbox 959 3443 1229 3518; x_wconf 92' lang='lat' dir='ltr'>cupere</span> <span class='ocrx_word' id='word_1_162' title='bbox 1320 3445 1501 3517; x_wconf 81' lang='lat' dir='ltr'>ergo</span> <span class='ocrx_word' id='word_1_163' title='bbox 1577 3445 1658 3496; x_wconf 90' lang='lat' dir='ltr'>se</span> <span class='ocrx_word' id='word_1_164' title='bbox 1753 3422 2118 3497; x_wconf 87' lang='lat' dir='ltr'>comitium</span> <span class='ocrx_word' id='word_1_165' title='bbox 2193 3446 2286 3496; x_wconf 84' lang='lat' dir='ltr'>ex</span> <span class='ocrx_word' id='word_1_166' title='bbox 2358 3422 2563 3497; x_wconf 88' lang='lat' dir='ltr'>insti-</span> 
     </span>
     <span class='ocr_line' id='line_1_26' title="bbox 309 3546 2561 3644; baseline -0.002 -20"><span class='ocrx_word' id='word_1_167' title='bbox 309 3555 465 3624; x_wconf 90' lang='lat' dir='ltr'>tuto</span> <span class='ocrx_word' id='word_1_168' title='bbox 523 3550 883 3644; x_wconf 89' lang='lat' dir='ltr'>maj0rum</span> <span class='ocrx_word' id='word_1_169' title='bbox 940 3546 1147 3644; x_wconf 87' lang='lat' dir='ltr'>prius</span> <span class='ocrx_word' id='word_1_170' title='bbox 1202 3548 1507 3644; x_wconf 85' lang='lat' dir='ltr'>peragi,</span> <span class='ocrx_word' id='word_1_171' title='bbox 1546 3546 1954 3644; x_wconf 88' lang='lat' dir='ltr'>palatinum</span> <span class='ocrx_word' id='word_1_172' title='bbox 1991 3548 2373 3640; x_wconf 88' lang='lat' dir='ltr'>nominari,</span> <span class='ocrx_word' id='word_1_173' title='bbox 2413 3556 2561 3623; x_wconf 90' lang='lat' dir='ltr'>tum</span> 
     </span>
     <span class='ocr_line' id='line_1_27' title="bbox 307 3671 2561 3770; baseline -0.001 -22"><span class='ocrx_word' id='word_1_174' title='bbox 307 3697 602 3770; x_wconf 90' lang='lat' dir='ltr'>regem,</span> <span class='ocrx_word' id='word_1_175' title='bbox 678 3673 802 3768; x_wconf 88' lang='lat' dir='ltr'>qui</span> <span class='ocrx_word' id='word_1_176' title='bbox 873 3671 1217 3767; x_wconf 89' lang='lat' dir='ltr'>publicae</span> <span class='ocrx_word' id='word_1_177' title='bbox 1296 3671 1683 3761; x_wconf 87' lang='lat' dir='ltr'>libertatis,</span> <span class='ocrx_word' id='word_1_178' title='bbox 1732 3673 2092 3768; x_wconf 86' lang='lat' dir='ltr'>justitiae,</span> <span class='ocrx_word' id='word_1_179' title='bbox 2150 3673 2561 3770; x_wconf 87' lang='lat' dir='ltr'>salutisque</span> 
     </span>
     <span class='ocr_line' id='line_1_28' title="bbox 306 3795 2560 3894; baseline -0 -20"><span class='ocrx_word' id='word_1_180' title='bbox 306 3806 504 3874; x_wconf 88' lang='lat' dir='ltr'>tutor</span> <span class='ocrx_word' id='word_1_181' title='bbox 580 3797 697 3888; x_wconf 87' lang='lat' dir='ltr'>sit,</span> <span class='ocrx_word' id='word_1_182' title='bbox 759 3797 939 3892; x_wconf 88' lang='lat' dir='ltr'>eligi</span> <span class='ocrx_word' id='word_1_183' title='bbox 996 3795 1306 3891; x_wconf 82' lang='lat' dir='ltr'>debere3</span> <span class='ocrx_word' id='word_1_184' title='bbox 1421 3797 1738 3894; x_wconf 88' lang='lat' dir='ltr'>denique</span> <span class='ocrx_word' id='word_1_185' title='bbox 1807 3800 2319 3894; x_wconf 85' lang='lat' dir='ltr'>jusjurandum</span> <span class='ocrx_word' id='word_1_186' title='bbox 2396 3823 2560 3873; x_wconf 88' lang='lat' dir='ltr'>cae—</span> 
     </span>
     <span class='ocr_line' id='line_1_29' title="bbox 310 3923 2557 4020; baseline 0 -21"><span class='ocrx_word' id='word_1_187' title='bbox 310 3925 460 4001; x_wconf 90' lang='lat' dir='ltr'>sari</span> <span class='ocrx_word' id='word_1_188' title='bbox 541 3924 911 4020; x_wconf 89' lang='lat' dir='ltr'>objicere,</span> <span class='ocrx_word' id='word_1_189' title='bbox 1004 3945 1147 4019; x_wconf 92' lang='lat' dir='ltr'>quo</span> <span class='ocrx_word' id='word_1_190' title='bbox 1223 3923 1385 4020; x_wconf 85' lang='lat' dir='ltr'>ipse</span> <span class='ocrx_word' id='word_1_191' title='bbox 1458 3945 1693 4018; x_wconf 91' lang='lat' dir='ltr'>regno</span> <span class='ocrx_word' id='word_1_192' title='bbox 1776 3926 2218 4000; x_wconf 89' lang='lat' dir='ltr'>constrictus</span> <span class='ocrx_word' id='word_1_193' title='bbox 2273 3925 2557 4000; x_wconf 77' lang='lat' dir='ltr'>suisset</span> 
     </span>
     <span class='ocr_line' id='line_1_30' title="bbox 305 4047 2561 4146; baseline 0 -22"><span class='ocrx_word' id='word_1_194' title='bbox 305 4047 644 4126; x_wconf 88' lang='lat' dir='ltr'>Praelati</span> <span class='ocrx_word' id='word_1_195' title='bbox 680 4073 769 4124; x_wconf 89' lang='lat' dir='ltr'>ac</span> <span class='ocrx_word' id='word_1_196' title='bbox 807 4049 1149 4141; x_wconf 88' lang='lat' dir='ltr'>barones,</span> <span class='ocrx_word' id='word_1_197' title='bbox 1211 4048 1542 4146; x_wconf 81' lang='lat' dir='ltr'>exceptis</span> <span class='ocrx_word' id='word_1_198' title='bbox 1579 4055 1826 4124; x_wconf 89' lang='lat' dir='ltr'>tamen</span> <span class='ocrx_word' id='word_1_199' title='bbox 1877 4050 2266 4146; x_wconf 87' lang='lat' dir='ltr'>aliquibus,</span> <span class='ocrx_word' id='word_1_200' title='bbox 2308 4074 2561 4127; x_wconf 87' lang='lat' dir='ltr'>caesa-</span> 
     </span>
     <span class='ocr_line' id='line_1_31' title="bbox 306 4175 2560 4275; baseline -0.001 -23"><span class='ocrx_word' id='word_1_201' title='bbox 306 4177 408 4270; x_wconf 72' lang='lat' dir='ltr'>ri,</span> <span class='ocrx_word' id='word_1_202' title='bbox 443 4202 538 4252; x_wconf 83' lang='lat' dir='ltr'>ac</span> <span class='ocrx_word' id='word_1_203' title='bbox 577 4176 1003 4250; x_wconf 86' lang='lat' dir='ltr'>necessitati</span> <span class='ocrx_word' id='word_1_204' title='bbox 1044 4175 1235 4271; x_wconf 90' lang='lat' dir='ltr'>quod</span> <span class='ocrx_word' id='word_1_205' title='bbox 1276 4175 1496 4251; x_wconf 86' lang='lat' dir='ltr'>aliter</span> <span class='ocrx_word' id='word_1_206' title='bbox 1552 4176 1713 4250; x_wconf 89' lang='lat' dir='ltr'>fieri</span> <span class='ocrx_word' id='word_1_207' title='bbox 1752 4198 1896 4251; x_wconf 91' lang='lat' dir='ltr'>non</span> <span class='ocrx_word' id='word_1_208' title='bbox 1934 4200 2159 4275; x_wconf 90' lang='lat' dir='ltr'>posse</span> <span class='ocrx_word' id='word_1_209' title='bbox 2198 4178 2560 4274; x_wconf 85' lang='lat' dir='ltr'>iutellige-</span> 
     </span>
     <span class='ocr_line' id='line_1_32' title="bbox 307 4281 2560 4399; baseline 0 -23"><span class='ocrx_word' id='word_1_210' title='bbox 307 4304 513 4394; x_wconf 88' lang='lat' dir='ltr'>bant,</span> <span class='ocrx_word' id='word_1_211' title='bbox 590 4303 976 4399; x_wconf 81' lang='lat' dir='ltr'>parebant,</span> <span class='ocrx_word' id='word_1_212' title='bbox 1056 4324 1142 4373; x_wconf 88' lang='lat' dir='ltr'>ac</span> <span class='ocrx_word' id='word_1_213' title='bbox 1213 4281 1823 4398; x_wconf 87' lang='lat' dir='ltr'>praemittendam</span> <span class='ocrx_word' id='word_1_214' title='bbox 1903 4302 2560 4398; x_wconf 87' lang='lat' dir='ltr'>inaugurationem,</span> 
     </span>
     <span class='ocr_line' id='line_1_33' title="bbox 306 4426 2556 4525; baseline 0.001 -24"><span class='ocrx_word' id='word_1_215' title='bbox 306 4438 572 4525; x_wconf 89' lang='lat' dir='ltr'>postea</span> <span class='ocrx_word' id='word_1_216' title='bbox 606 4426 907 4525; x_wconf 88' lang='lat' dir='ltr'>publica</span> <span class='ocrx_word' id='word_1_217' title='bbox 943 4427 1247 4521; x_wconf 89' lang='lat' dir='ltr'>negotia</span> <span class='ocrx_word' id='word_1_218' title='bbox 1285 4429 1678 4503; x_wconf 84' lang='lat' dir='ltr'>tractanda</span> <span class='ocrx_word' id='word_1_219' title='bbox 1738 4433 2176 4522; x_wconf 72' lang='lat' dir='ltr'>censebant,</span> <span class='ocrx_word' id='word_1_220' title='bbox 2218 4430 2326 4504; x_wconf 87' lang='lat' dir='ltr'>ita</span> <span class='ocrx_word' id='word_1_221' title='bbox 2354 4430 2556 4524; x_wconf 87' lang='lat' dir='ltr'>jura·</span> 
     </span>
     <span class='ocr_line' id='line_1_34' title="bbox 306 4552 2559 4652; baseline 0.001 -26"><span class='ocrx_word' id='word_1_222' title='bbox 306 4553 552 4646; x_wconf 87' lang='lat' dir='ltr'>menti,</span> <span class='ocrx_word' id='word_1_223' title='bbox 611 4561 685 4627; x_wconf 90' lang='lat' dir='ltr'>et</span> <span class='ocrx_word' id='word_1_224' title='bbox 740 4553 974 4632; x_wconf 65' lang='lat' dir='ltr'>officii,</span> <span class='ocrx_word' id='word_1_225' title='bbox 1018 4554 1208 4646; x_wconf 84' lang='lat' dir='ltr'>regii</span> <span class='ocrx_word' id='word_1_226' title='bbox 1268 4552 1702 4629; x_wconf 86' lang='lat' dir='ltr'>validiorem</span> <span class='ocrx_word' id='word_1_227' title='bbox 1759 4557 1918 4630; x_wconf 89' lang='lat' dir='ltr'>fore</span> <span class='ocrx_word' id='word_1_228' title='bbox 1970 4554 2559 4652; x_wconf 85' lang='lat' dir='ltr'>admonitionem;</span> 
     </span>
    </p>
   </div>
  </div>
 </body>
</html>
