3293 5219
2364 287 2512 363 151

266 504 382 598 lis,
420 504 550 602 qui
583 527 733 579 una
768 504 846 577 in
883 503 1266 580 obsidione
1319 506 1632 599 fuerant,
1693 506 2004 582 relatum
2043 513 2225 598 erat,
2264 505 2513 581 Dobo-

256 654 423 706 nem
463 630 1007 709 conditionibus
1048 655 1190 708 non
1259 631 1591 726 stetisse,
1632 631 1827 731 quod
1862 631 2147 729 aliquot
2184 630 2516 707 mosche-

258 764 402 851 tas,
461 765 541 833 et
595 759 933 856 sclopeta
1024 761 1169 857 maj
1185 781 1358 852 ora,
1416 781 1603 856 quas
1661 759 2019 834 barbatas
2073 764 2362 851 vocant,
2437 757 2516 833 in

260 907 527 961 currus
566 884 1063 984 imposuisset.
1107 884 1560 961 Praesertim
1600 892 1846 961 tamen
1881 908 2100 962 unum
2137 891 2516 984 suspecta-

259 1014 506 1104 batur,
581 1035 674 1087 ne
745 1012 813 1087 si
884 1011 1146 1107 abiret,
1202 1011 1427 1090 Husti
1481 1018 1707 1109 atque
1761 1011 2124 1089 Varadini
2197 1010 2518 1087 obsidio-

259 1162 430 1218 nem
470 1138 955 1238 impediturus
993 1147 1216 1217 esset.
1275 1139 1727 1216 Franciscus
1781 1140 2060 1239 Kendy
2095 1140 2174 1215 in
2211 1138 2514 1216 admini-

260 1265 630 1342 stratione
684 1266 899 1364 regni
937 1266 1232 1363 collega
1264 1266 1566 1341 Doboni
1600 1265 1761 1358 fuit,
1828 1265 1963 1343 sed
1999 1292 2046 1342 a
2081 1266 2318 1366 primo
2357 1274 2508 1343 sta-

259 1394 393 1469 tim
450 1391 704 1469 limine
776 1393 992 1468 ambo
1067 1394 1144 1469 in
1218 1393 1528 1469 dissidia
1580 1393 1915 1493 profecti.
1983 1391 2361 1492 Siquidem
2422 1416 2517 1469 ex

261 1520 631 1597 communi
668 1518 929 1614 officio,
969 1521 1376 1598 communia
1413 1520 1634 1597 etiam
1671 1520 2047 1597 habebant
2083 1519 2518 1597 emolumen-

258 1657 359 1741 ta,
400 1671 599 1746 quae
635 1647 903 1746 partim
957 1671 1051 1724 ex
1095 1648 1420 1745 judiciis,
1473 1648 1747 1748 partim
1804 1671 1896 1724 ex
1951 1647 2333 1745 multiplici
2390 1669 2515 1745 ge·

256 1797 443 1851 uere
485 1772 814 1872 quotidie
850 1776 1412 1873 proveniebant,
1452 1800 1601 1874 qua
1657 1775 1748 1850 de
1787 1797 2018 1851 causa
2071 1771 2289 1851 alteri
2328 1773 2509 1849 alte·

261 1925 390 1979 ros
430 1902 1009 1999 suspectabant3
1069 1926 1297 2003 saepe
1336 1903 1557 1979 etiam
1574 1904 1823 1997 fiebat,
1878 1911 1959 1981 ut
1995 1925 2168 1980 sese
2202 1902 2517 1979 insecta-

261 2037 545 2123 rentur,
584 2036 660 2105 et
720 2037 1099 2128 postremo
1174 2054 1268 2110 ex
1305 2030 1520 2107 unius
1543 2031 1714 2130 equi
1751 2029 1969 2129 nigri,
2011 2051 2227 2129 quem
2266 2051 2517 2105 eorum

260 2164 580 2255 uterque
615 2157 896 2234 habere
949 2158 1269 2252 volebat,
1307 2157 1720 2253 occasione,
1759 2178 2177 2255 quanquam
2216 2177 2516 2231 conver-

263 2283 374 2358 sio
423 2285 589 2380 jam
678 2284 1254 2361 transsilvanica
1311 2292 1710 2378 constaret,
1784 2283 2094 2360 detectis
2131 2280 2515 2359 simultati-

262 2411 426 2502 bus,
466 2431 658 2507 quas
712 2408 1071 2503 aluerant,
1124 2411 1200 2486 in
1238 2417 1544 2509 apertas
1598 2408 2021 2486 inimicitias
2076 2415 2511 2511 eruperunt:

263 2546 345 2614 ut
379 2559 533 2613 non
567 2535 916 2614 indecoro
953 2545 1352 2616 scommate
1373 2536 1596 2636 vulgo
1633 2543 2035 2631 notaretur,
2074 2536 2249 2612 albo
2291 2536 2515 2632 majo·

264 2689 387 2743 res
444 2673 744 2741 nostros
765 2665 1174 2763 quaesisse,
1212 2667 1425 2764 nigro
1482 2690 1673 2763 equo
1746 2664 2137 2742 modernos
2211 2685 2518 2761 regnum

266 2792 710 2892 perdidisse.
826 2788 1140 2869 Gabriel
1212 2817 1392 2869 vero
1466 2792 1762 2892 Pereny
1816 2791 2178 2867 maximas
2285 2789 2517 2866 inimi-

268 2921 486 2997 citias
525 2942 687 2996 cum
707 2944 796 2997 eo
817 2920 1168 3018 gerebat;
1207 2944 1518 3020 namque
1535 2920 1881 3020 oppidum
1920 2916 2517 3017 Sarospatacum,

273 3046 468 3147 quod
562 3044 833 3123 Petrus
960 3070 1164 3123 muro
1295 3047 1631 3147 lapide0,
1740 3042 2320 3149 propugnaculis
2431 3055 2521 3121 ac

272 3173 635 3250 aedificiis
687 3174 1104 3271 insignibus
1125 3181 1900 3273 construxeran-atque
1920 3180 2336 3266 ornaverat,
2372 3196 2519 3249 ma-

275 3299 640 3375 ximarum
736 3299 1500 3399 amplissimarumque
1557 3299 1909 3376 ditionum
1960 3322 2050 3375 ac
2139 3298 2520 3393 redituum,

273 3426 493 3503 Dobo
529 3424 639 3501 ita
691 3421 822 3501 lite
894 3425 1319 3525 impetebat,
1355 3437 1437 3504 ut
1489 3449 1571 3502 se
1626 3428 2086 3503 obtenturum
2142 3434 2520 3526 speraret:

276 3551 606 3628 vicissim
693 3551 821 3628 ille
881 3553 1117 3629 dicam
1191 3554 1490 3630 Doboni
1524 3553 1939 3652 scripserat
1990 3553 2235 3645 talem,
2290 3559 2372 3628 ut
2426 3552 2518 3627 de

280 3679 523 3779 capite
561 3685 637 3754 et
672 3679 887 3755 bonis
943 3678 1460 3757 decertandum
1501 3680 1646 3756 sibi
1684 3686 1904 3755 esset.
1943 3680 2061 3755 Ita
2095 3676 2520 3755 retrahendi

282 3830 374 3883 ex
484 3805 747 3882 itinere
855 3806 1229 3904 negotium
1338 3805 1637 3906 Pereny
1731 3829 1893 3882 cum
2002 3803 2189 3899 suis,
2303 3813 2378 3881 et
2415 3828 2508 3883 ex

281 3930 584 4008 Polonis
658 3932 1039 4031 plerisque
1096 3932 1425 4033 suscipit.
1500 3932 1719 4026 Quod
1773 3933 1991 4009 Dobo
2054 3955 2215 4007 cum
2252 3932 2522 4008 rescis-

279 4068 429 4151 set,
488 4059 851 4136 dubitavit
926 4061 1099 4159 quid
1169 4063 1473 4139 faceret.
1531 4060 1770 4135 Erant
1842 4059 1964 4157 qui
2019 4060 2507 4150 consulerent,

281 4209 587 4264 uxorem
696 4195 771 4263 et
844 4188 1197 4264 familiam
1307 4211 1440 4286 per
1522 4195 1737 4262 notos
1811 4186 2164 4284 quosdam
2272 4184 2517 4262 trami-

274 4322 390 4389 tes
467 4312 906 4411 dimitteret3
959 4314 1124 4413 ipse
1195 4337 1371 4391 vero
1427 4337 1565 4414 pro
1622 4310 1886 4409 salute,
1943 4336 2103 4390 cum
2140 4312 2295 4389 suis
2333 4334 2518 4411 quos

273 4442 588 4517 haberet
624 4440 1049 4532 dimicaret3
1088 4442 1472 4520 victoriam
1491 4464 1663 4519 esse
1700 4463 2169 4533 communem,
2210 4439 2340 4517 sed
2370 4440 2517 4516 for-

271 4570 583 4651 titudine
619 4578 867 4648 tamen
905 4579 981 4649 et
1034 4571 1302 4652 virtute
1376 4571 1683 4652 militum
1739 4570 2024 4650 etiamsi
2064 4568 2516 4673 pauciorum,
