<?xml version="1.0" encoding="UTF-8"?>
<!DOCTYPE html PUBLIC "-//W3C//DTD XHTML 1.0 Transitional//EN"
    "http://www.w3.org/TR/xhtml1/DTD/xhtml1-transitional.dtd">
<html xmlns="http://www.w3.org/1999/xhtml" xml:lang="en" lang="en">
 <head>
  <title>
</title>
<meta http-equiv="Content-Type" content="text/html;charset=utf-8" />
  <meta name='ocr-system' content='tesseract 3.04.00' />
  <meta name='ocr-capabilities' content='ocr_page ocr_carea ocr_par ocr_line ocrx_word'/>
</head>
<body>
  <div class='ocr_page' id='page_1' title='image "./magyarhistorija00bpgoog/magyarhistorija00bpgoog_0638.png"; bbox 0 0 3293 5219; ppageno 0'>
   <div class='ocr_carea' id='block_1_1' title="bbox 787 308 942 384">
    <p class='ocr_par' dir='ltr' id='par_1_1' title="bbox 787 308 942 384">
     <span class='ocr_line' id='line_1_1' title="bbox 787 308 942 384; baseline 0 0"><span class='ocrx_word' id='word_1_1' title='bbox 787 308 942 384; x_wconf 79' lang='lat'>518</span> 
     </span>
    </p>
   </div>
   <div class='ocr_carea' id='block_1_2' title="bbox 779 518 3049 4676">
    <p class='ocr_par' dir='ltr' id='par_1_2' title="bbox 779 518 3046 1892">
     <span class='ocr_line' id='line_1_2' title="bbox 784 518 3037 623; baseline -0.005 -22"><span class='ocrx_word' id='word_1_2' title='bbox 784 536 1076 623; x_wconf 72' lang='lat' dir='ltr'>sumptu</span> <span class='ocrx_word' id='word_1_3' title='bbox 1116 523 1557 613; x_wconf 76' lang='lat' dir='ltr'>confecerat,</span> <span class='ocrx_word' id='word_1_4' title='bbox 1581 529 1662 595; x_wconf 87' lang='lat' dir='ltr'>ut</span> <span class='ocrx_word' id='word_1_5' title='bbox 1682 528 2005 596; x_wconf 86' lang='lat' dir='ltr'>rotarum</span> <span class='ocrx_word' id='word_1_6' title='bbox 2048 543 2336 618; x_wconf 91' lang='lat' dir='ltr'>quoque</span> <span class='ocrx_word' id='word_1_7' title='bbox 2378 518 3037 603; x_wconf 68' lang='lat' dir='ltr'>circumferentiae,</span> 
     </span>
     <span class='ocr_line' id='line_1_3' title="bbox 780 647 3038 749; baseline -0 -28"><span class='ocrx_word' id='word_1_8' title='bbox 780 659 854 725; x_wconf 92' lang='lat' dir='ltr'>et</span> <span class='ocrx_word' id='word_1_9' title='bbox 914 675 1060 749; x_wconf 88' lang='lat' dir='ltr'>qua</span> <span class='ocrx_word' id='word_1_10' title='bbox 1097 650 1386 749; x_wconf 81' lang='lat' dir='ltr'>uspiam</span> <span class='ocrx_word' id='word_1_11' title='bbox 1437 651 1617 725; x_wconf 87' lang='lat' dir='ltr'>ferri</span> <span class='ocrx_word' id='word_1_12' title='bbox 1656 673 1833 724; x_wconf 91' lang='lat' dir='ltr'>usus</span> <span class='ocrx_word' id='word_1_13' title='bbox 1874 649 2031 741; x_wconf 88' lang='lat' dir='ltr'>fuit,</span> <span class='ocrx_word' id='word_1_14' title='bbox 2074 648 2451 744; x_wconf 81' lang='lat' dir='ltr'>argenteis</span> <span class='ocrx_word' id='word_1_15' title='bbox 2489 647 2785 721; x_wconf 89' lang='lat' dir='ltr'>laminis</span> <span class='ocrx_word' id='word_1_16' title='bbox 2826 670 3038 721; x_wconf 87' lang='lat' dir='ltr'>aura·</span> 
     </span>
     <span class='ocr_line' id='line_1_4' title="bbox 780 775 3039 876; baseline -0.004 -23"><span class='ocrx_word' id='word_1_17' title='bbox 780 779 1027 876; x_wconf 90' lang='lat' dir='ltr'>tisque</span> <span class='ocrx_word' id='word_1_18' title='bbox 1067 787 1532 871; x_wconf 72' lang='lat' dir='ltr'>exornasset,</span> <span class='ocrx_word' id='word_1_19' title='bbox 1575 777 1768 874; x_wconf 92' lang='lat' dir='ltr'>quod</span> <span class='ocrx_word' id='word_1_20' title='bbox 1809 777 2008 852; x_wconf 84' lang='lat' dir='ltr'>exuli</span> <span class='ocrx_word' id='word_1_21' title='bbox 2044 775 2335 851; x_wconf 88' lang='lat' dir='ltr'>tandem</span> <span class='ocrx_word' id='word_1_22' title='bbox 2380 800 2523 851; x_wconf 89' lang='lat' dir='ltr'>non</span> <span class='ocrx_word' id='word_1_23' title='bbox 2562 775 3039 851; x_wconf 86' lang='lat' dir='ltr'>commisera-</span> 
     </span>
     <span class='ocr_line' id='line_1_5' title="bbox 783 899 3043 1001; baseline -0.003 -22"><span class='ocrx_word' id='word_1_24' title='bbox 783 905 983 992; x_wconf 88' lang='lat' dir='ltr'>tioni,</span> <span class='ocrx_word' id='word_1_25' title='bbox 1026 905 1160 979; x_wconf 89' lang='lat' dir='ltr'>sed</span> <span class='ocrx_word' id='word_1_26' title='bbox 1199 905 1444 1001; x_wconf 90' lang='lat' dir='ltr'>potius</span> <span class='ocrx_word' id='word_1_27' title='bbox 1466 903 1716 978; x_wconf 84' lang='lat' dir='ltr'>irrisui</span> <span class='ocrx_word' id='word_1_28' title='bbox 1756 903 1911 978; x_wconf 87' lang='lat' dir='ltr'>fuit.</span> <span class='ocrx_word' id='word_1_29' title='bbox 1936 901 2178 977; x_wconf 91' lang='lat' dir='ltr'>Unum</span> <span class='ocrx_word' id='word_1_30' title='bbox 2199 902 2276 977; x_wconf 87' lang='lat' dir='ltr'>in</span> <span class='ocrx_word' id='word_1_31' title='bbox 2314 903 2650 977; x_wconf 88' lang='lat' dir='ltr'>omnibus</span> <span class='ocrx_word' id='word_1_32' title='bbox 2688 899 3043 975; x_wconf 87' lang='lat' dir='ltr'>barbaris</span> 
     </span>
     <span class='ocr_line' id='line_1_6' title="bbox 782 1028 3041 1129; baseline -0.004 -22"><span class='ocrx_word' id='word_1_33' title='bbox 782 1033 1111 1109; x_wconf 84' lang='lat' dir='ltr'>notabile</span> <span class='ocrx_word' id='word_1_34' title='bbox 1150 1031 1459 1121; x_wconf 84' lang='lat' dir='ltr'>videtur,</span> <span class='ocrx_word' id='word_1_35' title='bbox 1501 1032 1697 1129; x_wconf 90' lang='lat' dir='ltr'>quod</span> <span class='ocrx_word' id='word_1_36' title='bbox 1735 1031 1958 1106; x_wconf 91' lang='lat' dir='ltr'>otium</span> <span class='ocrx_word' id='word_1_37' title='bbox 1999 1038 2073 1104; x_wconf 93' lang='lat' dir='ltr'>et</span> <span class='ocrx_word' id='word_1_38' title='bbox 2099 1031 2522 1128; x_wconf 86' lang='lat' dir='ltr'>voluptates</span> <span class='ocrx_word' id='word_1_39' title='bbox 2561 1028 3041 1126; x_wconf 88' lang='lat' dir='ltr'>turpissimas</span> 
     </span>
     <span class='ocr_line' id='line_1_7' title="bbox 780 1151 3040 1258; baseline -0.004 -22"><span class='ocrx_word' id='word_1_40' title='bbox 780 1185 913 1258; x_wconf 91' lang='lat' dir='ltr'>pro</span> <span class='ocrx_word' id='word_1_41' title='bbox 955 1179 1237 1234; x_wconf 91' lang='lat' dir='ltr'>summo</span> <span class='ocrx_word' id='word_1_42' title='bbox 1275 1158 1467 1231; x_wconf 91' lang='lat' dir='ltr'>bono</span> <span class='ocrx_word' id='word_1_43' title='bbox 1506 1156 1891 1247; x_wconf 86' lang='lat' dir='ltr'>habentes,</span> <span class='ocrx_word' id='word_1_44' title='bbox 1933 1154 2409 1230; x_wconf 90' lang='lat' dir='ltr'>consiliorum</span> <span class='ocrx_word' id='word_1_45' title='bbox 2466 1177 2557 1230; x_wconf 91' lang='lat' dir='ltr'>ac</span> <span class='ocrx_word' id='word_1_46' title='bbox 2595 1151 3040 1249; x_wconf 86' lang='lat' dir='ltr'>disciplinae</span> 
     </span>
     <span class='ocr_line' id='line_1_8' title="bbox 779 1277 3043 1375; baseline -0.007 -10"><span class='ocrx_word' id='word_1_47' title='bbox 779 1286 857 1365; x_wconf 88' lang='lat' dir='ltr'>et</span> <span class='ocrx_word' id='word_1_48' title='bbox 892 1286 1172 1362; x_wconf 77' lang='lat' dir='ltr'>ordinis</span> <span class='ocrx_word' id='word_1_49' title='bbox 1213 1284 1448 1358; x_wconf 90' lang='lat' dir='ltr'>omnis</span> <span class='ocrx_word' id='word_1_50' title='bbox 1488 1307 1758 1375; x_wconf 88' lang='lat' dir='ltr'>curam,</span> <span class='ocrx_word' id='word_1_51' title='bbox 1784 1283 2013 1359; x_wconf 90' lang='lat' dir='ltr'>veluti</span> <span class='ocrx_word' id='word_1_52' title='bbox 2049 1286 2381 1360; x_wconf 90' lang='lat' dir='ltr'>laborem</span> <span class='ocrx_word' id='word_1_53' title='bbox 2421 1290 2495 1358; x_wconf 92' lang='lat' dir='ltr'>et</span> <span class='ocrx_word' id='word_1_54' title='bbox 2536 1282 2864 1356; x_wconf 90' lang='lat' dir='ltr'>dolorem</span> <span class='ocrx_word' id='word_1_55' title='bbox 2903 1277 3043 1353; x_wconf 88' lang='lat' dir='ltr'>ali-</span> 
     </span>
     <span class='ocr_line' id='line_1_9' title="bbox 788 1409 3043 1512; baseline -0.004 -22"><span class='ocrx_word' id='word_1_56' title='bbox 788 1438 1024 1512; x_wconf 83' lang='lat' dir='ltr'>quem,</span> <span class='ocrx_word' id='word_1_57' title='bbox 1061 1413 1371 1508; x_wconf 88' lang='lat' dir='ltr'>fugiunt,</span> <span class='ocrx_word' id='word_1_58' title='bbox 1431 1420 1506 1487; x_wconf 90' lang='lat' dir='ltr'>et</span> <span class='ocrx_word' id='word_1_59' title='bbox 1559 1411 1972 1509; x_wconf 75' lang='lat' dir='ltr'>turpissimi</span> <span class='ocrx_word' id='word_1_60' title='bbox 2011 1411 2142 1487; x_wconf 89' lang='lat' dir='ltr'>otii</span> <span class='ocrx_word' id='word_1_61' title='bbox 2191 1435 2282 1485; x_wconf 90' lang='lat' dir='ltr'>ac</span> <span class='ocrx_word' id='word_1_62' title='bbox 2315 1409 2720 1508; x_wconf 78' lang='lat' dir='ltr'>voluptatis</span> <span class='ocrx_word' id='word_1_63' title='bbox 2779 1427 3043 1482; x_wconf 89' lang='lat' dir='ltr'>amore</span> 
     </span>
     <span class='ocr_line' id='line_1_10' title="bbox 788 1536 3044 1637; baseline -0.004 -20"><span class='ocrx_word' id='word_1_64' title='bbox 788 1543 1053 1617; x_wconf 87' lang='lat' dir='ltr'>bonam</span> <span class='ocrx_word' id='word_1_65' title='bbox 1078 1547 1300 1635; x_wconf 90' lang='lat' dir='ltr'>atque</span> <span class='ocrx_word' id='word_1_66' title='bbox 1322 1538 1591 1614; x_wconf 86' lang='lat' dir='ltr'>malam</span> <span class='ocrx_word' id='word_1_67' title='bbox 1613 1540 1980 1614; x_wconf 89' lang='lat' dir='ltr'>fortunam</span> <span class='ocrx_word' id='word_1_68' title='bbox 2021 1537 2303 1637; x_wconf 89' lang='lat' dir='ltr'>pariter</span> <span class='ocrx_word' id='word_1_69' title='bbox 2340 1538 2604 1612; x_wconf 90' lang='lat' dir='ltr'>ferunt.</span> <span class='ocrx_word' id='word_1_70' title='bbox 2647 1536 2828 1611; x_wconf 94' lang='lat' dir='ltr'>Ideo</span> <span class='ocrx_word' id='word_1_71' title='bbox 2867 1536 3044 1609; x_wconf 90' lang='lat' dir='ltr'>bar-</span> 
     </span>
     <span class='ocr_line' id='line_1_11' title="bbox 790 1663 3046 1764; baseline -0.003 -22"><span class='ocrx_word' id='word_1_72' title='bbox 790 1669 1137 1742; x_wconf 90' lang='lat' dir='ltr'>barorum</span> <span class='ocrx_word' id='word_1_73' title='bbox 1176 1668 1598 1760; x_wconf 85' lang='lat' dir='ltr'>regulorum</span> <span class='ocrx_word' id='word_1_74' title='bbox 1638 1665 1878 1758; x_wconf 90' lang='lat' dir='ltr'>liberi,</span> <span class='ocrx_word' id='word_1_75' title='bbox 1903 1666 2026 1764; x_wconf 89' lang='lat' dir='ltr'>qui</span> <span class='ocrx_word' id='word_1_76' title='bbox 2050 1667 2272 1741; x_wconf 89' lang='lat' dir='ltr'>stulte</span> <span class='ocrx_word' id='word_1_77' title='bbox 2294 1688 2530 1761; x_wconf 89' lang='lat' dir='ltr'>regna</span> <span class='ocrx_word' id='word_1_78' title='bbox 2548 1664 2754 1739; x_wconf 89' lang='lat' dir='ltr'>avita</span> <span class='ocrx_word' id='word_1_79' title='bbox 2773 1663 3046 1738; x_wconf 87' lang='lat' dir='ltr'>amise-</span> 
     </span>
     <span class='ocr_line' id='line_1_12' title="bbox 785 1790 3043 1892; baseline -0.004 -22"><span class='ocrx_word' id='word_1_80' title='bbox 785 1801 975 1886; x_wconf 89' lang='lat' dir='ltr'>runt,</span> <span class='ocrx_word' id='word_1_81' title='bbox 1014 1794 1210 1892; x_wconf 90' lang='lat' dir='ltr'>apud</span> <span class='ocrx_word' id='word_1_82' title='bbox 1247 1814 1381 1868; x_wconf 89' lang='lat' dir='ltr'>nos</span> <span class='ocrx_word' id='word_1_83' title='bbox 1421 1793 1623 1868; x_wconf 91' lang='lat' dir='ltr'>multi</span> <span class='ocrx_word' id='word_1_84' title='bbox 1665 1794 2021 1886; x_wconf 85' lang='lat' dir='ltr'>visuntur,</span> <span class='ocrx_word' id='word_1_85' title='bbox 2062 1803 2137 1869; x_wconf 91' lang='lat' dir='ltr'>et</span> <span class='ocrx_word' id='word_1_86' title='bbox 2174 1792 2457 1890; x_wconf 88' lang='lat' dir='ltr'>passim</span> <span class='ocrx_word' id='word_1_87' title='bbox 2498 1812 2791 1890; x_wconf 88' lang='lat' dir='ltr'>quoque</span> <span class='ocrx_word' id='word_1_88' title='bbox 2832 1790 3043 1864; x_wconf 89' lang='lat' dir='ltr'>alibi.</span> 
     </span>
    </p>

    <p class='ocr_par' dir='ltr' id='par_1_3' title="bbox 780 1917 3049 4676">
     <span class='ocr_line' id='line_1_13' title="bbox 1000 1917 3038 2018; baseline -0 -27"><span class='ocrx_word' id='word_1_89' title='bbox 1000 1919 1235 1995; x_wconf 87' lang='lat' dir='ltr'>Paulo</span> <span class='ocrx_word' id='word_1_90' title='bbox 1276 1928 1448 2018; x_wconf 91' lang='lat' dir='ltr'>post</span> <span class='ocrx_word' id='word_1_91' title='bbox 1485 1944 1619 1994; x_wconf 86' lang='lat' dir='ltr'>rex</span> <span class='ocrx_word' id='word_1_92' title='bbox 1659 1919 2018 1996; x_wconf 89' lang='lat' dir='ltr'>Poloniae</span> <span class='ocrx_word' id='word_1_93' title='bbox 2077 1917 2596 2015; x_wconf 85' lang='lat' dir='ltr'>Sigismundus</span> <span class='ocrx_word' id='word_1_94' title='bbox 2635 1917 3038 2014; x_wconf 87' lang='lat' dir='ltr'>Augustus</span> 
     </span>
     <span class='ocr_line' id='line_1_14' title="bbox 785 2043 3049 2142; baseline -0.001 -22"><span class='ocrx_word' id='word_1_95' title='bbox 785 2070 826 2120; x_wconf 93' lang='lat' dir='ltr'>e</span> <span class='ocrx_word' id='word_1_96' title='bbox 869 2044 1021 2119; x_wconf 88' lang='lat' dir='ltr'>vita</span> <span class='ocrx_word' id='word_1_97' title='bbox 1061 2043 1384 2137; x_wconf 82' lang='lat' dir='ltr'>decedit3</span> <span class='ocrx_word' id='word_1_98' title='bbox 1441 2069 1601 2119; x_wconf 95' lang='lat' dir='ltr'>cum</span> <span class='ocrx_word' id='word_1_99' title='bbox 1642 2068 1786 2142; x_wconf 91' lang='lat' dir='ltr'>quo</span> <span class='ocrx_word' id='word_1_100' title='bbox 1824 2044 2108 2120; x_wconf 88' lang='lat' dir='ltr'>familia</span> <span class='ocrx_word' id='word_1_101' title='bbox 2146 2045 2198 2121; x_wconf 87' lang='lat' dir='ltr'><strong>J</strong></span> <span class='ocrx_word' id='word_1_102' title='bbox 2204 2044 2629 2141; x_wconf 90' lang='lat' dir='ltr'>agellonum</span> <span class='ocrx_word' id='word_1_103' title='bbox 2668 2044 3049 2120; x_wconf 82' lang='lat' dir='ltr'>exstincta</span> 
     </span>
     <span class='ocr_line' id='line_1_15' title="bbox 784 2169 3042 2267; baseline -0 -23"><span class='ocrx_word' id='word_1_104' title='bbox 784 2177 921 2244; x_wconf 89' lang='lat' dir='ltr'>est.</span> <span class='ocrx_word' id='word_1_105' title='bbox 962 2171 1154 2245; x_wconf 89' lang='lat' dir='ltr'>Nam</span> <span class='ocrx_word' id='word_1_106' title='bbox 1194 2194 1286 2245; x_wconf 81' lang='lat' dir='ltr'>ex</span> <span class='ocrx_word' id='word_1_107' title='bbox 1324 2170 1704 2261; x_wconf 78' lang='lat' dir='ltr'>uxoribus,</span> <span class='ocrx_word' id='word_1_108' title='bbox 1744 2194 1908 2244; x_wconf 91' lang='lat' dir='ltr'>cum</span> <span class='ocrx_word' id='word_1_109' title='bbox 1948 2176 2262 2267; x_wconf 88' lang='lat' dir='ltr'>quatuor</span> <span class='ocrx_word' id='word_1_110' title='bbox 2303 2169 2711 2260; x_wconf 77' lang='lat' dir='ltr'>habuisset,</span> <span class='ocrx_word' id='word_1_111' title='bbox 2753 2169 3042 2267; x_wconf 90' lang='lat' dir='ltr'>prolem</span> 
     </span>
     <span class='ocr_line' id='line_1_16' title="bbox 786 2295 3044 2394; baseline -0.002 -22"><span class='ocrx_word' id='word_1_112' title='bbox 786 2319 1153 2392; x_wconf 89' lang='lat' dir='ltr'>nunquam</span> <span class='ocrx_word' id='word_1_113' title='bbox 1227 2298 1555 2394; x_wconf 82' lang='lat' dir='ltr'>suscepit</span> <span class='ocrx_word' id='word_1_114' title='bbox 1609 2296 1861 2371; x_wconf 88' lang='lat' dir='ltr'>ullam.</span> <span class='ocrx_word' id='word_1_115' title='bbox 1977 2296 2095 2370; x_wconf 81' lang='lat' dir='ltr'>Ex</span> <span class='ocrx_word' id='word_1_116' title='bbox 2172 2295 2437 2393; x_wconf 91' lang='lat' dir='ltr'>quibus</span> <span class='ocrx_word' id='word_1_117' title='bbox 2513 2295 2701 2370; x_wconf 88' lang='lat' dir='ltr'>duae</span> <span class='ocrx_word' id='word_1_118' title='bbox 2777 2295 3044 2371; x_wconf 88' lang='lat' dir='ltr'>Ferdi·</span> 
     </span>
     <span class='ocr_line' id='line_1_17' title="bbox 783 2419 3043 2521; baseline -0.001 -23"><span class='ocrx_word' id='word_1_119' title='bbox 783 2422 1009 2498; x_wconf 89' lang='lat' dir='ltr'>nandi</span> <span class='ocrx_word' id='word_1_120' title='bbox 1052 2419 1410 2498; x_wconf 84' lang='lat' dir='ltr'>Caesaris</span> <span class='ocrx_word' id='word_1_121' title='bbox 1465 2423 1666 2499; x_wconf 88' lang='lat' dir='ltr'>filiae</span> <span class='ocrx_word' id='word_1_122' title='bbox 1722 2423 2057 2515; x_wconf 88' lang='lat' dir='ltr'>invicem,</span> <span class='ocrx_word' id='word_1_123' title='bbox 2123 2421 2491 2521; x_wconf 88' lang='lat' dir='ltr'>pontificis</span> <span class='ocrx_word' id='word_1_124' title='bbox 2527 2420 2836 2513; x_wconf 91' lang='lat' dir='ltr'>indultu,</span> <span class='ocrx_word' id='word_1_125' title='bbox 2877 2444 3043 2496; x_wconf 90' lang='lat' dir='ltr'>suc-</span> 
     </span>
     <span class='ocr_line' id='line_1_18' title="bbox 782 2547 3039 2650; baseline -0.002 -23"><span class='ocrx_word' id='word_1_126' title='bbox 782 2573 1103 2627; x_wconf 90' lang='lat' dir='ltr'>cessere.</span> <span class='ocrx_word' id='word_1_127' title='bbox 1235 2550 1381 2626; x_wconf 90' lang='lat' dir='ltr'>Per</span> <span class='ocrx_word' id='word_1_128' title='bbox 1478 2551 1672 2627; x_wconf 88' lang='lat' dir='ltr'>idem</span> <span class='ocrx_word' id='word_1_129' title='bbox 1764 2559 2052 2650; x_wconf 90' lang='lat' dir='ltr'>tempus</span> <span class='ocrx_word' id='word_1_130' title='bbox 2145 2551 2565 2627; x_wconf 88' lang='lat' dir='ltr'>caesariani</span> <span class='ocrx_word' id='word_1_131' title='bbox 2659 2547 3039 2625; x_wconf 78' lang='lat' dir='ltr'>excursio-</span> 
     </span>
     <span class='ocr_line' id='line_1_19' title="bbox 780 2675 3040 2777; baseline -0.003 -22"><span class='ocrx_word' id='word_1_132' title='bbox 780 2704 915 2755; x_wconf 89' lang='lat' dir='ltr'>nes</span> <span class='ocrx_word' id='word_1_133' title='bbox 989 2678 1467 2771; x_wconf 73' lang='lat' dir='ltr'>factitabant,</span> <span class='ocrx_word' id='word_1_134' title='bbox 1582 2678 1717 2754; x_wconf 90' lang='lat' dir='ltr'>sed</span> <span class='ocrx_word' id='word_1_135' title='bbox 1810 2679 1982 2776; x_wconf 88' lang='lat' dir='ltr'>quia</span> <span class='ocrx_word' id='word_1_136' title='bbox 2070 2701 2205 2777; x_wconf 92' lang='lat' dir='ltr'>per</span> <span class='ocrx_word' id='word_1_137' title='bbox 2297 2686 2755 2777; x_wconf 88' lang='lat' dir='ltr'>campestres</span> <span class='ocrx_word' id='word_1_138' title='bbox 2829 2675 2997 2750; x_wconf 87' lang='lat' dir='ltr'>vias</span> <span class='ocrx_word' id='word_1_139' title='bbox 3024 2736 3040 2769; x_wconf 89' lang='lat'>‚</span> 
     </span>
     <span class='ocr_line' id='line_1_20' title="bbox 785 2801 3041 2900; baseline 0 -21"><span class='ocrx_word' id='word_1_140' title='bbox 785 2805 1029 2900; x_wconf 90' lang='lat' dir='ltr'>qualis</span> <span class='ocrx_word' id='word_1_141' title='bbox 1107 2801 1454 2898; x_wconf 84' lang='lat' dir='ltr'>Ungaria</span> <span class='ocrx_word' id='word_1_142' title='bbox 1528 2804 1846 2879; x_wconf 91' lang='lat' dir='ltr'>Inferior</span> <span class='ocrx_word' id='word_1_143' title='bbox 1902 2805 2063 2879; x_wconf 93' lang='lat' dir='ltr'>fere</span> <span class='ocrx_word' id='word_1_144' title='bbox 2136 2811 2296 2879; x_wconf 89' lang='lat' dir='ltr'>tota</span> <span class='ocrx_word' id='word_1_145' title='bbox 2368 2811 2503 2894; x_wconf 88' lang='lat' dir='ltr'>est,</span> <span class='ocrx_word' id='word_1_146' title='bbox 2578 2827 2725 2878; x_wconf 94' lang='lat' dir='ltr'>non</span> <span class='ocrx_word' id='word_1_147' title='bbox 2782 2803 2889 2878; x_wconf 89' lang='lat' dir='ltr'>ita</span> <span class='ocrx_word' id='word_1_148' title='bbox 2925 2813 3041 2879; x_wconf 90' lang='lat' dir='ltr'>tu-</span> 
     </span>
     <span class='ocr_line' id='line_1_21' title="bbox 781 2928 3038 3028; baseline 0 -22"><span class='ocrx_word' id='word_1_149' title='bbox 781 2938 930 3006; x_wconf 88' lang='lat' dir='ltr'>tum</span> <span class='ocrx_word' id='word_1_150' title='bbox 1025 2934 1189 3003; x_wconf 85' lang='lat' dir='ltr'>erat</span> <span class='ocrx_word' id='word_1_151' title='bbox 1275 2929 1669 3025; x_wconf 88' lang='lat' dir='ltr'>praedari,</span> <span class='ocrx_word' id='word_1_152' title='bbox 1796 2955 1933 3028; x_wconf 90' lang='lat' dir='ltr'>per</span> <span class='ocrx_word' id='word_1_153' title='bbox 2019 2931 2362 3008; x_wconf 85' lang='lat' dir='ltr'>ditionem</span> <span class='ocrx_word' id='word_1_154' title='bbox 2437 2928 3038 3007; x_wconf 88' lang='lat' dir='ltr'>Varadinensem</span> 
     </span>
     <span class='ocr_line' id='line_1_22' title="bbox 783 3055 3037 3155; baseline 0 -25"><span class='ocrx_word' id='word_1_155' title='bbox 783 3060 1183 3154; x_wconf 91' lang='lat' dir='ltr'>coeperunt</span> <span class='ocrx_word' id='word_1_156' title='bbox 1240 3056 1531 3152; x_wconf 83' lang='lat' dir='ltr'>vagari.</span> <span class='ocrx_word' id='word_1_157' title='bbox 1623 3055 1827 3132; x_wconf 86' lang='lat' dir='ltr'>Raro</span> <span class='ocrx_word' id='word_1_158' title='bbox 1902 3057 2192 3155; x_wconf 86' lang='lat' dir='ltr'>quidem</span> <span class='ocrx_word' id='word_1_159' title='bbox 2265 3058 2378 3133; x_wconf 91' lang='lat' dir='ltr'>illi</span> <span class='ocrx_word' id='word_1_160' title='bbox 2450 3057 2739 3134; x_wconf 88' lang='lat' dir='ltr'>hostem</span> <span class='ocrx_word' id='word_1_161' title='bbox 2812 3080 3037 3132; x_wconf 93' lang='lat' dir='ltr'>unum</span> 
     </span>
     <span class='ocr_line' id='line_1_23' title="bbox 787 3182 3035 3283; baseline 0.002 -28"><span class='ocrx_word' id='word_1_162' title='bbox 787 3183 906 3256; x_wconf 83' lang='lat' dir='ltr'>vel</span> <span class='ocrx_word' id='word_1_163' title='bbox 983 3182 1295 3257; x_wconf 89' lang='lat' dir='ltr'>alterum</span> <span class='ocrx_word' id='word_1_164' title='bbox 1374 3207 1507 3282; x_wconf 90' lang='lat' dir='ltr'>per</span> <span class='ocrx_word' id='word_1_165' title='bbox 1580 3206 1823 3281; x_wconf 85' lang='lat' dir='ltr'>pagos</span> <span class='ocrx_word' id='word_1_166' title='bbox 1919 3194 1994 3259; x_wconf 92' lang='lat' dir='ltr'>et</span> <span class='ocrx_word' id='word_1_167' title='bbox 2065 3186 2585 3283; x_wconf 87' lang='lat' dir='ltr'>possessiones</span> <span class='ocrx_word' id='word_1_168' title='bbox 2668 3184 3035 3260; x_wconf 88' lang='lat' dir='ltr'>dimoran-</span> 
     </span>
     <span class='ocr_line' id='line_1_24' title="bbox 783 3309 3035 3411; baseline 0.001 -26"><span class='ocrx_word' id='word_1_169' title='bbox 783 3318 900 3386; x_wconf 89' lang='lat' dir='ltr'>tes</span> <span class='ocrx_word' id='word_1_170' title='bbox 938 3309 1313 3385; x_wconf 85' lang='lat' dir='ltr'>offendere</span> <span class='ocrx_word' id='word_1_171' title='bbox 1351 3339 1368 3384; x_wconf 75' lang='grc' dir='ltr'>ε</span> <span class='ocrx_word' id='word_1_172' title='bbox 1409 3311 1541 3386; x_wconf 92' lang='lat' dir='ltr'>sed</span> <span class='ocrx_word' id='word_1_173' title='bbox 1579 3312 1925 3387; x_wconf 87' lang='lat' dir='ltr'>miseram</span> <span class='ocrx_word' id='word_1_174' title='bbox 1962 3313 2257 3411; x_wconf 89' lang='lat' dir='ltr'>plebem</span> <span class='ocrx_word' id='word_1_175' title='bbox 2295 3311 2778 3389; x_wconf 85' lang='lat' dir='ltr'>christianam</span> <span class='ocrx_word' id='word_1_176' title='bbox 2815 3335 3035 3411; x_wconf 90' lang='lat' dir='ltr'>prae-</span> 
     </span>
     <span class='ocr_line' id='line_1_25' title="bbox 785 3436 3032 3538; baseline 0.002 -28"><span class='ocrx_word' id='word_1_177' title='bbox 785 3436 970 3527; x_wconf 88' lang='lat' dir='ltr'>dari,</span> <span class='ocrx_word' id='word_1_178' title='bbox 1010 3460 1100 3511; x_wconf 92' lang='lat' dir='ltr'>ac</span> <span class='ocrx_word' id='word_1_179' title='bbox 1153 3439 1445 3533; x_wconf 86' lang='lat' dir='ltr'>magnis</span> <span class='ocrx_word' id='word_1_180' title='bbox 1518 3439 1904 3515; x_wconf 88' lang='lat' dir='ltr'>tormentis</span> <span class='ocrx_word' id='word_1_181' title='bbox 1959 3439 2035 3514; x_wconf 93' lang='lat' dir='ltr'>in</span> <span class='ocrx_word' id='word_1_182' title='bbox 2091 3462 2408 3538; x_wconf 88' lang='lat' dir='ltr'>corpora</span> <span class='ocrx_word' id='word_1_183' title='bbox 2458 3463 2597 3538; x_wconf 90' lang='lat' dir='ltr'>pro</span> <span class='ocrx_word' id='word_1_184' title='bbox 2634 3440 3032 3538; x_wconf 84' lang='lat' dir='ltr'>exigendis</span> 
     </span>
     <span class='ocr_line' id='line_1_26' title="bbox 788 3562 3032 3660; baseline 0.001 -23"><span class='ocrx_word' id='word_1_185' title='bbox 788 3562 1126 3660; x_wconf 87' lang='lat' dir='ltr'>pecuniis</span> <span class='ocrx_word' id='word_1_186' title='bbox 1166 3564 1572 3640; x_wconf 84' lang='lat' dir='ltr'>desaevire.</span> <span class='ocrx_word' id='word_1_187' title='bbox 1653 3565 1991 3642; x_wconf 87' lang='lat' dir='ltr'>Tandem</span> <span class='ocrx_word' id='word_1_188' title='bbox 2028 3568 2312 3642; x_wconf 89' lang='lat' dir='ltr'>assueti</span> <span class='ocrx_word' id='word_1_189' title='bbox 2351 3565 2558 3641; x_wconf 91' lang='lat' dir='ltr'>hisce</span> <span class='ocrx_word' id='word_1_190' title='bbox 2607 3568 3032 3645; x_wconf 88' lang='lat' dir='ltr'>latrociniis</span> 
     </span>
     <span class='ocr_line' id='line_1_27' title="bbox 789 3687 3032 3790; baseline 0.003 -29"><span class='ocrx_word' id='word_1_191' title='bbox 789 3687 1016 3764; x_wconf 90' lang='lat' dir='ltr'>duces</span> <span class='ocrx_word' id='word_1_192' title='bbox 1056 3689 1370 3764; x_wconf 91' lang='lat' dir='ltr'>omnium</span> <span class='ocrx_word' id='word_1_193' title='bbox 1410 3689 1608 3765; x_wconf 90' lang='lat' dir='ltr'>circa</span> <span class='ocrx_word' id='word_1_194' title='bbox 1646 3691 2120 3767; x_wconf 90' lang='lat' dir='ltr'>confiniorum</span> <span class='ocrx_word' id='word_1_195' title='bbox 2162 3693 2436 3789; x_wconf 87' lang='lat' dir='ltr'>singuli</span> <span class='ocrx_word' id='word_1_196' title='bbox 2455 3717 2742 3769; x_wconf 90' lang='lat' dir='ltr'>manum</span> <span class='ocrx_word' id='word_1_197' title='bbox 2782 3694 3032 3790; x_wconf 89' lang='lat' dir='ltr'>hujus-</span> 
     </span>
     <span class='ocr_line' id='line_1_28' title="bbox 784 3815 3032 3918; baseline 0.001 -27"><span class='ocrx_word' id='word_1_198' title='bbox 784 3815 978 3891; x_wconf 90' lang='lat' dir='ltr'>modi</span> <span class='ocrx_word' id='word_1_199' title='bbox 1010 3816 1378 3893; x_wconf 91' lang='lat' dir='ltr'>latronum</span> <span class='ocrx_word' id='word_1_200' title='bbox 1400 3826 1879 3915; x_wconf 88' lang='lat' dir='ltr'>congregant,</span> <span class='ocrx_word' id='word_1_201' title='bbox 1899 3818 2218 3916; x_wconf 90' lang='lat' dir='ltr'>peditum</span> <span class='ocrx_word' id='word_1_202' title='bbox 2242 3822 2409 3918; x_wconf 91' lang='lat' dir='ltr'>plus</span> <span class='ocrx_word' id='word_1_203' title='bbox 2448 3822 2686 3896; x_wconf 92' lang='lat' dir='ltr'>minus</span> <span class='ocrx_word' id='word_1_204' title='bbox 2717 3822 2834 3896; x_wconf 92' lang='lat' dir='ltr'>bis</span> <span class='ocrx_word' id='word_1_205' title='bbox 2872 3821 3032 3895; x_wconf 91' lang='lat' dir='ltr'>mil-</span> 
     </span>
     <span class='ocr_line' id='line_1_29' title="bbox 785 3942 3033 4042; baseline 0.001 -24"><span class='ocrx_word' id='word_1_206' title='bbox 785 3945 876 4035; x_wconf 92' lang='lat' dir='ltr'>le,</span> <span class='ocrx_word' id='word_1_207' title='bbox 903 3942 1236 4040; x_wconf 87' lang='lat' dir='ltr'>plerique</span> <span class='ocrx_word' id='word_1_208' title='bbox 1278 3942 1498 4018; x_wconf 91' lang='lat' dir='ltr'>etiam</span> <span class='ocrx_word' id='word_1_209' title='bbox 1537 3944 1632 4017; x_wconf 93' lang='lat' dir='ltr'>ab</span> <span class='ocrx_word' id='word_1_210' title='bbox 1676 3944 2101 4039; x_wconf 88' lang='lat' dir='ltr'>agrestibus</span> <span class='ocrx_word' id='word_1_211' title='bbox 2141 3946 2351 4042; x_wconf 89' lang='lat' dir='ltr'>equis</span> <span class='ocrx_word' id='word_1_212' title='bbox 2393 3945 2668 4021; x_wconf 87' lang='lat' dir='ltr'>ablatis</span> <span class='ocrx_word' id='word_1_213' title='bbox 2706 3944 3033 4042; x_wconf 91' lang='lat' dir='ltr'>equitum</span> 
     </span>
     <span class='ocr_line' id='line_1_30' title="bbox 787 4066 3033 4165; baseline 0.003 -24"><span class='ocrx_word' id='word_1_214' title='bbox 787 4066 1112 4165; x_wconf 90' lang='lat' dir='ltr'>speciem</span> <span class='ocrx_word' id='word_1_215' title='bbox 1170 4067 1561 4143; x_wconf 85' lang='lat' dir='ltr'>faciebant.</span> <span class='ocrx_word' id='word_1_216' title='bbox 1638 4067 1942 4143; x_wconf 90' lang='lat' dir='ltr'>Addunt</span> <span class='ocrx_word' id='word_1_217' title='bbox 1998 4070 2250 4145; x_wconf 93' lang='lat' dir='ltr'>ducem</span> <span class='ocrx_word' id='word_1_218' title='bbox 2307 4097 2400 4146; x_wconf 82' lang='lat' dir='ltr'>ex</span> <span class='ocrx_word' id='word_1_219' title='bbox 2460 4094 2707 4147; x_wconf 89' lang='lat' dir='ltr'>eorum</span> <span class='ocrx_word' id='word_1_220' title='bbox 2749 4073 3033 4165; x_wconf 88' lang='lat' dir='ltr'>ordine,</span> 
     </span>
     <span class='ocr_line' id='line_1_31' title="bbox 788 4191 3032 4296; baseline 0.004 -29"><span class='ocrx_word' id='word_1_221' title='bbox 788 4191 1102 4267; x_wconf 90' lang='lat' dir='ltr'>audacia</span> <span class='ocrx_word' id='word_1_222' title='bbox 1159 4199 1234 4267; x_wconf 93' lang='lat' dir='ltr'>et</span> <span class='ocrx_word' id='word_1_223' title='bbox 1288 4192 1679 4267; x_wconf 85' lang='lat' dir='ltr'>latrocinio</span> <span class='ocrx_word' id='word_1_224' title='bbox 1738 4196 1977 4292; x_wconf 89' lang='lat' dir='ltr'>magis</span> <span class='ocrx_word' id='word_1_225' title='bbox 2037 4199 2546 4296; x_wconf 85' lang='lat' dir='ltr'>conspicuum,</span> <span class='ocrx_word' id='word_1_226' title='bbox 2640 4200 3032 4276; x_wconf 88' lang='lat' dir='ltr'>colluviem</span> 
     </span>
     <span class='ocr_line' id='line_1_32' title="bbox 788 4318 3030 4424; baseline 0.005 -33"><span class='ocrx_word' id='word_1_227' title='bbox 788 4318 1159 4412; x_wconf 89' lang='lat' dir='ltr'>egentium</span> <span class='ocrx_word' id='word_1_228' title='bbox 1215 4342 1304 4393; x_wconf 90' lang='lat' dir='ltr'>ac</span> <span class='ocrx_word' id='word_1_229' title='bbox 1359 4320 1808 4419; x_wconf 90' lang='lat' dir='ltr'>perditorum</span> <span class='ocrx_word' id='word_1_230' title='bbox 1865 4323 1962 4398; x_wconf 91' lang='lat' dir='ltr'>ad</span> <span class='ocrx_word' id='word_1_231' title='bbox 2039 4325 2656 4424; x_wconf 85' lang='lat' dir='ltr'>oppugnationem</span> <span class='ocrx_word' id='word_1_232' title='bbox 2733 4329 3030 4403; x_wconf 85' lang='lat' dir='ltr'>castelli</span> 
     </span>
     <span class='ocr_line' id='line_1_33' title="bbox 784 4442 3026 4549; baseline 0.004 -28"><span class='ocrx_word' id='word_1_233' title='bbox 784 4442 835 4521; x_wconf 88' lang='lat' dir='ltr'><strong>J</strong></span> <span class='ocrx_word' id='word_1_234' title='bbox 845 4465 1030 4519; x_wconf 90' lang='lat' dir='ltr'>eneo</span> <span class='ocrx_word' id='word_1_235' title='bbox 1070 4442 1459 4525; x_wconf 91' lang='lat' dir='ltr'>dimittunt.</span> <span class='ocrx_word' id='word_1_236' title='bbox 1552 4446 1848 4524; x_wconf 78' lang='lat' dir='ltr'>&#39;Furcae</span> <span class='ocrx_word' id='word_1_237' title='bbox 1906 4458 2258 4549; x_wconf 87' lang='lat' dir='ltr'>tanquam</span> <span class='ocrx_word' id='word_1_238' title='bbox 2315 4452 2559 4548; x_wconf 90' lang='lat' dir='ltr'>ignari</span> <span class='ocrx_word' id='word_1_239' title='bbox 2614 4475 2888 4546; x_wconf 87' lang='lat' dir='ltr'>eorum,</span> <span class='ocrx_word' id='word_1_240' title='bbox 2928 4455 3026 4529; x_wconf 89' lang='lat' dir='ltr'>si-</span> 
     </span>
     <span class='ocr_line' id='line_1_34' title="bbox 784 4571 3020 4676; baseline 0.005 -29"><span class='ocrx_word' id='word_1_241' title='bbox 784 4571 1105 4664; x_wconf 85' lang='lat' dir='ltr'>mulare,</span> <span class='ocrx_word' id='word_1_242' title='bbox 1221 4598 1309 4649; x_wconf 92' lang='lat' dir='ltr'>ac</span> <span class='ocrx_word' id='word_1_243' title='bbox 1383 4575 1543 4651; x_wconf 89' lang='lat' dir='ltr'>sine</span> <span class='ocrx_word' id='word_1_244' title='bbox 1621 4576 2075 4676; x_wconf 88' lang='lat' dir='ltr'>displosione</span> <span class='ocrx_word' id='word_1_245' title='bbox 2155 4580 2495 4658; x_wconf 88' lang='lat' dir='ltr'>tormenti</span> <span class='ocrx_word' id='word_1_246' title='bbox 2571 4582 2964 4659; x_wconf 89' lang='lat' dir='ltr'>admittere</span> <span class='ocrx_word' id='word_1_247' title='bbox 3003 4611 3020 4658; x_wconf 76' lang='grc' dir='ltr'><strong><em>ε</em></strong></span> 
     </span>
    </p>
   </div>
  </div>
 </body>
</html>
