3293 5219
747 300 846 377 10

739 517 1126 594 itineribus
1184 541 1273 593 ac
1310 517 1591 594 semitis
1631 516 2174 611 circumsessis,
2231 520 2574 618 palantes
2611 544 2658 595 a
2691 522 2980 619 paratis

742 647 899 722 sine
936 645 1085 720 ullo
1126 645 1393 740 effugio
1435 647 1965 745 exciperentur,
2039 645 2740 744 trucidarenturque.
2803 649 2981 745 Ipse

739 774 931 847 inter
969 771 1156 846 alios
1176 771 1229 847 J
1232 770 1560 847 ohannes
1598 796 1757 847 cum
1780 773 2128 868 Feruaga
2147 774 2370 866 socio,
2408 772 2528 849 hic
2562 774 2814 871 pedes,
2850 774 2981 849 ille

741 920 991 997 eques,
1044 897 1403 996 dispersis
1440 921 1575 995 per
1615 899 1882 974 caedes
1921 897 2311 992 militibus,
2367 899 2785 998 periculoso
2823 923 2979 976 cer-

742 1026 1014 1102 tamine
1052 1048 1539 1121 congressus,
1606 1034 1977 1123 postremo
2017 1028 2316 1102 multum
2354 1027 2620 1126 diuque
2658 1036 2979 1120 certans,

744 1176 887 1228 non
925 1153 1085 1231 sine
1134 1154 1250 1228 sui
1309 1153 1729 1229 discrimine
1797 1155 2073 1247 victor,
2147 1154 2432 1229 hostem
2468 1157 2789 1254 pugione
2843 1179 2981 1255 per

741 1290 1124 1378 utrumque
1162 1282 1357 1356 latus
1394 1283 2050 1358 transverberavit.
2087 1282 2438 1378 Feruaga
2475 1291 2549 1357 et
2586 1304 2838 1357 omnes
2874 1283 2981 1357 fe-

739 1431 824 1483 re
861 1407 1084 1481 caesi.
1122 1406 1459 1482 Victoria
1477 1416 1552 1483 et
1586 1407 1910 1484 vindicta
1927 1407 2192 1482 laetior
2227 1409 2385 1500 fuit,
2423 1432 2640 1506 quam
2676 1408 2980 1509 praeda,

745 1534 941 1634 quod
976 1540 1085 1609 tot
1118 1533 1459 1609 hostibus
1496 1534 1881 1610 trucidatis
1905 1591 1922 1626 ,
1997 1557 2141 1609 non
2175 1535 2508 1635 pluribus
2547 1561 2762 1635 quam
2804 1558 2981 1634 qua-

743 1672 911 1739 tuor
948 1660 1103 1735 suis
1141 1660 1476 1751 amissis,
1549 1663 1776 1737 veluti
1831 1671 2213 1761 paternam
2269 1670 2575 1738 mortem
2630 1663 2980 1761 expiasse

748 1787 1139 1863 videretur.
1177 1787 1570 1865 Nonnullis
1609 1788 1705 1866 ad
1743 1798 1992 1865 castra
2021 1790 2303 1886 refugis
2365 1798 2440 1865 et
2479 1812 2655 1865 vero
2695 1791 2982 1887 majora

744 1915 1242 2009 miscentibus,
1279 1924 1361 1991 ut
1396 1917 1470 1992 in
1490 1918 1712 1992 simili
1748 1917 2237 2016 trepidatione
2257 1916 2542 2010 accidit,
2583 1918 2675 1992 de
2709 1918 2979 1993 virtute

747 2040 1124 2140 copiisque
1161 2041 1498 2137 hostium,
1539 2042 1881 2120 Cazonus
1909 2042 2187 2118 veritus
2224 2067 2315 2117 ne
2351 2043 2980 2134 intercluderetur,

748 2191 907 2248 cum
946 2175 1020 2244 et
1055 2177 1496 2245 commeatus
1523 2172 1682 2267 jam
1709 2170 2234 2269 impedirentur
2271 2194 2361 2245 ea
2396 2171 2540 2249 via.
2579 2194 2727 2268 qua
2764 2193 2979 2246 vene·

752 2303 890 2391 rat,
928 2295 1196 2370 budam
1236 2302 1532 2370 coactus
1570 2297 1774 2371 nulla
1810 2320 1892 2370 re
1928 2296 2131 2369 facta
2167 2298 2462 2372 reverti.
2502 2296 2648 2372 Per
2684 2296 2980 2372 eosdem

750 2424 908 2499 dies
948 2422 1492 2521 Transalpinas
1531 2446 1666 2520 per
1686 2420 1985 2498 Portam
2005 2420 2333 2498 Rubram
2372 2446 2528 2500 cum
2570 2423 2980 2498 Turcarum

748 2549 1389 2649 Valachorumque
1448 2550 1680 2650 copiis
1751 2550 1827 2626 in
1884 2551 2201 2629 Haczak
2241 2548 2375 2652 (ita
2428 2547 2723 2651 vocant)
2762 2576 2980 2652 pene-

750 2685 1025 2772 trarat3
1100 2678 1515 2774 missusque
1554 2677 1650 2752 ab
1689 2678 1979 2754 Joanne
2019 2678 2276 2755 Torek
2313 2678 2758 2755 Benedictus
2797 2678 2982 2772 Vas,

748 2804 942 2902 quod
980 2803 1258 2902 aliquot
1294 2803 1725 2902 oppidorum
1744 2804 2228 2903 villarumque
2269 2806 2582 2881 officium
2619 2806 2723 2881 ibi
2759 2806 2984 2881 habe-

747 2938 901 3024 ret,
979 2931 1170 3007 omni
1246 2930 1517 3006 circum
1573 2929 1959 3007 nobilitate
2035 2941 2107 3008 et
2158 2933 2477 3032 paganis
2554 2934 2689 3009 sub
2767 2933 2985 3031 signa

750 3056 1206 3151 convocatis,
1280 3056 1534 3132 hostes
1574 3055 1901 3150 detinuit,
1962 3057 2192 3133 donec
2231 3059 2283 3134 J
2288 3081 2565 3135 oannes
2604 3059 2981 3160 Kendeffy

751 3191 1113 3260 maturato
1169 3183 1430 3258 itinere
1485 3184 1939 3259 adventaret.
1998 3183 2329 3275 Quatuor
2365 3186 2595 3262 millia
2650 3212 2740 3263 ac
2779 3188 2981 3286 quin-

750 3314 956 3410 genti
1010 3311 1216 3387 mixti
1255 3310 1572 3388 Valachi
1630 3321 1706 3388 et
1742 3312 2031 3387 Turcae
2068 3312 2368 3411 primori
2424 3315 2497 3390 in
2538 3315 2697 3391 acie
2752 3325 2981 3393 erant.

751 3440 1009 3517 Nostri
1031 3439 1212 3516 certi
1272 3465 1362 3516 ac
1378 3442 1620 3540 parati
1641 3441 1736 3516 ad
1754 3439 2224 3540 pugnandum
2262 3464 2404 3517 non
2426 3442 2740 3541 amplius
2777 3467 2984 3520 cunc-

681 3554 686 3562 ’
749 3568 904 3644 tati.
945 3591 1160 3666 quam
1197 3575 1550 3666 tympana
1587 3574 1663 3642 et
1696 3568 1919 3642 tubae
1946 3588 2278 3674 sonuere,
2314 3566 2571 3644 hostes
2609 3568 2984 3662 invadunt,

752 3704 826 3780 et
859 3694 1093 3794 primo
1131 3695 1405 3794 impetu
1438 3695 1748 3771 fundunt
1786 3701 2282 3791 sternuntque.
2340 3694 2601 3794 Neque
2639 3697 2783 3790 illi,
2860 3695 2981 3794 qui

750 3820 1146 3897 secundum
1184 3821 1583 3896 exercitum
1618 3821 2057 3920 implebant,
2130 3822 2327 3896 ultra
2364 3823 2548 3916 ausi,
2604 3822 2985 3920 diffugere,

748 3948 1299 4024 Moldavienses
1317 3948 1709 4023 velocitate
1730 3957 1804 4024 et
1838 3948 2330 4042 festinatione,
2371 3972 2503 4048 per
2522 3957 2736 4024 notos
2772 3950 2983 4025 bras-

747 4076 1212 4151 sovianorum
1260 4075 1612 4151 montium
1643 4076 1878 4151 saltus
1919 4074 2264 4152 Siculiam
2320 4077 2825 4175 irrumpentes,
2863 4100 2988 4177 po-

744 4203 1145 4302 pulabundi
1203 4203 1362 4279 sine
1399 4227 1640 4302 poena
1694 4204 2014 4302 praedas
2064 4226 2309 4299 agere.
2367 4203 2580 4279 Haec
2634 4212 2805 4280 ante
2844 4202 2984 4280 Ca-

742 4330 1002 4405 lendas
1022 4329 1459 4405 Decembris
1480 4338 1699 4427 gesta
1738 4336 1925 4404 sunt.
1967 4331 2209 4405 Irritis
2247 4329 2629 4406 conatibus
2671 4328 2985 4429 Georgii

742 4480 932 4554 pace
968 4457 1169 4532 facta
1188 4465 1262 4532 et
1297 4458 1635 4533 hostibus
1659 4458 1966 4554 egregie
2002 4457 2396 4557 propulsis,
2436 4458 2735 4534 vixdum
2775 4458 2983 4556 quies

739 4592 1105 4682 coeperat,
1142 4605 1302 4660 cum
1337 4606 1528 4660 novo
1567 4593 1642 4660 et
1674 4594 2030 4684 perpetuo
2068 4584 2265 4659 bello
2285 4583 2484 4661 civili
2521 4593 2969 4683 externoque
