3293 5219
2338 333 2489 409 231

229 554 485 622 nostra
527 545 623 620 ad
660 545 1144 622 Colosvarum
1184 545 1505 620 adversa
1524 546 1946 622 valetudine
1998 546 2486 646 detinebatur;

226 672 356 747 sed
410 680 661 748 tamen
718 674 972 772 copias
1012 672 1487 769 undecunque
1545 673 2080 750 conscribebat.
2159 676 2479 751 Manda-

224 810 371 876 tum
430 800 740 876 ducibus
804 797 1213 889 addiderat,
1248 806 1330 874 ut
1386 799 1748 896 praelium
1787 823 2020 885 omne,
2062 802 2258 899 quod
2324 802 2468 877 sibi

219 926 599 1003 reservari
656 928 880 1001 vellet
953 949 1115 1000 cum
1189 927 1509 1021 majores
1569 926 1824 1022 copias
1885 949 2132 1003 secum
2197 929 2490 1003 attulis-

222 1061 355 1140 set,
418 1052 763 1128 vitarent.
824 1053 926 1126 At
981 1052 1199 1149 gnari
1256 1053 1474 1148 hujus
1517 1052 1808 1126 consilii
1867 1054 2088 1129 duces
2149 1053 2489 1148 hostium,

219 1203 303 1255 eo
332 1179 487 1255 sibi
523 1178 765 1275 magis
785 1178 1326 1276 properandum
1364 1179 1507 1253 rati
1548 1186 1738 1254 sunt.
1779 1181 1984 1275 Ergo
2026 1180 2149 1255 ubi
2191 1191 2481 1278 quanta

219 1313 640 1406 potuerunt,
700 1328 793 1377 ex
852 1303 1317 1378 comitatibus
1376 1304 1654 1379 auxilia
1716 1315 2270 1404 compararunt:
2333 1332 2493 1385 cum

224 1441 541 1532 quatuor
578 1430 901 1504 millibus
940 1453 1082 1503 non
1106 1429 1444 1527 ampliuS,
1477 1438 1740 1527 quarto
1763 1430 2019 1505 Nonas
2041 1432 2355 1508 Martias
2398 1435 2494 1508 ad

216 1558 493 1634 Hadad
549 1558 1016 1657 perveniunt.
1079 1558 1331 1632 Duces
1388 1557 1441 1631 J
1447 1554 1764 1631 ohannis
1823 1564 2237 1633 statuerant
2293 1560 2489 1636 intra

216 1696 468 1761 castra
503 1692 809 1784 paratos
832 1707 914 1759 se
935 1683 1331 1774 continere,
1357 1692 1431 1758 et
1469 1684 1756 1760 levibus
1783 1685 2305 1762 certaminibus
2357 1686 2487 1761 ho-

213 1822 401 1890 stem
460 1811 832 1886 distinere.
917 1808 1373 1901 Castellum,
1452 1812 1566 1886 cui
1625 1825 1873 1887 castra
1929 1816 2491 1908 conjunxerant,

216 1940 613 2039 plurimum
651 1961 782 2013 eos
824 1938 1296 2012 defendebat.
1339 1936 1659 2012 Militum
1699 1961 1988 2035 quoque
2027 1939 2324 2038 duplum
2362 1941 2492 2014 ha·

220 2069 519 2141 bebant.
616 2065 717 2140 At
772 2064 1095 2139 Francis
1118 2087 1248 2139 cus
1307 2065 1628 2164 Nemety
1703 2089 1850 2139 non
1888 2067 2093 2140 stetit
2132 2069 2488 2143 communi

214 2192 547 2285 consilio,
589 2201 663 2267 et
702 2193 798 2268 ad
835 2193 1168 2268 hostium
1209 2192 1609 2269 adventum
1651 2194 1942 2288 signum
1982 2194 2320 2268 occinere
2362 2194 2491 2267 lni-

215 2321 470 2395 litibus
501 2318 1167 2416 jubet,statimque
1206 2318 1613 2416 peditatum
1654 2327 1728 2392 et
1750 2318 2154 2415 equitatum
2194 2342 2482 2392 omnem

220 2446 484 2521 educit.
525 2445 643 2519 Ibi
679 2469 813 2544 pro
854 2446 1125 2520 castris
1183 2444 1455 2519 milites
1495 2446 2013 2537 consistentes,
2053 2445 2237 2519 nihil
2275 2446 2482 2543 prius

221 2572 599 2664 admoniti,
653 2580 936 2648 tantum
993 2570 1243 2667 ignari
1318 2573 1874 2669 exspectabant.
1934 2573 2057 2648 Illi
2099 2595 2273 2648 vero
2323 2575 2479 2669 jam

220 2711 390 2776 ante
431 2699 612 2775 certi
653 2721 1049 2773 conserere
1089 2719 1388 2786 manus,
1450 2698 1574 2770 ubi
1631 2699 1940 2795 propius
1983 2705 2297 2788 ventum,
2338 2698 2483 2772 Ba-

222 2827 437 2900 lassa
472 2835 646 2900 ante
668 2825 867 2899 alios
898 2824 1174 2922 raptim
1212 2824 1533 2920 equitum
1571 2825 1875 2919 globum
1911 2826 1987 2899 in
2029 2826 2314 2899 hostem
2357 2824 2487 2900 du-

224 2953 361 3048 cit3
439 2959 515 3026 et
549 2952 784 3050 pulsis
841 2950 1132 3049 primis,
1171 2951 1550 3048 peditatus
1610 2953 2244 3045 transsilvanicus,
2307 2975 2482 3048 quo-

222 3105 384 3156 rum
441 3101 621 3176 pars
678 3080 913 3174 major
971 3087 1132 3152 erat
1208 3075 1602 3174 Saxonum,
1679 3079 1753 3150 in
1809 3080 2063 3174 fugam
2124 3102 2206 3152 se
2245 3078 2492 3165 vertit,

223 3207 394 3283 inde
454 3205 904 3280 Franciscus
964 3207 1323 3302 Nemety‚
1383 3212 1643 3302 postea
1703 3227 1975 3280 omnes.
2074 3205 2288 3281 Unus
2329 3203 2491 3280 Ste-

220 3333 518 3434 phanus
558 3333 844 3430 Batory
923 3332 1214 3421 restitit,
1275 3339 1349 3406 et
1396 3355 1717 3428 pugnam
1779 3332 2123 3406 adversis
2173 3332 2491 3407 vulneri-

224 3463 362 3534 bus
402 3460 478 3533 in
499 3467 759 3557 pectus
803 3465 875 3532 et
905 3458 1213 3533 brachia
1237 3457 1644 3555 acceptis’f)
1706 3457 2087 3550 sustinuit;
2129 3457 2366 3531 donec
2409 3478 2489 3530 se

227 3588 601 3661 desertum
641 3588 734 3660 ab
777 3585 1115 3660 omnibus
1161 3584 1703 3659 animadvertit.
1758 3579 1908 3656 Sed
1945 3582 2303 3657 beneficio
2346 3583 2490 3657 sal-

226 3723 427 3790 tuum
468 3711 948 3807 cognitorum,
990 3712 1178 3786 inter
1233 3711 1442 3809 ipsos
1501 3710 1879 3785 confertos
1917 3708 2196 3800 hosteS,
2239 3717 2314 3783 et
2353 3709 2487 3782 cir·

229 3840 760 3930 cumvolanteS,
820 3837 1007 3911 alios
1064 3844 1656 3935 praecurrentes,
1725 3858 1887 3909 cum
1943 3836 2200 3932 paucis
2249 3835 2374 3908 vix
2414 3833 2490 3907 in

230 3975 465 4042 tutum
525 3965 806 4059 evasit3
883 3964 1226 4060 palantes
1285 3986 1462 4036 vero
1522 3959 1805 4059 passim
1861 3960 2074 4034 multi
2146 3960 2491 4034 trucidati

234 4100 425 4184 sunt,
467 4090 911 4188 praesertim
951 4115 997 4163 a
1028 4089 1519 4180 Balassianis,
1557 4096 1635 4162 ut
1674 4087 1892 4162 fidem
1930 4109 2120 4161 novo
2159 4084 2489 4160 facinore

238 4226 312 4292 et
349 4216 630 4313 insigni
666 4216 1117 4314 probarent3
1178 4212 1385 4288 multi
1408 4214 1634 4310 capti,
1657 4220 1731 4286 et
1769 4212 1960 4286 inter
1997 4233 2125 4284 eos
2163 4211 2492 4309 primarii

412 4517 473 4585 ὓ)
518 4513 762 4572 Istvanfi
801 4518 1109 4588 J'egyzete:
1140 4517 1266 4572 Non
1294 4516 1403 4572 fuit
1426 4519 1677 4584 saneim,
1703 4517 1806 4572 sed
1838 4531 2011 4587 aegre
2041 4515 2247 4583 evasit,
2274 4512 2486 4568 comite

230 4608 356 4661 solo
383 4605 794 4675 christophoro
824 4605 1168 4677 Kereztury.
