3293 5219
808 366 967 442 530

789 582 1125 671 animum,
1148 589 1221 655 et
1239 604 1426 677 quae
1467 582 1624 655 viro
1659 580 1987 678 Principi
2029 590 2197 654 sunt
2237 586 2703 666 ornamento,
2742 576 2817 651 id
2861 575 3059 674 quod

791 731 1122 801 magnae,
1162 730 1251 780 ac
1286 717 1668 805 spectatae
1709 708 2001 781 virtutis
2040 716 2175 785 est,
2216 707 2437 782 facile
2476 706 3060 780 demonstraret.

791 835 988 909 Hinc
1043 833 1439 909 decedente
1502 832 1968 909 Ferdinaudo
2011 835 2220 932 Rege
2296 832 2692 909 Catholico
2770 830 3057 906 Carolo

790 962 1002 1037 fratri
1039 961 1584 1060 possessionem
1644 962 2256 1057 amplissimorum
2336 962 2763 1056 Regnorum
2806 962 2879 1034 in
2921 959 3056 1033 Hi-

790 1089 1112 1189 spaniis,
1171 1089 1241 1161 in
1302 1086 1559 1163 Gallia
1599 1088 1946 1183 Belgica,
1989 1089 2062 1162 in
2102 1089 2364 1177 Italia,
2435 1111 2525 1161 ac
2563 1087 2760 1162 Novi
2821 1084 3056 1161 Orbis

786 1215 1166 1314 imperium
1205 1216 1550 1311 relinquit
1591 1241 1606 1286 ε
1671 1216 1833 1313 ipse
1872 1216 2260 1291 admodum
2335 1206 2790 1289 adolescens
2837 1235 3052 1310 prae-

787 1351 900 1417 ter
937 1342 1271 1431 Noricos,
1314 1339 1627 1435 Carnos,
1670 1342 2084 1421 Austriam,
2126 1366 2271 1438 qua
2312 1349 2682 1440 paternae
2747 1339 3052 1415 ditionis

789 1468 1247 1544 haereditate
1287 1469 1652 1544 crevisset
1689 1469 1785 1544 ad
1857 1468 2283 1546 Pannoniae
2323 1478 2395 1543 et
2474 1466 2878 1543 Bohemiae
2938 1488 3053 1539 re·

791 1617 962 1691 gna,
987 1596 1296 1673 adiectis
1324 1595 1583 1693 Illyris
1615 1620 1704 1670 ac
1739 1596 2302 1691 Marcomannis,
2364 1593 2782 1670 incredibili
2820 1616 3055 1692 popu·

789 1723 1023 1799 lorum
1063 1746 1449 1812 consensU‚
1490 1732 1571 1799 ut
1608 1723 1767 1798 dari
1813 1725 1952 1797 hoc
1989 1722 2198 1799 unius
2249 1722 2700 1797 Ferdinandi
2768 1718 3054 1810 virtuti,

789 1872 931 1924 non
980 1850 1335 1925 maiorum
1375 1850 1662 1946 gloriae
1703 1860 2135 1947 appareret,
2181 1859 2297 1925 est
2342 1859 2665 1925 evectus.

1006 1977 1240 2051 Erant
1278 1975 1568 2072 quidem
1608 1976 1683 2049 in
1726 1976 2219 2065 Ferdinando,
2295 1976 2370 2050 id
2430 1975 2623 2074 quod
2679 1976 3049 2051 neminem

791 2110 1115 2177 vestrum
1156 2103 1506 2197 ignorare
1547 2103 1907 2193 arbitror,
1969 2126 2127 2178 cum
2168 2104 2318 2179 alia
2356 2105 2601 2178 omnia
2648 2103 3051 2189 cumulata,

791 2251 1261 2327 quaecunque
1320 2229 2014 2333 summis'Regibus
2054 2231 2297 2305 studia
2334 2231 2808 2329 populorum,
2890 2229 3051 2304 ani-

791 2378 1096 2453 mosque
1155 2356 1591 2447 conciliant,
1650 2365 1798 2430 tum
1841 2356 2259 2432 humanitas
2317 2358 2677 2455 quaedam
2736 2355 3050 2431 mirifica

791 2494 865 2558 et
901 2485 1305 2581 singularis
1344 2484 1757 2558 liberalitas
1798 2485 2089 2582 quidem
2127 2494 2353 2576 tanta,
2394 2494 2474 2560 ut
2514 2509 2658 2559 non
2701 2485 2775 2558 id
2820 2510 2866 2560 a
2904 2484 3048 2557 for-

789 2621 966 2687 tuna
1003 2609 1277 2687 habere
1318 2607 1638 2707 (etiamsi
1676 2613 1749 2685 in
1790 2612 1991 2687 illum
2043 2636 2295 2689 omnes
2362 2637 2538 2690 suas
2568 2614 2825 2712 copias
2867 2613 3047 2687 effu-

792 2736 1053 2835 disset)
1096 2739 1226 2813 sed
1268 2740 1362 2813 ab
1403 2738 1741 2832 ingenio,
1821 2748 2039 2836 atque
2116 2741 2338 2815 animi
2413 2741 2483 2814 vi
2547 2741 2867 2838 quadam
2919 2740 3044 2813 im·

791 2886 1063 2953 mensa,
1098 2887 1285 2961 quae
1324 2865 1548 2938 nullis
1585 2865 1855 2940 finibus
1897 2866 2395 2942 circumscribi
2436 2877 2729 2964 posset,
2806 2867 3035 2942 facile

789 2990 1181 3065 videretur.
1225 2990 1341 3065 Ita
1381 2991 1609 3065 veluti
1648 2992 1865 3067 fictus
1905 2995 2002 3067 ab
2042 2994 2290 3091 aliquo
2333 2993 2497 3069 Deo
2556 3018 2646 3068 ac
2685 2994 3043 3067 divinitus

790 3141 826 3190 e
866 3117 1073 3191 coelo
1114 3116 1477 3192 demissus
1515 3141 1701 3193 unns
1743 3130 1944 3195 esset
1981 3121 2053 3193 in
2094 3120 2314 3195 terris
2353 3122 2578 3195 rebus
2660 3121 3039 3195 hominum

788 3242 1381 3341 praeficiendus:
1443 3244 1515 3316 in
1575 3245 2102 3339 augustissimo
2160 3247 2364 3321 orbis
2403 3256 2646 3322 terrae
2723 3246 3036 3321 consilio

789 3370 1276 3444 Romanorum
1335 3369 1533 3448 Rex,
1577 3370 1995 3469 Principum
2053 3374 2451 3470 suffragiis,
2502 3374 2575 3447 id
2616 3374 2762 3447 sibi
2804 3381 3040 3448 certa-

785 3497 916 3570 tim
954 3496 1246 3594 populis
1285 3497 1618 3571 omnibus
1659 3499 1851 3572 votis
1892 3498 2461 3597 deposcentibus
2521 3499 2871 3594 deligitur
2896 3559 2913 3594 ,
2951 3522 3034 3573 ac

789 3646 987 3697 more
1029 3633 1101 3697 et
1138 3623 1466 3699 instituto
1505 3625 1858 3700 maiorum
1903 3627 2359 3723 Aquisgrani
2436 3650 2761 3702 summae
2805 3626 3034 3722 digni·

786 3749 960 3824 tatis
999 3748 1434 3842 insignibus,
1477 3751 1669 3846 quod
1709 3753 1923 3838 felix,
1968 3755 2433 3851 faustumque
2473 3765 2545 3828 et
2583 3755 3032 3828 fortunatum

790 3874 1260 3950 Christianae
1300 3877 1782 3974 Reipublicae
1822 3891 2055 3968 esset,
2096 3882 2555 3957 honestatur.
2615 3881 2795 3955 Fuit
2850 3882 3028 3956 haec

788 4003 1076 4098 quidem
1118 4002 1186 4074 in
1236 4002 1536 4077 Austria
1577 4005 1858 4078 familia
1918 4008 2266 4081 maiorum
2308 4009 2670 4099 virtuS,ut
2709 4030 3029 4081 summos

785 4131 1104 4207 honores
1163 4133 1555 4207 virtutibus
1610 4135 1949 4209 maximis
1998 4138 2321 4227 anteire,
2397 4140 3029 4237 exspectationem

785 4259 1147 4336 hominum
1208 4283 1366 4333 cum
1405 4260 1546 4333 sibi
1585 4262 1903 4337 maxima
1942 4262 2032 4338 de
2072 4264 2223 4339 illis
2263 4267 2748 4365 sponderent,
2813 4266 3027 4362 longe

782 4407 1135 4484 superare
1175 4388 1395 4461 etiam
1469 4388 1946 4464 viderentur:
2007 4392 2141 4467 sed
2181 4392 2361 4470 illud
2397 4395 2473 4469 in
2549 4393 3021 4468 Ferdiuando

786 4513 1124 4588 eximium
1165 4539 1251 4588 ac
1295 4514 1513 4611 longe
1538 4516 2126 4613 pulcherrimum.
2154 4544 2313 4595 cum
2344 4522 2438 4597 ad
2472 4528 2751 4596 tantam
2792 4522 3021 4616 digni-

788 4646 1049 4710 tatem.
1111 4650 1184 4711 et
1257 4642 1544 4735 quidem
1621 4643 1823 4718 illam
1881 4657 2166 4742 partem
2226 4647 2512 4724 florenti
2588 4671 2725 4723 sua
2765 4657 3026 4724 aetate.
