3293 5219
787 303 887 383 76

785 524 880 599 ad
937 520 1309 622 publicum
1369 480 1797 599 consessum
1857 544 1939 596 se
1995 480 2364 597 relaturos
2404 521 2899 609 affirmabant,
2938 529 3044 596 at-

786 672 926 747 que
984 647 1513 747 provocabant.
1611 644 1981 721 Pontificii
2038 654 2287 723 tamen
2360 646 2604 721 studio
2680 646 3046 722 cavebant

793 796 1225 850 consessum
1266 772 1639 872 publicum
1710 768 1865 846 illis
1940 769 2150 863 dari,
2223 793 2384 846 cum
2440 768 2610 845 aliis
2651 771 2741 845 de
2781 771 3050 862 causis,

782 908 931 975 tum
991 922 1083 973 ne
1141 898 1602 996 publicorum
1663 904 1994 972 actorum
2050 895 2409 972 beneficio
2485 895 2887 994 aliquando
2942 897 3047 972 uti

783 1031 1109 1125 possent,
1172 1047 1317 1121 qua
1357 1022 1447 1099 de
1530 1045 1762 1099 causa
1829 1023 1906 1098 in
1948 1022 2235 1098 domum
2273 1022 2508 1119 legati
2564 1021 2923 1122 pontificii
2962 1023 3052 1098 fit

787 1157 1191 1226 conventus
1217 1206 1233 1239 ,
1328 1149 1579 1247 ibique
1665 1148 1931 1224 iisdem
2023 1149 2390 1225 mandatis
2447 1149 2675 1245 longa
2712 1148 3051 1224 oratione

789 1276 1150 1377 repetitis,
1192 1284 1266 1351 et
1304 1276 1519 1351 simul
1559 1275 2026 1352 confessione
2062 1275 2237 1350 fidei
2275 1276 2351 1350 in
2389 1276 2669 1374 scripto
2707 1275 3049 1375 patribus

786 1400 1118 1478 exhibita
1191 1399 1727 1500 respondetur,
1803 1409 2061 1501 patres
2119 1424 2252 1478 suo
2308 1410 2642 1501 tempore
2716 1401 3048 1478 declara-

790 1537 1022 1617 turos,
1065 1526 1259 1625 quid,
1300 1550 1593 1625 quaque
1634 1527 1726 1602 de
1764 1551 1847 1604 re
1886 1528 2228 1604 sentiant.
2259 1528 2312 1605 J
2316 1551 2435 1603 am
2475 1529 2696 1603 etiam
2717 1529 3052 1623 theologi

780 1655 1066 1752 aliquot
1117 1653 1598 1746 advenerant,
1677 1662 1752 1729 et
1787 1654 1863 1728 in
1927 1654 2044 1728 his
2084 1653 2483 1749 Brentius,
2522 1655 2645 1751 qui
2684 1655 3049 1730 actionem

792 1782 882 1856 de
928 1780 1310 1856 doctrinae
1332 1782 1802 1858 confessione
1828 1781 2308 1858 sollicitabat.
2350 1779 2686 1857 Tandem
2725 1782 2935 1857 nulla
2971 1806 3055 1856 re

799 1908 1083 1997 effecta,
1124 1915 1297 2005 post
1315 1909 1929 2006 protestationem
1971 1908 2270 1984 multam
2297 1907 2426 1982 alii
2463 1913 2635 2006 post
2673 1907 2864 1984 alios
2905 1908 3052 1983 dis-

797 2055 1117 2108 cessere.
1193 2033 1678 2131 Moguntinus
1723 2058 2015 2133 quoque
2073 2059 2161 2109 ac
2235 2034 2673 2109 trevirensis
2748 2042 2822 2109 et
2860 2034 3053 2109 colo-

784 2160 1065 2235 niensis
1142 2159 1686 2260 archiepiscopi
1752 2161 2038 2236 domum
2080 2160 2403 2251 abivere,
2463 2160 2658 2258 quod
2696 2160 3052 2235 tumultus

786 2286 862 2361 in
923 2281 1337 2363 Germania
1384 2289 1543 2385 jam
1598 2286 1885 2364 inolere
1942 2293 2316 2386 coeperat.
2373 2285 2587 2362 Haec
2634 2308 2872 2383 usque
2910 2283 3052 2362 Ca-

788 2410 1055 2487 lendas
1096 2408 1384 2510 Aprilis
1423 2421 1593 2487 acta
1615 2419 1806 2505 sunt,
1831 2435 1976 2510 quo
1999 2411 2116 2486 die
2153 2410 2544 2487 Mauritius
2567 2419 2642 2487 et
2681 2411 2868 2486 socii
2905 2410 3048 2487 Au-

794 2544 1092 2636 gustam
1116 2538 1583 2633 obsederunt,
1605 2540 1817 2636 quus
1840 2538 2201 2614 obsessae
2223 2545 2296 2613 et
2317 2536 2538 2639 paulo
2578 2544 2750 2639 post
2789 2545 3056 2637 captae

790 2686 953 2738 cum
1048 2662 1432 2740 celeritate
1530 2686 1813 2740 summa
1888 2667 2087 2739 fama
2194 2663 2630 2739 Tridentum
2702 2662 3058 2756 venisset,

788 2786 1172 2864 concilium
1227 2789 1449 2888 paulo
1504 2794 1678 2888 post
1736 2810 1881 2865 non
1940 2788 2196 2865 invitis
2237 2790 2460 2865 etia-m
2496 2788 2901 2890 pontificiis
2939 2798 3058 2867 est

787 2912 1247 2991 dissolutum.
2505 2997 2515 3007 ,

1004 3038 1286 3117 Fuerat
1324 3048 1662 3118 exortum
1700 3038 1981 3117 bellum
2018 3039 2406 3138 religionis
2447 3062 2652 3138 ergo,
2693 3039 3056 3138 proximis

799 3166 1016 3240 annis
1072 3165 1146 3240 in
1207 3163 1661 3261 Germania,
1719 3168 1915 3264 quod
1991 3191 2250 3244 caesar
2306 3176 2527 3266 atque
2582 3166 2921 3266 pontifex
2964 3169 3060 3244 ob

796 3293 1273 3369 mutationem
1328 3294 1716 3392 religionis
1793 3301 2319 3393 susceperant,
2393 3301 2475 3369 ut
2546 3300 3058 3393 protestantes

797 3419 1115 3495 concilio
1173 3420 1567 3498 tridentino
1608 3444 1877 3520 parere
1954 3430 2326 3517 cogerent,
2364 3421 2438 3495 in
2478 3445 2620 3518 quo
2670 3422 2723 3499 J
2730 3421 3064 3497 ohannes

795 3543 1230 3622 Fridericus
1273 3547 1552 3626 elector
1593 3545 1971 3625 Saxoniae
2009 3548 2306 3624 tandem
2361 3548 2501 3622 fuit
2542 3545 3061 3646 captus,land-

800 3671 1110 3767 gravius
1167 3694 1346 3748 vero
1376 3673 1619 3749 medio
1659 3673 1992 3749 Mauritii
2013 3673 2257 3749 soceri
2276 3672 2354 3764 ²¹⁸)
2414 3672 2538 3769 qui
2557 3672 2879 3772 partium
2898 3679 3064 3748 erat

810 3819 1432 3873 caesareanarum
1489 3799 1586 3873 ad
1663 3799 2120 3874 conditiones
2176 3797 2387 3897 pacis
2478 3796 2793 3873 devenit.
2858 3796 3068 3873 Inter

794 3944 981 4019 quas
1019 3946 1169 3999 una
1206 3929 1407 4017 erat,
1465 3930 1545 3998 ut
1605 3924 1673 4000 si
1730 3946 2110 4001 caesarem
2149 3924 2466 4023 supplex
2508 3922 3062 4021 deprecaretur,

790 4048 869 4122 in
923 4048 1244 4146 gratiam
1301 4049 1784 4149 reciperetur.
1844 4049 1996 4127 Sed
2051 4051 2226 4148 quia
2279 4049 2409 4125 ille
2484 4050 2796 4146 caesari,
2837 4058 3061 4146 atque

790 4167 1160 4271 Hispanis
1230 4197 1379 4251 non
1451 4175 1752 4272 fideret,
1827 4175 2010 4253 fiunt
2083 4196 2485 4277 sponsores
2552 4173 2949 4252 Mauritius
2988 4181 3065 4251 et

934 4464 996 4540 ὕ)
1017 4465 1261 4524 Ῑιινάιιΐι
1294 4471 1572 4543 Jegyzete
1595 4492 1608 4526 ε
1646 4471 1759 4527 imo
1780 4471 1996 4544 generi,
2016 4469 2319 4527 Mauritius
2342 4472 2496 4527 enim
2516 4469 2694 4528 filiam
2722 4471 3058 4542 landgravii

799 4553 1091 4628 Agnetem
1114 4558 1176 4614 in
1201 4560 1562 4626 matrimonio
1587 4559 1862 4621 habebat.
