3293 5219
685 1164 1234 1260 LIBER
1317 1164 2113 1260 TERTIUS·

1168 1375 1603 1388 0—w—-.——..-

470 1541 723 1617 Finito
760 1543 1079 1619 maximo
1119 1551 1193 1618 et
1224 1543 1667 1618 saevissimo
1707 1540 1928 1633 bello,
1971 1539 2377 1619 Castaldus
2417 1545 2514 1619 ad

263 1667 817 1744 Ferdinandum
854 1668 1105 1749 abivit,
1181 1668 1387 1743 nulla
1423 1692 1506 1743 re
1546 1674 1786 1763 gesta.
1861 1668 1914 1745 J
1921 1691 2039 1742 am
2075 1690 2255 1744 vero
2294 1656 2520 1744 homi-

257 1818 392 1870 nes
410 1793 930 1869 recordatione
949 1794 1358 1890 ingentium
1394 1791 1780 1886 factorum,
1823 1794 2142 1890 Georgii
2168 1794 2514 1868 virtutem
2609 1776 2624 1785 ’

253 1920 832 2012 admirabantur,
885 1928 1108 2017 atque
1152 1922 1533 2019 optabant,
1575 1922 1913 1998 omnibus
1932 1921 2143 2012 loeis,
2183 1920 2516 1996 omnibus

247 2047 577 2137 coronis,
652 2047 849 2120 omni
902 2047 1272 2121 hominum
1328 2055 1540 2123 coetu
1578 2047 2017 2145 praedicare
2066 2044 2514 2141 Georgium3

239 2181 496 2248 eontra
516 2173 664 2249 vim
704 2168 1091 2270 Solymani
1128 2195 1319 2248 anno
1361 2173 1727 2271 superiori
1764 2174 1870 2248 ita
1927 2172 2391 2261 subvenisse,
2430 2179 2511 2244 ut

239 2320 382 2371 non
402 2298 642 2374 solum
670 2298 1132 2373 Temesvaro
1172 2299 1620 2392 subvenerit,
1672 2299 1806 2373 sed
1860 2298 2177 2396 Lippam
2194 2296 2510 2371 fortissi-

238 2445 424 2498 mum
447 2423 799 2522 oppidum
810 2430 1028 2519 atque
1044 2446 1293 2499 arcem
1315 2424 1409 2498 ab
1432 2422 1856 2499 Ulumanno
1874 2423 2281 2498 fortissimo
2303 2421 2506 2497 duee,

246 2570 399 2624 oum
458 2572 734 2646 magno
775 2549 1106 2626 exercitu
1183 2550 1540 2625 acerrime
1600 2550 1980 2625 defensam
2039 2549 2503 2648 expugnarit,

237 2675 590 2779 pleraque
667 2673 980 2749 castella
1036 2675 1442 2772 receperit3
1495 2673 1879 2773 Solymani
1935 2674 2336 2751 exercitum
2390 2699 2502 2750 re-

237 2798 538 2896 pulerit,
595 2799 798 2875 vires
855 2801 1287 2894 contuderit,
1345 2801 1660 2897 denique
1717 2803 1995 2878 nullum
2053 2800 2312 2877 dueum
2386 2809 2501 2876 at-

234 2948 364 3020 que
422 2926 954 3022 imperatorum
1010 2933 1291 3000 tantum
1351 2928 1847 3026 praestitisse.
1909 2925 2324 3024 Sexaginta
2360 2928 2495 3001 ho-

235 3051 497 3125 minum
536 3051 982 3128 bellatorum
1019 3050 1254 3128 millia
1278 3047 1346 3150 ³¹⁸)
1383 3061 1534 3128 tum
1587 3053 2054 3147 conflavisse,
2092 3053 2350 3129 florem
2389 3054 2496 3152 ip-

239 3195 391 3250 sum
431 3175 762 3270 militiae,
802 3167 975 3252 non'⁸
987 3177 1092 3252 ita
1113 3199 1417 3269 summo,
1437 3201 1678 3277 neque
1700 3186 2032 3255 extremo
2092 3187 2379 3272 conatu,
2421 3186 2496 3255 et

231 3300 463 3399 ipsum
523 3303 603 3377 id
656 3309 1213 3400 repenteznuno
1272 3325 1477 3397 ver0,
1517 3305 1584 3378 si
1603 3305 1943 3396 vixisset,
2020 3307 2094 3380 in
2171 3307 2489 3381 maximo

235 3427 545 3504 omnium
607 3428 937 3525 periculo
995 3436 1457 3505 cessaturum
1497 3431 1731 3506 fuisse
1752 3430 1789 3503 ‘?
1842 3453 1985 3507 non
2008 3431 2491 3506 excitaturum

229 3571 428 3626 suam
450 3552 657 3627 illam
676 3552 1019 3628 virtutem
1032 3552 1070 3627 ἶ)
1089 3575 1234 3628 non
1247 3575 1765 3630 succursurum
1780 3553 2101 3630 afflictae
2139 3555 2431 3652 patriae
2452 3557 2489 3630 ’ἓ

229 3676 507 3753 Eadem
547 3676 822 3776 quippe
861 3699 1053 3770 esse,
1093 3700 1285 3774 quae
1322 3686 1471 3753 tum
1523 3680 1752 3772 fuere,
1793 3704 2018 3772 arma,
2058 3679 2282 3771 vires,
2320 3704 2486 3776 reg-

228 3826 356 3895 na3
395 3826 547 3877 non
624 3802 962 3878 homines
1019 3802 1351 3891 ducibus,
1409 3805 1543 3878 sed
1603 3804 1831 3880 duces
1888 3806 2305 3881 hominibus
2365 3806 2487 3880 de-

218 3927 447 4004 fuisse
472 3985 488 4000 .
584 3929 799 4004 Illius
873 3930 1016 4005 viri
1126 3931 1471 4007 virtutem
1550 3934 1766 4008 unius
1843 3942 1919 4009 et
1988 3934 2270 4010 auxilia
2362 3927 2483 4006 dess

222 4053 574 4128 siderare.
655 4052 981 4129 Amissis
1095 4077 1279 4150 ergo
1397 4062 1547 4130 tam
1654 4057 1873 4132 foede
1984 4082 2074 4133 ao
2182 4055 2478 4132 celerri-

219 4203 326 4254 me
361 4178 798 4255 fortissimis
847 4181 1334 4273 munimentis,
1375 4205 1466 4255 ao
1522 4181 1999 4280 amplissimis
2057 4183 2478 4277 ditionibus,

391 4407 453 4479 θ)
496 4405 767 4480 Ροτςάοὶι
806 4409 999 4466 Simon
1039 4412 1350 4482 jegyzete:
1404 4389 1492 4463 ΕΠ
1536 4416 1629 4464 ant
1669 4409 1807 4463 szaz
1834 4427 1968 4466 ezer
2012 4409 2325 4465 embernek
2352 4407 2477 4463 hal-

217 4499 429 4562 lotum,
479 4497 567 4552 kit
608 4496 796 4555 frater
839 4497 1081 4570 Gysrgy
1124 4500 1317 4572 Lippa
1364 4500 1514 4554 alatt
1561 4503 1989 4556 'tiszveszerzett
2018 4499 2140 4556 volt
2184 4517 2342 4574 nagy
2370 4498 2468 4557 ha·

227 4588 570 4661 marsaggal.
