3293 5219
2281 300 2436 389 321

227 545 333 600 ma
382 524 574 603 valle
628 525 907 602 incerto
964 528 1179 602 alveo
1217 550 1351 625 per
1385 528 1612 625 plana
1652 526 2072 620 decurrens,
2130 548 2439 624 sparsas

221 652 525 732 faciebat
577 656 902 749 lacunas,
958 661 1036 732 et
1073 676 1338 730 coecas
1374 655 1669 751 fossas3
1707 651 1900 728 unde
1938 655 2213 730 effossa
2251 677 2438 752 quae

223 780 637 858 circumerat
668 790 890 877 terra,
925 780 1283 858 immensa
1319 780 1702 859 latitudine
1720 780 1973 880 paludi
1994 780 2439 859 simillimam

218 907 478 984 fossam
514 909 888 985 reddebat.
955 908 1254 986 Moenia
1290 916 1513 1006 atque
1550 908 2114 1008 propugnacula
2152 932 2247 985 ex
2279 916 2439 985 arte

219 1059 352 1111 non
389 1058 577 1113 saxo
614 1045 742 1114 aut
776 1042 985 1112 cocto
1021 1037 1276 1129 latere,
1316 1036 1452 1113 sed
1486 1035 1780 1133 triplice
1829 1035 2088 1112 ordine
2127 1036 2436 1113 cratium

215 1161 468 1239 ferreis
517 1164 747 1242 clavis
802 1164 1212 1263 vinclisque
1265 1163 1461 1241 inter
1518 1186 1601 1240 se
1648 1166 2067 1262 junctorum
2133 1165 2321 1242 duos
2361 1172 2435 1239 et

215 1288 464 1392 viginti
491 1291 722 1390 pedes
760 1289 935 1385 lata,
957 1314 1048 1366 ac
1083 1289 1327 1365 media
1362 1290 1584 1365 humo
1623 1289 1886 1383 solida,
1910 1289 2247 1387 quamvis
2283 1292 2437 1367 for·

212 1414 470 1492 tissimi
524 1418 709 1493 muri
763 1417 913 1492 vim
966 1417 1360 1492 habebant.
1418 1417 1725 1492 Inerant
1758 1415 2085 1515 peditum
2123 1416 2324 1494 mille
2363 1425 2439 1495 et

209 1543 622 1641 octingenti,
659 1544 944 1642 equites
982 1541 1132 1639 CO,
1178 1543 1442 1619 civium
1481 1540 1632 1638 CL,
1674 1543 1799 1641 qui
1835 1543 2029 1619 ultro
2068 1567 2437 1621 remanse-

206 1679 381 1765 rant,
401 1693 659 1749 omnes
694 1670 1031 1768 ungarici
1049 1678 1267 1769 atque
1285 1668 1562 1769 illyrici
1582 1670 1923 1764 nominis,
1962 1670 2307 1748 mulieres
2347 1695 2437 1749 ac

206 1799 402 1896 pueri
440 1800 543 1875 ad
579 1799 721 1876 duo
759 1798 1027 1896 millia;
1081 1797 1409 1874 currulia
1445 1805 1810 1874 tormenta
1839 1798 2259 1896 sexaginta,
2278 1800 2437 1897 pul-

208 1926 392 2001 veris
466 1925 963 2021 tormentarii,
1020 1933 1097 2001 et
1130 1924 1398 2024 reliqui
1444 1931 1852 2025 apparatus
1889 1924 2160 2023 ingens
2200 1926 2434 2023 copia;
2484 1955 2485 1958 ¹

207 2074 332 2126 nec
368 2052 577 2127 aliud
612 2052 856 2150 magis
893 2052 1393 2128 desideratum
1432 2059 1569 2144 est,
1600 2073 1820 2149 quam
1857 2051 2165 2127 militum
2203 2053 2437 2149 copia,

210 2201 338 2274 quo
404 2202 581 2254 sero
637 2179 1175 2274 animadverso,
1230 2178 1462 2253 missa
1518 2177 1659 2252 duo
1710 2175 1990 2253 vexilla
2029 2175 2436 2254 Germano-

205 2325 352 2379 rum
388 2329 842 2400 remeavere,
882 2307 1185 2381 exclusa
1222 2313 1432 2380 arcta
1471 2303 1877 2399 obsidione3
1916 2313 2294 2403 expertum
2323 2312 2440 2381 est

202 2431 468 2508 nullam
509 2433 978 2510 munitionem
1015 2432 1494 2508 humanorum
1531 2453 1920 2530 corporum
1939 2431 2209 2507 robore
2225 2454 2434 2530 prae·

203 2561 644 2637 stantiorem.
736 2560 1021 2636 Eadem
1076 2556 1311 2635 hieme
1370 2559 1687 2634 lustrato
1762 2581 1898 2657 per
1971 2557 2436 2635 consiliarios

205 2688 508 2764 bellicos
548 2687 802 2781 milite,
861 2687 1155 2763 ducenti
1194 2687 1479 2785 equites
1517 2693 1597 2761 ut
1634 2684 1985 2782 superflui
2022 2685 2292 2761 milites
2334 2686 2437 2761 di-

207 2815 426 2911 missi,
514 2815 765 2891 itidem
876 2815 1255 2912 plerisque
1348 2813 1425 2886 in
1498 2812 1686 2886 locis
1760 2810 2139 2909 praesidia
2214 2812 2442 2889 immi-

202 2950 388 3036 nuta,
449 2965 623 3017 mox
662 2948 908 3015 tamen
964 2942 1480 3015 crebrescente
1535 2959 1825 3012 rumore
1882 2937 2178 3032 hostili,
2234 2940 2435 3019 mille

206 3069 489 3165 pedites
547 3091 876 3164 ungaros
934 3067 1458 3166 conscripturi,
1519 3089 1965 3164 quamquam
2004 3068 2232 3143 multa
2270 3091 2436 3143 con-

204 3195 617 3290 quisitione,
657 3197 783 3270 vix
824 3196 1108 3292 aliquot
1142 3195 1597 3271 invenerunt.
1637 3194 1860 3270 Haud
1896 3196 2289 3271 obscurum
2326 3205 2441 3273 est

201 3318 682 3398 Gebhardum
745 3323 1182 3399 Belczerum
1239 3323 1524 3399 consilii
1573 3314 1822 3396 bellici
1862 3322 2437 3400 vetustissimum

199 3443 486 3545 (novum
527 3452 754 3528 officii
803 3475 1039 3549 genus
1078 3454 1341 3528 recens
1380 3453 1783 3545 inventum,
1821 3475 1968 3526 non
2003 3453 2228 3528 multo
2266 3463 2437 3531 ante

196 3588 494 3654 mortem
534 3579 1052 3656 Ferdinandus
1093 3588 1394 3655 auctore
1435 3579 1944 3655 Maximiliano
2008 3575 2221 3678 legit)
2277 3580 2435 3678 glo-

199 3703 458 3779 riatum
501 3728 636 3781 suo
678 3705 989 3782 consilio
1032 3706 1295 3782 annuis
1337 3706 1834 3803 quadraginta
1881 3706 2206 3782 millibus
2245 3731 2433 3784 sum-

196 3837 306 3904 tus
343 3830 510 3906 fisci
549 3833 871 3909 levasse.
933 3831 1082 3907 Sed
1118 3833 1306 3909 haec
1346 3832 1715 3932 sapientia
1772 3832 1985 3907 clade
2049 3830 2434 3929 Ungariae

196 3958 539 4033 constitit.
597 3959 1048 4035 Litterarum
1107 3969 1181 4034 et
1235 3961 1691 4055 lingvarum,
1765 3959 1908 4033 nisi
1971 3962 2435 4052 vernaculae,

196 4082 519 4179 ignarus,
555 4086 634 4159 in
670 4086 881 4161 clade
918 4086 1015 4161 ad
1035 4087 1399 4162 Essecum
1437 4086 1801 4161 infelicem
1822 4108 2219 4184 paucorum
2241 4109 2435 4161 men-

195 4210 378 4285 sium
438 4220 513 4287 et
566 4212 1099 4310 stipendiorum
1154 4236 1370 4289 orsus
1429 4212 1804 4306 militiam,
1881 4220 2289 4310 captusque
2344 4235 2435 4288 ac

196 4338 488 4413 tandem
506 4338 932 4436 redemptus
955 4348 1092 4435 est,
1113 4362 1351 4438 neque
1374 4347 1594 4415 antea
1629 4360 1867 4436 neque
1905 4346 2079 4435 post
2114 4361 2432 4436 unquam

198 4464 465 4561 attigit.
504 4464 852 4543 Avaritia
887 4490 1122 4565 usque
1162 4465 1350 4542 adeo
1387 4465 1674 4557 foedus,
1693 4471 1775 4540 ut
1809 4464 1861 4541 ,J
1867 4463 2160 4541 ohanne
2200 4447 2474 4540 Peteo‘

199 4589 473 4666 classis
509 4599 586 4666 et
620 4589 918 4667 Comari
955 4592 1355 4692 praefecto,
1431 4591 1522 4666 de
1597 4589 1773 4689 expl
1788 4591 2247 4668 orationibus
2319 4613 2433 4665 se-

297 4759 503 4795 UONL‘M.
539 4761 700 4795 HUNG·
724 4762 858 4796 mss.
891 4762 1087 4796 SCRU'T·
1112 4762 1219 4797 xvl.
2007 4717 2106 4792 21
