3293 5219
1168 1283 1707 1384 LIBER
1790 1278 2618 1378 DECIMUS.

990 1670 1272 1744 Eodem
1327 1668 1479 1741 fere
1510 1674 1840 1765 tempore
1865 1672 2199 1740 oratores
2221 1663 2678 1752 etJohaunis
2700 1673 2773 1739 et
2809 1667 3011 1762 regis

771 1799 1124 1876 Poloniae
1144 1796 1506 1871 Viennam
1529 1794 2002 1869 advenerunt.
2022 1793 2169 1867 Hic
2187 1800 2350 1866 erat
2385 1792 2741 1868 Nicolaus
2764 1792 3017 1868 Prefe-

781 1923 1143 2021 rambzky
1194 1920 1795 2019 archiepiscopus
1835 1919 2296 2017 gnesnensis,
2317 1921 2635 1996 obscura
2671 1929 2888 1995 nocte
2927 1921 3018 1994 ci-

768 2051 1069 2127 vitatem
1109 2048 1204 2124 ad
1240 2049 1482 2123 lumen
1520 2047 1872 2122 funalium
1911 2046 2321 2143 ingressus,
2361 2056 2779 2145 propterca,
2825 2047 3016 2144 quod

777 2180 1083 2254 brumae
1099 2182 1428 2273 tempore
1447 2174 1736 2272 glacies
1758 2180 2055 2272 pontem
2079 2171 2570 2248 danubianum
2594 2172 3018 2270 disjecerat,

776 2312 853 2381 et
871 2302 1172 2399 navigio
1193 2301 1383 2376 inter
1396 2302 1682 2396 glacies
1704 2300 2194 2377 condensatas
2215 2324 2441 2396 aegre
2461 2301 2835 2399 potuerint
2871 2311 3019 2376 tra·

758 2428 1552 2529 jiccrc.Exspectabat
1572 2426 1793 2502 etiam
1839 2425 2051 2523 quiei
2074 2426 2365 2501 obviam
2409 2434 2879 2502 occurrerent
2920 2428 3016 2501 ab

771 2578 1079 2632 caesare
1100 2582 1115 2626 :
1157 2554 1290 2629 sed
1313 2576 1574 2629 caesar
1598 2577 1744 2629 non
1762 2553 1968 2652 prius
1991 2551 2088 2628 ad
2106 2551 2564 2629 invisendum
2589 2576 2752 2628 eum
2789 2553 3012 2632 misit.

774 2706 990 2782 quam
1010 2682 1082 2754 in
1105 2680 1500 2778 hospitium
1522 2681 1741 2754 venit.
1765 2680 2055 2754 Etenim
2080 2679 2499 2755 oratoribus
2521 2680 2675 2754 suis
2715 2677 2911 2754 idem
2934 2679 3022 2753 il-

779 2811 851 2883 lc
872 2809 1175 2896 fecerat,
1227 2827 1410 2902 quos
1446 2802 1644 2879 filiae
1668 2827 1848 2878 suae
1869 2827 2117 2894 causa,
2159 2827 2376 2901 quam
2395 2804 2522 2878 ille
2544 2806 2639 2878 ab
2662 2805 2857 2877 omni
2881 2827 3016 2879 suo

781 2932 1151 3009 consortio
1230 2932 1349 3006 diu
1424 2941 1914 3029 separaverat
2006 2932 2101 3005 ad
2194 2954 2352 3004 eum
2429 2931 2753 3006 miserat.
2832 2929 3020 3006 Cum

772 3085 947 3137 vcro
1044 3061 1119 3134 in
1177 3058 1571 3155 hospitium
1645 3058 1869 3150 venit,
1947 3058 2192 3133 statim
2268 3080 2402 3156 per
2478 3056 3022 3154 Sigismuudum

768 3187 1402 3264 Hermstaincrum
1512 3193 1586 3260 et
1663 3185 2142 3260 Franciscum
2259 3184 2610 3281 Forgach
2715 3183 3024 3261 salutari

758 3313 1007 3414 jussit.
1052 3310 1329 3388 Postea
1437 3313 1672 3410 primo
1781 3313 1856 3387 in
1968 3313 2385 3409 legatorum
2463 3335 2872 3407 congressu
2909 3334 3030 3386 sa·

769 3440 1025 3518 lutatio
1099 3439 1237 3513 fuit
1286 3439 1576 3514 nomine
1651 3441 1701 3515 J
1709 3437 2023 3515 ohannis
2082 3439 2296 3514 electi
2352 3440 2557 3536 regis
2616 3438 3029 3536 Ungariae,

770 3566 1213 3657 Dalmatiae,
1252 3563 1622 3658 Oroatiae,
1646 3564 2108 3657 Sclavoniae,
2141 3574 2220 3640 ut
2259 3566 2346 3639 de
2386 3567 2775 3661 majestate
2811 3564 3030 3660 regia

768 3693 1002 3790 legati
1034 3691 1525 3767 nihilomnino
1566 3693 2096 3768 demerentzad
2155 3693 2346 3790 quod
2385 3691 2904 3768 Ferdinandus
2943 3713 3028 3764 se

771 3820 1058 3918 quidem
1097 3841 1258 3893 cum
1297 3817 1497 3892 nullo
1519 3819 1667 3893 alio
1689 3843 1868 3916 rege
1910 3819 2290 3916 Ungariae
2328 3826 2812 3894 tractaturum
2846 3817 3028 3892 fuis-

774 3969 876 4039 se,
915 3943 1188 4041 inquit3
1231 3952 1552 4020 attamen
1629 3968 1762 4043 spe
1812 3945 2244 4021 concordiae
2282 3944 2772 4042 paciscendae
2811 3953 2887 4018 et
2925 3943 3029 4017 ‹li-

770 4070 1144 4145 rimendae
1185 4070 1414 4145 semel
1479 4073 1631 4146 litis
1673 4071 2079 4146 accerimae
2138 4094 2365 4146 causa
2401 4094 2792 4168 passurum
2832 4091 3026 4143 esse-

775 4197 1063 4293 Agendi
1084 4198 1260 4274 ordo
1275 4201 1717 4275 constitutus
1739 4208 1852 4274 est
1862 4198 2039 4274 talis
2062 4227 2076 4272 :
2099 4208 2177 4274 ut
2196 4198 2522 4273 Polonus
2545 4205 2619 4272 et
2636 4194 3028 4294 proposita

770 4331 846 4400 ct
881 4345 1245 4423 responsa
1282 4325 1476 4401 ultro
1515 4327 1844 4424 citroque
1902 4324 2216 4418 offerret,
2258 4348 2418 4400 cum
2456 4333 2536 4399 ut
2570 4347 2662 4397 ne
2704 4323 3018 4408 audiret,

773 4450 965 4549 quod
1004 4447 1255 4538 nollet,
1314 4476 1594 4546 caesar,
1634 4460 1786 4529 tum
1805 4461 1885 4527 ut
1933 4452 2483 4551 pacificatorum
2508 4447 3026 4527 auctoritatem

771 4573 1062 4650 nomine
1097 4574 1306 4670 regio
1347 4577 1668 4653 adderet.
1733 4581 1816 4654 In
1854 4578 2111 4678 prim0,
2152 4576 2348 4676 quod
2387 4576 2482 4650 ab
2522 4573 2802 4652 Polono
2844 4576 3020 4650 scri·
