3293 5219
802 256 960 334 338

797 476 1026 549 vitate
1066 476 1160 567 vi,
1200 482 1437 565 vento,
1478 474 1872 550 velocitate
1915 472 2157 548 omnia
2194 472 2516 547 remedia
2553 474 2832 549 anteiit.
2869 473 2920 549 J
2926 497 3043 548 am

799 602 1064 677 ceteris
1122 600 1532 700 absumptis
1569 600 1897 698 pulveris
1956 599 2339 698 sulphurei
2399 600 2612 699 copia
2660 609 2734 675 et
2768 600 3046 697 ignium

797 728 1179 804 missilium
1216 728 1290 802 in
1330 729 1513 803 aede
1572 728 1945 826 primaria,
2007 737 2081 803 et
2139 728 2453 824 quadam
2492 728 2679 803 turri
2718 728 3044 825 reposita

795 836 1227 948 timebatur3
1321 875 1486 929 nam
1528 855 1592 928 si
1632 864 1975 952 correpta
2031 879 2122 929 ea
2159 855 2332 947 igne
2370 854 2709 946 fuissent,
2748 879 2897 929 non
2936 876 3045 928 so·

797 983 942 1057 lum
996 982 1073 1055 in
1137 981 1457 1072 civitate,
1512 1005 1765 1056 verum
1819 982 2040 1056 etiam
2098 981 2170 1055 in
2231 982 2499 1056 castris
2555 969 3047 1056 miserabilem

794 1114 1122 1206 stragem
1161 1107 1586 1182 edidissent.
1665 1106 1874 1199 Quae
1913 1116 2154 1182 tamen
2194 1108 2480 1183 Aurelii
2518 1108 2893 1206 Fregosy‚
2930 1105 3050 1181 flo-

793 1234 1059 1310 rentini
1099 1234 1351 1309 auxilii
1374 1235 1581 1309 ducis
1623 1256 1854 1333 opera
1889 1235 2316 1331 laboreque,
2338 1235 2461 1331 qui
2500 1235 2595 1309 ad
2651 1233 3050 1311 subsidium
3083 1229 3094 1241 ’

791 1385 951 1436 cum
1008 1360 1163 1436 suis
1237 1369 1684 1451 accurrerat,
1745 1360 2050 1437 defensa
2105 1369 2310 1454 sunt3
2345 1362 2352 1373 “
2390 1385 2697 1458 quornm
2772 1369 3045 1435 temere

794 1488 1314 1570 cursitandum,
1358 1497 1482 1563 aut
1518 1488 1839 1585 praedas
1900 1490 2664 1587 circumspectantium
2704 1488 3038 1585 plerique

793 1616 887 1688 ab
978 1613 1372 1688 furibunda
1482 1614 1942 1690 multitudine
2054 1616 2444 1721 interfecti.
2555 1615 2772 1690 Multi
2869 1635 3046 1710 ergo

793 1743 1143 1816 mortales
1182 1740 1569 1835 interiere;
1606 1744 1941 1836 ambusti
1982 1752 2427 1819 commeatus
2477 1743 2755 1843 publici
2796 1751 2870 1817 et
2907 1742 3048 1841 pri·

799 1867 966 1957 vati,
1007 1867 1640 1943 mercimoniorum
1714 1868 2071 1945 immensa
2111 1871 2345 1967 copia,
2402 1880 2483 1945 ut
2536 1871 2612 1945 in
2668 1878 2780 1945 tot
2817 1869 3046 1965 genti-

790 2017 907 2068 um
948 2017 1342 2089 concursu3
1402 1995 1729 2092 nihilque
1768 1996 2100 2071 relictum
2119 2006 2418 2094 praeter
2458 1998 2717 2072 aedem
2738 2017 3028 2071 sacram

788 2120 1211 2218 turrimque,
1251 2130 1325 2196 et
1348 2120 1635 2197 domum
1656 2122 2039 2218 praefecti,
2079 2123 2154 2197 in
2182 2124 2344 2197 loco
2383 2123 2661 2197 veteris
2697 2123 2900 2197 arcis
2938 2122 3039 2196 si-

790 2254 959 2341 tam,
1001 2256 1074 2324 et
1110 2249 1505 2324 discretam
1545 2249 1881 2324 omnibus
1923 2249 2092 2323 aliis
2133 2250 2512 2325 aedificiis.

1015 2377 1101 2451 In
1141 2375 1500 2450 Inferiore
1560 2375 1905 2472 Ungaria
1943 2377 2201 2451 eodem
2259 2384 2588 2473 tempore
2644 2375 2831 2450 haec
2885 2384 3045 2450 acta

792 2510 979 2576 sunt.
1040 2500 1316 2577 Pertan
1357 2505 1587 2578 bassa
1646 2512 1817 2600 post
1909 2513 2202 2600 captam
2246 2499 2546 2577 Grinlam
2584 2502 3045 2601 propinquas

790 2651 1003 2703 arces
1078 2636 1152 2703 et
1208 2630 1520 2704 castella
1559 2630 2066 2704 exscindebat.
2144 2628 2748 2726 Vilagosvarum,
2844 2627 3041 2726 quod

791 2756 1064 2830 amisso
1105 2755 1562 2830 Temesvaro
1641 2756 2154 2852 longissimum
2228 2762 2389 2831 erat
2425 2755 2840 2848 confinium,
2900 2778 3036 2829 arx

792 2881 1083 2977 quidem
1140 2882 1326 2956 satis
1384 2880 1654 2973 valida,
1713 2881 1846 2955 sed
1902 2904 2048 2955 non
2107 2905 2297 2978 quae
2357 2881 2723 2956 adversus
2763 2889 3040 2956 tantum

791 3008 1076 3086 hostem
1171 3008 1521 3083 resistere
1578 3016 1858 3104 posset,
1921 3003 2041 3106 (ea
2081 3017 2244 3082 erat
2280 3008 2606 3083 familiae
2642 3001 3039 3102 Batoreae)

792 3135 1160 3210 desertum
1201 3137 1295 3211 ab
1370 3135 2069 3233 propugnatoribus,
2125 3136 2285 3210 sine
2362 3135 2910 3234 oppugnatione
2967 3135 3035 3206 in

789 3285 1044 3338 manus
1100 3262 1415 3338 hostium
1472 3260 1784 3336 devenit.
1823 3261 1875 3338 J
1881 3285 2060 3336 eneo
2110 3287 2245 3336 arx
2302 3260 2652 3360 Stephani
2692 3261 3040 3337 Losoncii

789 3391 1011 3481 iuius,
1057 3389 1194 3486 'qui
1249 3390 1326 3464 in
1384 3389 1844 3463 Temesvaro
1887 3389 2244 3481 occubuit,
2283 3388 2480 3464 haud
2516 3388 2746 3465 multo
2787 3388 3033 3464 melio-

788 3541 941 3593 rem
998 3518 1237 3592 aleam
1256 3516 1453 3591 lusit.
1514 3517 1565 3591 J
1573 3537 1875 3591 eneoum
1913 3517 2152 3591 tribus
2175 3524 2249 3590 et
2288 3517 2552 3614 viginti
2590 3518 2856 3592 diebus
2914 3539 3035 3613 op·
3102 3595 3106 3599 ,

790 3642 1169 3742 pugnavit,
1211 3650 1284 3716 et
1318 3663 1452 3739 per
1491 3638 1719 3714 hosce
1798 3641 1955 3716 dies
2013 3643 2331 3739 quinque
2372 3644 2777 3718 acerrimas
2811 3665 3034 3742 oppu-

790 3769 1179 3867 gnationes
1217 3770 1497 3843 frustra
1534 3768 1836 3842 fecerat.
1901 3767 2237 3843 Tandem
2259 3791 2419 3843 cum
2456 3778 2612 3845 tota
2648 3768 3034 3844 tormentis

793 3905 1033 3972 strata
1088 3903 1314 3987 esset,
1369 3918 1507 3970 nec
1542 3894 1696 3969 ulla
1734 3895 2021 3969 omnino
2073 3917 2251 3992 spes
2289 3896 2577 3992 reliqua
2615 3919 3036 3994 propugna-

786 4022 1118 4114 toribus,
1218 4021 1603 4096 consilium
1718 4021 2140 4119 erumpendi
2253 4021 2587 4120 capiunt,
2672 4046 2821 4119 qua
2907 4019 3036 4095 flu-

785 4172 951 4224 men
1028 4145 1267 4225 Cusus
1345 4150 1499 4223 arci
1575 4150 2178 4245 conjungebatur,
2258 4149 2452 4246 quod
2546 4148 2755 4223 illinc
2795 4158 3032 4226 custo-

787 4274 953 4349 diae
995 4275 1375 4350 remissius
1416 4283 1835 4371 agerentur.
1899 4271 2081 4349 Cum
2142 4299 2321 4371 ergo
2362 4299 2496 4373 per
2534 4277 2776 4351 noctis
2817 4277 3033 4351 silen-

781 4401 959 4476 tium
1017 4426 1250 4501 parvo
1315 4403 1628 4499 quodam
1688 4402 1986 4497 navigio
2026 4402 2660 4478 transmittendum
2700 4410 2921 4494 esset,
2964 4410 3036 4475 et

785 4526 916 4601 alii
957 4537 1127 4603 ante
1168 4529 1744 4625 alios'trajicere
1785 4529 2260 4621 festinarent,
2318 4553 2551 4628 neque
2592 4531 2683 4605 de
2730 4528 3031 4624 navigio
