<?xml version="1.0" encoding="UTF-8"?>
<!DOCTYPE html PUBLIC "-//W3C//DTD XHTML 1.0 Transitional//EN"
    "http://www.w3.org/TR/xhtml1/DTD/xhtml1-transitional.dtd">
<html xmlns="http://www.w3.org/1999/xhtml" xml:lang="en" lang="en">
 <head>
  <title>
</title>
<meta http-equiv="Content-Type" content="text/html;charset=utf-8" />
  <meta name='ocr-system' content='tesseract 3.04.00' />
  <meta name='ocr-capabilities' content='ocr_page ocr_carea ocr_par ocr_line ocrx_word'/>
</head>
<body>
  <div class='ocr_page' id='page_1' title='image "./magyarhistorija00bpgoog/magyarhistorija00bpgoog_0446.png"; bbox 0 0 3293 5219; ppageno 0'>
   <div class='ocr_carea' id='block_1_1' title="bbox 732 266 889 343">
    <p class='ocr_par' dir='ltr' id='par_1_1' title="bbox 732 266 889 343">
     <span class='ocr_line' id='line_1_1' title="bbox 732 266 889 343; baseline -0.013 0"><span class='ocrx_word' id='word_1_1' title='bbox 732 266 889 343; x_wconf 82' lang='lat'>328</span> 
     </span>
    </p>
   </div>
   <div class='ocr_carea' id='block_1_2' title="bbox 724 480 2992 4630">
    <p class='ocr_par' dir='ltr' id='par_1_2' title="bbox 724 480 2992 4630">
     <span class='ocr_line' id='line_1_2' title="bbox 726 480 2973 580; baseline -0.003 -20"><span class='ocrx_word' id='word_1_2' title='bbox 726 493 974 560; x_wconf 87' lang='lat' dir='ltr'>cetera</span> <span class='ocrx_word' id='word_1_3' title='bbox 1042 484 1222 559; x_wconf 89' lang='lat' dir='ltr'>fore.</span> <span class='ocrx_word' id='word_1_4' title='bbox 1282 483 1730 559; x_wconf 85' lang='lat' dir='ltr'>Franciscus</span> <span class='ocrx_word' id='word_1_5' title='bbox 1792 482 2138 578; x_wconf 84' lang='lat' dir='ltr'>Forgach</span> <span class='ocrx_word' id='word_1_6' title='bbox 2205 480 2660 576; x_wconf 88' lang='lat' dir='ltr'>Strigonium</span> <span class='ocrx_word' id='word_1_7' title='bbox 2716 488 2973 580; x_wconf 84' lang='lat' dir='ltr'>peten-</span> 
     </span>
     <span class='ocr_line' id='line_1_3' title="bbox 728 606 2979 709; baseline -0.002 -23"><span class='ocrx_word' id='word_1_8' title='bbox 728 613 894 686; x_wconf 88' lang='lat' dir='ltr'>dum</span> <span class='ocrx_word' id='word_1_9' title='bbox 933 611 1294 686; x_wconf 91' lang='lat' dir='ltr'>continuis</span> <span class='ocrx_word' id='word_1_10' title='bbox 1325 610 1734 703; x_wconf 89' lang='lat' dir='ltr'>itineribus,</span> <span class='ocrx_word' id='word_1_11' title='bbox 1792 618 1866 685; x_wconf 87' lang='lat' dir='ltr'>et</span> <span class='ocrx_word' id='word_1_12' title='bbox 1904 609 2517 709; x_wconf 87' lang='lat' dir='ltr'>oppugnandum;</span> <span class='ocrx_word' id='word_1_13' title='bbox 2583 609 2745 683; x_wconf 87' lang='lat' dir='ltr'>fore</span> <span class='ocrx_word' id='word_1_14' title='bbox 2784 606 2979 683; x_wconf 90' lang='lat' dir='ltr'>enim</span> 
     </span>
     <span class='ocr_line' id='line_1_4' title="bbox 724 732 2979 833; baseline -0.003 -19"><span class='ocrx_word' id='word_1_15' title='bbox 724 746 804 814; x_wconf 92' lang='lat' dir='ltr'>ut</span> <span class='ocrx_word' id='word_1_16' title='bbox 842 734 1172 833; x_wconf 89' lang='lat' dir='ltr'>Sigetum</span> <span class='ocrx_word' id='word_1_17' title='bbox 1210 745 1284 812; x_wconf 89' lang='lat' dir='ltr'>et</span> <span class='ocrx_word' id='word_1_18' title='bbox 1323 732 1550 811; x_wconf 79' lang='lat' dir='ltr'>Giula</span> <span class='ocrx_word' id='word_1_19' title='bbox 1571 737 1695 811; x_wconf 86' lang='lat' dir='ltr'>vel</span> <span class='ocrx_word' id='word_1_20' title='bbox 1732 737 2042 812; x_wconf 88' lang='lat' dir='ltr'>alterum</span> <span class='ocrx_word' id='word_1_21' title='bbox 2084 734 2979 817; x_wconf 83' lang='lat' dir='ltr'>obsidioneliberaretur;</span> 
     </span>
     <span class='ocr_line' id='line_1_5' title="bbox 729 860 2976 963; baseline -0.004 -21"><span class='ocrx_word' id='word_1_22' title='bbox 729 873 802 942; x_wconf 88' lang='lat' dir='ltr'>et</span> <span class='ocrx_word' id='word_1_23' title='bbox 821 864 888 940; x_wconf 91' lang='lat' dir='ltr'>si</span> <span class='ocrx_word' id='word_1_24' title='bbox 904 864 1267 963; x_wconf 90' lang='lat' dir='ltr'>praelium</span> <span class='ocrx_word' id='word_1_25' title='bbox 1288 864 1735 962; x_wconf 75' lang='lat' dir='ltr'>displiceret,</span> <span class='ocrx_word' id='word_1_26' title='bbox 1758 871 1985 939; x_wconf 87' lang='lat' dir='ltr'>tutum</span> <span class='ocrx_word' id='word_1_27' title='bbox 2023 863 2360 954; x_wconf 87' lang='lat' dir='ltr'>reditum,</span> <span class='ocrx_word' id='word_1_28' title='bbox 2383 861 2705 959; x_wconf 86' lang='lat' dir='ltr'>longiori</span> <span class='ocrx_word' id='word_1_29' title='bbox 2743 860 2862 935; x_wconf 95' lang='lat' dir='ltr'>illi</span> <span class='ocrx_word' id='word_1_30' title='bbox 2899 860 2976 933; x_wconf 94' lang='lat' dir='ltr'>in</span> 
     </span>
     <span class='ocr_line' id='line_1_6' title="bbox 731 986 2983 1089; baseline -0.002 -24"><span class='ocrx_word' id='word_1_31' title='bbox 731 991 973 1088; x_wconf 88' lang='lat' dir='ltr'>dup10,</span> <span class='ocrx_word' id='word_1_32' title='bbox 998 1014 1212 1089; x_wconf 89' lang='lat' dir='ltr'>quam</span> <span class='ocrx_word' id='word_1_33' title='bbox 1235 990 1773 1085; x_wconf 82' lang='lat' dir='ltr'>nobisitinere3</span> <span class='ocrx_word' id='word_1_34' title='bbox 1812 991 1917 1064; x_wconf 89' lang='lat' dir='ltr'>ita</span> <span class='ocrx_word' id='word_1_35' title='bbox 1937 990 2132 1065; x_wconf 85' lang='lat' dir='ltr'>trahi</span> <span class='ocrx_word' id='word_1_36' title='bbox 2170 990 2466 1083; x_wconf 89' lang='lat' dir='ltr'>bellum,</span> <span class='ocrx_word' id='word_1_37' title='bbox 2505 997 2578 1065; x_wconf 90' lang='lat' dir='ltr'>et</span> <span class='ocrx_word' id='word_1_38' title='bbox 2615 987 2817 1066; x_wconf 89' lang='lat' dir='ltr'>eludi</span> <span class='ocrx_word' id='word_1_39' title='bbox 2857 986 2983 1062; x_wconf 87' lang='lat' dir='ltr'>ho-</span> 
     </span>
     <span class='ocr_line' id='line_1_7' title="bbox 732 1112 2975 1213; baseline -0 -24"><span class='ocrx_word' id='word_1_40' title='bbox 732 1125 919 1190; x_wconf 87' lang='lat' dir='ltr'>stem</span> <span class='ocrx_word' id='word_1_41' title='bbox 955 1138 1203 1213; x_wconf 90' lang='lat' dir='ltr'>posse.</span> <span class='ocrx_word' id='word_1_42' title='bbox 1247 1113 1375 1190; x_wconf 87' lang='lat' dir='ltr'>Sin</span> <span class='ocrx_word' id='word_1_43' title='bbox 1414 1115 2151 1213; x_wconf 87' lang='lat' dir='ltr'>hostispersisteret,</span> <span class='ocrx_word' id='word_1_44' title='bbox 2189 1113 2385 1190; x_wconf 91' lang='lat' dir='ltr'>haud</span> <span class='ocrx_word' id='word_1_45' title='bbox 2424 1114 2642 1190; x_wconf 87' lang='lat' dir='ltr'>dubie</span> <span class='ocrx_word' id='word_1_46' title='bbox 2681 1112 2975 1211; x_wconf 87' lang='lat' dir='ltr'>Strigo-</span> 
     </span>
     <span class='ocr_line' id='line_1_8' title="bbox 728 1235 2973 1341; baseline -0 -25"><span class='ocrx_word' id='word_1_47' title='bbox 728 1235 851 1318; x_wconf 86' lang='lat' dir='ltr'>nio</span> <span class='ocrx_word' id='word_1_48' title='bbox 924 1250 1358 1340; x_wconf 88' lang='lat' dir='ltr'>recuperato</span> <span class='ocrx_word' id='word_1_49' title='bbox 1449 1266 1703 1341; x_wconf 90' lang='lat' dir='ltr'>parem</span> <span class='ocrx_word' id='word_1_50' title='bbox 1777 1242 2205 1332; x_wconf 87' lang='lat' dir='ltr'>victoriam,</span> <span class='ocrx_word' id='word_1_51' title='bbox 2297 1265 2553 1340; x_wconf 89' lang='lat' dir='ltr'>parem</span> <span class='ocrx_word' id='word_1_52' title='bbox 2627 1242 2973 1337; x_wconf 83' lang='lat' dir='ltr'>gloriam.</span> 
     </span>
     <span class='ocr_line' id='line_1_9' title="bbox 732 1364 2981 1467; baseline -0 -24"><span class='ocrx_word' id='word_1_53' title='bbox 732 1367 929 1443; x_wconf 82' lang='lat' dir='ltr'>Tahi</span> <span class='ocrx_word' id='word_1_54' title='bbox 965 1368 1325 1444; x_wconf 89' lang='lat' dir='ltr'>bellorum</span> <span class='ocrx_word' id='word_1_55' title='bbox 1380 1369 1662 1467; x_wconf 88' lang='lat' dir='ltr'>peritus</span> <span class='ocrx_word' id='word_1_56' title='bbox 1720 1368 2184 1466; x_wconf 65' lang='lat' dir='ltr'>subscripsit.</span> <span class='ocrx_word' id='word_1_57' title='bbox 2227 1364 2496 1460; x_wconf 84' lang='lat' dir='ltr'>Ceteri,</span> <span class='ocrx_word' id='word_1_58' title='bbox 2540 1368 2739 1465; x_wconf 90' lang='lat' dir='ltr'>quod</span> <span class='ocrx_word' id='word_1_59' title='bbox 2785 1367 2981 1443; x_wconf 89' lang='lat' dir='ltr'>inter</span> 
     </span>
     <span class='ocr_line' id='line_1_10' title="bbox 734 1492 2982 1592; baseline -0 -23"><span class='ocrx_word' id='word_1_60' title='bbox 734 1492 1087 1591; x_wconf 79' lang='lat' dir='ltr'>ancipitia</span> <span class='ocrx_word' id='word_1_61' title='bbox 1138 1495 1592 1570; x_wconf 87' lang='lat' dir='ltr'>teterrimum</span> <span class='ocrx_word' id='word_1_62' title='bbox 1651 1501 1785 1586; x_wconf 90' lang='lat' dir='ltr'>est,</span> <span class='ocrx_word' id='word_1_63' title='bbox 1842 1494 2155 1569; x_wconf 90' lang='lat' dir='ltr'>medium</span> <span class='ocrx_word' id='word_1_64' title='bbox 2214 1494 2523 1592; x_wconf 86' lang='lat' dir='ltr'>sequuti,</span> <span class='ocrx_word' id='word_1_65' title='bbox 2579 1494 2689 1569; x_wconf 90' lang='lat' dir='ltr'>ire</span> <span class='ocrx_word' id='word_1_66' title='bbox 2726 1494 2982 1571; x_wconf 81' lang='lat' dir='ltr'>Jauri·</span> 
     </span>
     <span class='ocr_line' id='line_1_11' title="bbox 740 1617 2982 1720; baseline 0 -26"><span class='ocrx_word' id='word_1_67' title='bbox 740 1645 932 1711; x_wconf 89' lang='lat' dir='ltr'>num,</span> <span class='ocrx_word' id='word_1_68' title='bbox 969 1628 1048 1696; x_wconf 84' lang='lat' dir='ltr'>ct</span> <span class='ocrx_word' id='word_1_69' title='bbox 1102 1620 1207 1695; x_wconf 95' lang='lat' dir='ltr'>ibi</span> <span class='ocrx_word' id='word_1_70' title='bbox 1262 1620 1643 1697; x_wconf 90' lang='lat' dir='ltr'>consilium</span> <span class='ocrx_word' id='word_1_71' title='bbox 1699 1644 1793 1695; x_wconf 80' lang='lat' dir='ltr'>ex</span> <span class='ocrx_word' id='word_1_72' title='bbox 1850 1627 2115 1696; x_wconf 88' lang='lat' dir='ltr'>eventu</span> <span class='ocrx_word' id='word_1_73' title='bbox 2173 1644 2460 1720; x_wconf 89' lang='lat' dir='ltr'>capere.</span> <span class='ocrx_word' id='word_1_74' title='bbox 2520 1617 2751 1696; x_wconf 84' lang='lat' dir='ltr'>Sexto</span> <span class='ocrx_word' id='word_1_75' title='bbox 2808 1620 2982 1694; x_wconf 91' lang='lat' dir='ltr'>hinc</span> 
     </span>
     <span class='ocr_line' id='line_1_12' title="bbox 750 1744 2984 1843; baseline 0 -23"><span class='ocrx_word' id='word_1_76' title='bbox 750 1747 868 1821; x_wconf 89' lang='lat' dir='ltr'>die</span> <span class='ocrx_word' id='word_1_77' title='bbox 905 1753 1241 1843; x_wconf 87' lang='lat' dir='ltr'>promota</span> <span class='ocrx_word' id='word_1_78' title='bbox 1279 1754 1529 1820; x_wconf 86' lang='lat' dir='ltr'>castra</span> <span class='ocrx_word' id='word_1_79' title='bbox 1567 1767 1801 1843; x_wconf 88' lang='lat' dir='ltr'>usque</span> <span class='ocrx_word' id='word_1_80' title='bbox 1838 1746 1890 1823; x_wconf 77' lang='lat' dir='ltr'>,J</span> <span class='ocrx_word' id='word_1_81' title='bbox 1897 1747 2245 1822; x_wconf 90' lang='lat' dir='ltr'>aurinum.</span> <span class='ocrx_word' id='word_1_82' title='bbox 2271 1744 2558 1822; x_wconf 82' lang='lat' dir='ltr'>Caesar</span> <span class='ocrx_word' id='word_1_83' title='bbox 2596 1747 2691 1821; x_wconf 85' lang='lat' dir='ltr'>ad</span> <span class='ocrx_word' id='word_1_84' title='bbox 2730 1746 2984 1821; x_wconf 85' lang='lat' dir='ltr'>villam</span> 
     </span>
     <span class='ocr_line' id='line_1_13' title="bbox 739 1873 2977 1973; baseline -0.001 -24"><span class='ocrx_word' id='word_1_85' title='bbox 739 1874 963 1949; x_wconf 87' lang='lat' dir='ltr'>Abda</span> <span class='ocrx_word' id='word_1_86' title='bbox 1001 1874 1353 1949; x_wconf 80' lang='lat' dir='ltr'>consedit.</span> <span class='ocrx_word' id='word_1_87' title='bbox 1375 1873 1665 1970; x_wconf 89' lang='lat' dir='ltr'>Ungari</span> <span class='ocrx_word' id='word_1_88' title='bbox 1701 1874 1778 1948; x_wconf 95' lang='lat' dir='ltr'>in</span> <span class='ocrx_word' id='word_1_89' title='bbox 1816 1874 2174 1973; x_wconf 82' lang='lat' dir='ltr'>proximis</span> <span class='ocrx_word' id='word_1_90' title='bbox 2213 1874 2379 1948; x_wconf 92' lang='lat' dir='ltr'>urbi</span> <span class='ocrx_word' id='word_1_91' title='bbox 2418 1873 2721 1971; x_wconf 88' lang='lat' dir='ltr'>campis,</span> <span class='ocrx_word' id='word_1_92' title='bbox 2760 1874 2977 1948; x_wconf 88' lang='lat' dir='ltr'>inter-</span> 
     </span>
     <span class='ocr_line' id='line_1_14' title="bbox 734 1981 2981 2097; baseline 0.001 -22"><span class='ocrx_word' id='word_1_93' title='bbox 734 2001 1003 2076; x_wconf 89' lang='lat' dir='ltr'>fluente</span> <span class='ocrx_word' id='word_1_94' title='bbox 1068 1997 1370 2074; x_wconf 87' lang='lat' dir='ltr'>Rabcza</span> <span class='ocrx_word' id='word_1_95' title='bbox 1410 1981 1855 2097; x_wconf 82' lang='lat' dir='ltr'>conjunxere</span> <span class='ocrx_word' id='word_1_96' title='bbox 1895 2007 2144 2075; x_wconf 89' lang='lat' dir='ltr'>castra</span> <span class='ocrx_word' id='word_1_97' title='bbox 2218 2023 2378 2075; x_wconf 92' lang='lat' dir='ltr'>cum</span> <span class='ocrx_word' id='word_1_98' title='bbox 2432 1999 2569 2091; x_wconf 91' lang='lat' dir='ltr'>his,</span> <span class='ocrx_word' id='word_1_99' title='bbox 2626 1999 2751 2096; x_wconf 87' lang='lat' dir='ltr'>qui</span> <span class='ocrx_word' id='word_1_100' title='bbox 2791 1998 2981 2078; x_wconf 88' lang='lat' dir='ltr'>citra</span> 
     </span>
     <span class='ocr_line' id='line_1_15' title="bbox 737 2126 2971 2226; baseline -0.001 -22"><span class='ocrx_word' id='word_1_101' title='bbox 737 2126 1155 2204; x_wconf 86' lang='lat' dir='ltr'>Danubium</span> <span class='ocrx_word' id='word_1_102' title='bbox 1174 2127 1493 2202; x_wconf 88' lang='lat' dir='ltr'>barones</span> <span class='ocrx_word' id='word_1_103' title='bbox 1532 2149 1623 2200; x_wconf 89' lang='lat' dir='ltr'>ac</span> <span class='ocrx_word' id='word_1_104' title='bbox 1650 2127 2038 2202; x_wconf 82' lang='lat' dir='ltr'>comitatus</span> <span class='ocrx_word' id='word_1_105' title='bbox 2068 2150 2450 2202; x_wconf 84' lang='lat' dir='ltr'>caesarem</span> <span class='ocrx_word' id='word_1_106' title='bbox 2490 2127 2971 2226; x_wconf 86' lang='lat' dir='ltr'>opperieban-</span> 
     </span>
     <span class='ocr_line' id='line_1_16' title="bbox 737 2250 2980 2351; baseline -0.002 -22"><span class='ocrx_word' id='word_1_107' title='bbox 737 2263 872 2329; x_wconf 86' lang='lat' dir='ltr'>tur.</span> <span class='ocrx_word' id='word_1_108' title='bbox 932 2253 1100 2328; x_wconf 92' lang='lat' dir='ltr'>Huc</span> <span class='ocrx_word' id='word_1_109' title='bbox 1174 2254 1542 2329; x_wconf 87' lang='lat' dir='ltr'>advenere</span> <span class='ocrx_word' id='word_1_110' title='bbox 1634 2250 2000 2328; x_wconf 88' lang='lat' dir='ltr'>Antonius</span> <span class='ocrx_word' id='word_1_111' title='bbox 2074 2253 2489 2329; x_wconf 87' lang='lat' dir='ltr'>Verancius</span> <span class='ocrx_word' id='word_1_112' title='bbox 2582 2254 2980 2351; x_wconf 88' lang='lat' dir='ltr'>episcopus</span> 
     </span>
     <span class='ocr_line' id='line_1_17' title="bbox 741 2376 2987 2477; baseline -0.002 -22"><span class='ocrx_word' id='word_1_113' title='bbox 741 2379 1134 2477; x_wconf 88' lang='lat' dir='ltr'>agriensis,</span> <span class='ocrx_word' id='word_1_114' title='bbox 1190 2379 1468 2454; x_wconf 88' lang='lat' dir='ltr'>Paulus</span> <span class='ocrx_word' id='word_1_115' title='bbox 1526 2379 1967 2454; x_wconf 87' lang='lat' dir='ltr'>Bornemiza</span> <span class='ocrx_word' id='word_1_116' title='bbox 2023 2378 2441 2471; x_wconf 84' lang='lat' dir='ltr'>nitriensis,</span> <span class='ocrx_word' id='word_1_117' title='bbox 2500 2402 2591 2454; x_wconf 90' lang='lat' dir='ltr'>ac</span> <span class='ocrx_word' id='word_1_118' title='bbox 2664 2376 2987 2477; x_wconf 86' lang='lat' dir='ltr'>Stepha-</span> 
     </span>
     <span class='ocr_line' id='line_1_18' title="bbox 742 2503 2992 2604; baseline -0 -24"><span class='ocrx_word' id='word_1_119' title='bbox 742 2530 880 2583; x_wconf 91' lang='lat' dir='ltr'>nus</span> <span class='ocrx_word' id='word_1_120' title='bbox 919 2506 1179 2581; x_wconf 77' lang='lat' dir='ltr'>Dobo.</span> <span class='ocrx_word' id='word_1_121' title='bbox 1238 2503 1488 2581; x_wconf 84' lang='lat' dir='ltr'>Censa</span> <span class='ocrx_word' id='word_1_122' title='bbox 1542 2512 1715 2580; x_wconf 87' lang='lat' dir='ltr'>sunt</span> <span class='ocrx_word' id='word_1_123' title='bbox 1772 2505 2091 2604; x_wconf 89' lang='lat' dir='ltr'>equitum</span> <span class='ocrx_word' id='word_1_124' title='bbox 2152 2506 2295 2582; x_wconf 89' lang='lat' dir='ltr'>duo</span> <span class='ocrx_word' id='word_1_125' title='bbox 2352 2506 2584 2582; x_wconf 89' lang='lat' dir='ltr'>millia</span> <span class='ocrx_word' id='word_1_126' title='bbox 2655 2513 2733 2581; x_wconf 87' lang='lat' dir='ltr'>et</span> <span class='ocrx_word' id='word_1_127' title='bbox 2785 2504 2992 2602; x_wconf 89' lang='lat' dir='ltr'>quin·</span> 
     </span>
     <span class='ocr_line' id='line_1_19' title="bbox 741 2629 2991 2730; baseline 0 -23"><span class='ocrx_word' id='word_1_128' title='bbox 741 2633 967 2730; x_wconf 83' lang='lat' dir='ltr'>genti,</span> <span class='ocrx_word' id='word_1_129' title='bbox 1006 2632 1327 2729; x_wconf 87' lang='lat' dir='ltr'>peditum</span> <span class='ocrx_word' id='word_1_130' title='bbox 1366 2629 1589 2706; x_wconf 86' lang='lat' dir='ltr'>mille.</span> <span class='ocrx_word' id='word_1_131' title='bbox 1629 2632 1774 2706; x_wconf 89' lang='lat' dir='ltr'>His</span> <span class='ocrx_word' id='word_1_132' title='bbox 1801 2632 2097 2707; x_wconf 84' lang='lat' dir='ltr'>stativis</span> <span class='ocrx_word' id='word_1_133' title='bbox 2138 2632 2430 2708; x_wconf 88' lang='lat' dir='ltr'>Turcas</span> <span class='ocrx_word' id='word_1_134' title='bbox 2469 2632 2719 2707; x_wconf 87' lang='lat' dir='ltr'>villam</span> <span class='ocrx_word' id='word_1_135' title='bbox 2760 2629 2991 2729; x_wconf 86' lang='lat' dir='ltr'>Cajar</span> 
     </span>
     <span class='ocr_line' id='line_1_20' title="bbox 738 2758 2989 2857; baseline 0 -24"><span class='ocrx_word' id='word_1_136' title='bbox 738 2761 814 2835; x_wconf 91' lang='lat' dir='ltr'>in</span> <span class='ocrx_word' id='word_1_137' title='bbox 848 2759 1259 2856; x_wconf 89' lang='lat' dir='ltr'>propinquo</span> <span class='ocrx_word' id='word_1_138' title='bbox 1297 2759 1694 2856; x_wconf 89' lang='lat' dir='ltr'>populatos</span> <span class='ocrx_word' id='word_1_139' title='bbox 1716 2758 2008 2855; x_wconf 90' lang='lat' dir='ltr'>Ungari</span> <span class='ocrx_word' id='word_1_140' title='bbox 2066 2760 2349 2835; x_wconf 86' lang='lat' dir='ltr'>frustra</span> <span class='ocrx_word' id='word_1_141' title='bbox 2385 2759 2753 2857; x_wconf 87' lang='lat' dir='ltr'>insequuti</span> <span class='ocrx_word' id='word_1_142' title='bbox 2794 2766 2989 2835; x_wconf 86' lang='lat' dir='ltr'>sunt.</span> 
     </span>
     <span class='ocr_line' id='line_1_21' title="bbox 741 2886 2983 2985; baseline 0.001 -26"><span class='ocrx_word' id='word_1_143' title='bbox 741 2886 888 2962; x_wconf 87' lang='lat' dir='ltr'>Per</span> <span class='ocrx_word' id='word_1_144' title='bbox 925 2886 1222 2961; x_wconf 86' lang='lat' dir='ltr'>eosdem</span> <span class='ocrx_word' id='word_1_145' title='bbox 1263 2886 1419 2960; x_wconf 88' lang='lat' dir='ltr'>dies</span> <span class='ocrx_word' id='word_1_146' title='bbox 1473 2886 1950 2962; x_wconf 87' lang='lat' dir='ltr'>incursavere</span> <span class='ocrx_word' id='word_1_147' title='bbox 1989 2894 2063 2962; x_wconf 91' lang='lat' dir='ltr'>et</span> <span class='ocrx_word' id='word_1_148' title='bbox 2103 2887 2466 2979; x_wconf 84' lang='lat' dir='ltr'>levenses,</span> <span class='ocrx_word' id='word_1_149' title='bbox 2526 2896 2602 2963; x_wconf 87' lang='lat' dir='ltr'>et</span> <span class='ocrx_word' id='word_1_150' title='bbox 2640 2894 2811 2985; x_wconf 84' lang='lat' dir='ltr'>post</span> <span class='ocrx_word' id='word_1_151' title='bbox 2848 2887 2983 2963; x_wconf 90' lang='lat' dir='ltr'>ali-</span> 
     </span>
     <span class='ocr_line' id='line_1_22' title="bbox 744 3012 2992 3112; baseline 0.001 -26"><span class='ocrx_word' id='word_1_152' title='bbox 744 3020 917 3110; x_wconf 68' lang='lat' dir='ltr'>quot</span> <span class='ocrx_word' id='word_1_153' title='bbox 953 3012 1242 3111; x_wconf 87' lang='lat' dir='ltr'>praelia</span> <span class='ocrx_word' id='word_1_154' title='bbox 1281 3013 1526 3088; x_wconf 90' lang='lat' dir='ltr'>dolum</span> <span class='ocrx_word' id='word_1_155' title='bbox 1561 3037 1948 3112; x_wconf 87' lang='lat' dir='ltr'>paravere.</span> <span class='ocrx_word' id='word_1_156' title='bbox 2008 3012 2434 3106; x_wconf 89' lang='lat' dir='ltr'>Praemissi,</span> <span class='ocrx_word' id='word_1_157' title='bbox 2472 3015 2598 3111; x_wconf 92' lang='lat' dir='ltr'>qui</span> <span class='ocrx_word' id='word_1_158' title='bbox 2634 3036 2992 3112; x_wconf 86' lang='lat' dir='ltr'>provoca-</span> 
     </span>
     <span class='ocr_line' id='line_1_23' title="bbox 742 3137 2990 3239; baseline 0.002 -28"><span class='ocrx_word' id='word_1_159' title='bbox 742 3142 905 3212; x_wconf 90' lang='lat' dir='ltr'>rent</span> <span class='ocrx_word' id='word_1_160' title='bbox 960 3137 1410 3236; x_wconf 89' lang='lat' dir='ltr'>praesidium</span> <span class='ocrx_word' id='word_1_161' title='bbox 1466 3139 1562 3215; x_wconf 88' lang='lat' dir='ltr'>ad</span> <span class='ocrx_word' id='word_1_162' title='bbox 1602 3149 1993 3230; x_wconf 87' lang='lat' dir='ltr'>certamen,</span> <span class='ocrx_word' id='word_1_163' title='bbox 2035 3148 2108 3216; x_wconf 88' lang='lat' dir='ltr'>et</span> <span class='ocrx_word' id='word_1_164' title='bbox 2162 3141 2452 3216; x_wconf 89' lang='lat' dir='ltr'>interim</span> <span class='ocrx_word' id='word_1_165' title='bbox 2509 3142 2762 3239; x_wconf 88' lang='lat' dir='ltr'>plures</span> <span class='ocrx_word' id='word_1_166' title='bbox 2818 3162 2990 3215; x_wconf 88' lang='lat' dir='ltr'>sese</span> 
     </span>
     <span class='ocr_line' id='line_1_24' title="bbox 742 3264 2988 3365; baseline 0 -24"><span class='ocrx_word' id='word_1_167' title='bbox 742 3264 1199 3341; x_wconf 88' lang='lat' dir='ltr'>abdiderunt.</span> <span class='ocrx_word' id='word_1_168' title='bbox 1240 3266 1366 3343; x_wconf 92' lang='lat' dir='ltr'>Illi</span> <span class='ocrx_word' id='word_1_169' title='bbox 1424 3267 1769 3343; x_wconf 85' lang='lat' dir='ltr'>simulata</span> <span class='ocrx_word' id='word_1_170' title='bbox 1805 3269 1986 3365; x_wconf 86' lang='lat' dir='ltr'>fuga</span> <span class='ocrx_word' id='word_1_171' title='bbox 2040 3275 2339 3343; x_wconf 87' lang='lat' dir='ltr'>nostros</span> <span class='ocrx_word' id='word_1_172' title='bbox 2377 3268 2451 3342; x_wconf 93' lang='lat' dir='ltr'>in</span> <span class='ocrx_word' id='word_1_173' title='bbox 2489 3265 2799 3342; x_wconf 87' lang='lat' dir='ltr'>insidias</span> <span class='ocrx_word' id='word_1_174' title='bbox 2836 3274 2988 3342; x_wconf 87' lang='lat' dir='ltr'>tra-</span> 
     </span>
     <span class='ocr_line' id='line_1_25' title="bbox 740 3394 2984 3491; baseline 0.002 -25"><span class='ocrx_word' id='word_1_175' title='bbox 740 3414 956 3486; x_wconf 77' lang='lat' dir='ltr'>xere3</span> <span class='ocrx_word' id='word_1_176' title='bbox 999 3397 1147 3466; x_wconf 89' lang='lat' dir='ltr'>tum</span> <span class='ocrx_word' id='word_1_177' title='bbox 1220 3415 1474 3491; x_wconf 85' lang='lat' dir='ltr'>pugna</span> <span class='ocrx_word' id='word_1_178' title='bbox 1547 3395 1895 3484; x_wconf 85' lang='lat' dir='ltr'>exoritur,</span> <span class='ocrx_word' id='word_1_179' title='bbox 1938 3396 2073 3469; x_wconf 87' lang='lat' dir='ltr'>sed</span> <span class='ocrx_word' id='word_1_180' title='bbox 2128 3394 2387 3489; x_wconf 89' lang='lat' dir='ltr'>nostri,</span> <span class='ocrx_word' id='word_1_181' title='bbox 2424 3402 2506 3471; x_wconf 89' lang='lat' dir='ltr'>ut</span> <span class='ocrx_word' id='word_1_182' title='bbox 2560 3395 2801 3473; x_wconf 86' lang='lat' dir='ltr'>victos</span> <span class='ocrx_word' id='word_1_183' title='bbox 2873 3394 2984 3470; x_wconf 89' lang='lat' dir='ltr'>in·</span> 
     </span>
     <span class='ocr_line' id='line_1_26' title="bbox 740 3517 2989 3620; baseline 0.002 -28"><span class='ocrx_word' id='word_1_184' title='bbox 740 3517 1029 3617; x_wconf 89' lang='lat' dir='ltr'>trepide</span> <span class='ocrx_word' id='word_1_185' title='bbox 1093 3518 1424 3616; x_wconf 88' lang='lat' dir='ltr'>sequuti,</span> <span class='ocrx_word' id='word_1_186' title='bbox 1500 3542 1646 3604; x_wconf 86' lang='lat' dir='ltr'>non</span> <span class='ocrx_word' id='word_1_187' title='bbox 1722 3520 1796 3593; x_wconf 90' lang='lat' dir='ltr'>in</span> <span class='ocrx_word' id='word_1_188' title='bbox 1871 3521 2102 3597; x_wconf 87' lang='lat' dir='ltr'>aciem</span> <span class='ocrx_word' id='word_1_189' title='bbox 2176 3523 2630 3620; x_wconf 83' lang='lat' dir='ltr'>pugnabant,</span> <span class='ocrx_word' id='word_1_190' title='bbox 2707 3520 2989 3620; x_wconf 86' lang='lat' dir='ltr'>disper-</span> 
     </span>
     <span class='ocr_line' id='line_1_27' title="bbox 743 3643 2990 3745; baseline 0.002 -28"><span class='ocrx_word' id='word_1_191' title='bbox 743 3644 810 3717; x_wconf 90' lang='lat' dir='ltr'>si</span> <span class='ocrx_word' id='word_1_192' title='bbox 849 3667 895 3717; x_wconf 87' lang='lat' dir='ltr'>a</span> <span class='ocrx_word' id='word_1_193' title='bbox 933 3643 1287 3740; x_wconf 86' lang='lat' dir='ltr'>confertis</span> <span class='ocrx_word' id='word_1_194' title='bbox 1337 3643 1735 3742; x_wconf 87' lang='lat' dir='ltr'>profligati.</span> <span class='ocrx_word' id='word_1_195' title='bbox 1794 3644 2359 3724; x_wconf 86' lang='lat' dir='ltr'>Bartolomaeus</span> <span class='ocrx_word' id='word_1_196' title='bbox 2403 3649 2701 3723; x_wconf 86' lang='lat' dir='ltr'>Horvat</span> <span class='ocrx_word' id='word_1_197' title='bbox 2770 3670 2990 3745; x_wconf 87' lang='lat' dir='ltr'>prae-</span> 
     </span>
     <span class='ocr_line' id='line_1_28' title="bbox 738 3770 2989 3872; baseline 0.002 -30"><span class='ocrx_word' id='word_1_198' title='bbox 738 3770 976 3845; x_wconf 87' lang='lat' dir='ltr'>fectus</span> <span class='ocrx_word' id='word_1_199' title='bbox 1050 3771 1298 3847; x_wconf 87' lang='lat' dir='ltr'>multis</span> <span class='ocrx_word' id='word_1_200' title='bbox 1372 3771 1796 3847; x_wconf 90' lang='lat' dir='ltr'>vulneribus</span> <span class='ocrx_word' id='word_1_201' title='bbox 1854 3775 2180 3869; x_wconf 87' lang='lat' dir='ltr'>acceptis</span> <span class='ocrx_word' id='word_1_202' title='bbox 2253 3773 2628 3872; x_wconf 88' lang='lat' dir='ltr'>illatisque</span> <span class='ocrx_word' id='word_1_203' title='bbox 2704 3780 2989 3870; x_wconf 88' lang='lat' dir='ltr'>captus,</span> 
     </span>
     <span class='ocr_line' id='line_1_29' title="bbox 743 3896 2983 3998; baseline 0.002 -30"><span class='ocrx_word' id='word_1_204' title='bbox 743 3896 1161 3994; x_wconf 87' lang='lat' dir='ltr'>missusque</span> <span class='ocrx_word' id='word_1_205' title='bbox 1216 3898 1663 3996; x_wconf 89' lang='lat' dir='ltr'>imperatori,</span> <span class='ocrx_word' id='word_1_206' title='bbox 1704 3922 1863 3974; x_wconf 94' lang='lat' dir='ltr'>cum</span> <span class='ocrx_word' id='word_1_207' title='bbox 1905 3923 2046 3998; x_wconf 90' lang='lat' dir='ltr'>quo</span> <span class='ocrx_word' id='word_1_208' title='bbox 2084 3897 2550 3975; x_wconf 84' lang='lat' dir='ltr'>familiariter</span> <span class='ocrx_word' id='word_1_209' title='bbox 2605 3896 2983 3997; x_wconf 91' lang='lat' dir='ltr'>colloquu-</span> 
     </span>
     <span class='ocr_line' id='line_1_30' title="bbox 742 4020 2986 4125; baseline 0 -28"><span class='ocrx_word' id='word_1_210' title='bbox 742 4028 860 4097; x_wconf 91' lang='lat' dir='ltr'>tus</span> <span class='ocrx_word' id='word_1_211' title='bbox 917 4020 1362 4125; x_wconf 85' lang='lat' dir='ltr'>Solymanus</span> <span class='ocrx_word' id='word_1_212' title='bbox 1421 4025 1707 4118; x_wconf 88' lang='lat' dir='ltr'>dicitur,</span> <span class='ocrx_word' id='word_1_213' title='bbox 1747 4024 1967 4125; x_wconf 86' lang='lat' dir='ltr'>paulo</span> <span class='ocrx_word' id='word_1_214' title='bbox 2005 4035 2176 4125; x_wconf 91' lang='lat' dir='ltr'>post</span> <span class='ocrx_word' id='word_1_215' title='bbox 2212 4027 2282 4099; x_wconf 92' lang='lat' dir='ltr'>in</span> <span class='ocrx_word' id='word_1_216' title='bbox 2323 4050 2623 4102; x_wconf 90' lang='lat' dir='ltr'>carcere</span> <span class='ocrx_word' id='word_1_217' title='bbox 2679 4033 2986 4101; x_wconf 88' lang='lat' dir='ltr'>mortem</span> 
     </span>
     <span class='ocr_line' id='line_1_31' title="bbox 743 4148 2988 4251; baseline 0.001 -29"><span class='ocrx_word' id='word_1_218' title='bbox 743 4148 944 4224; x_wconf 90' lang='lat' dir='ltr'>obiit.</span> <span class='ocrx_word' id='word_1_219' title='bbox 1040 4153 1201 4229; x_wconf 89' lang='lat' dir='ltr'>Nec</span> <span class='ocrx_word' id='word_1_220' title='bbox 1290 4151 1634 4226; x_wconf 88' lang='lat' dir='ltr'>Andreas</span> <span class='ocrx_word' id='word_1_221' title='bbox 1711 4153 2034 4228; x_wconf 84' lang='lat' dir='ltr'>Balassa</span> <span class='ocrx_word' id='word_1_222' title='bbox 2126 4153 2604 4251; x_wconf 88' lang='lat' dir='ltr'>prosperiore</span> <span class='ocrx_word' id='word_1_223' title='bbox 2697 4155 2988 4228; x_wconf 88' lang='lat' dir='ltr'>fortuna</span> 
     </span>
     <span class='ocr_line' id='line_1_32' title="bbox 742 4278 2985 4378; baseline 0.001 -28"><span class='ocrx_word' id='word_1_224' title='bbox 742 4299 942 4371; x_wconf 73' lang='lat' dir='ltr'>usuS,</span> <span class='ocrx_word' id='word_1_225' title='bbox 980 4280 1123 4354; x_wconf 89' lang='lat' dir='ltr'>nisi</span> <span class='ocrx_word' id='word_1_226' title='bbox 1161 4279 1352 4378; x_wconf 88' lang='lat' dir='ltr'>quod</span> <span class='ocrx_word' id='word_1_227' title='bbox 1408 4279 1613 4353; x_wconf 92' lang='lat' dir='ltr'>solus</span> <span class='ocrx_word' id='word_1_228' title='bbox 1650 4278 2049 4374; x_wconf 90' lang='lat' dir='ltr'>periculum</span> <span class='ocrx_word' id='word_1_229' title='bbox 2108 4279 2387 4376; x_wconf 83' lang='lat' dir='ltr'>effugit.</span> <span class='ocrx_word' id='word_1_230' title='bbox 2426 4281 2603 4378; x_wconf 88' lang='lat' dir='ltr'>Ipse</span> <span class='ocrx_word' id='word_1_231' title='bbox 2643 4302 2734 4354; x_wconf 90' lang='lat' dir='ltr'>ac</span> <span class='ocrx_word' id='word_1_232' title='bbox 2772 4279 2985 4353; x_wconf 88' lang='lat' dir='ltr'>Eme—</span> 
     </span>
     <span class='ocr_line' id='line_1_33' title="bbox 741 4402 2983 4505; baseline 0 -25"><span class='ocrx_word' id='word_1_233' title='bbox 741 4406 938 4480; x_wconf 90' lang='lat' dir='ltr'>ricus</span> <span class='ocrx_word' id='word_1_234' title='bbox 979 4403 1273 4482; x_wconf 84' lang='lat' dir='ltr'>Czobor</span> <span class='ocrx_word' id='word_1_235' title='bbox 1310 4407 1505 4505; x_wconf 89' lang='lat' dir='ltr'>apud</span> <span class='ocrx_word' id='word_1_236' title='bbox 1568 4402 1921 4482; x_wconf 84' lang='lat' dir='ltr'>Carolum</span> <span class='ocrx_word' id='word_1_237' title='bbox 1958 4431 2004 4482; x_wconf 87' lang='lat' dir='ltr'>a</span> <span class='ocrx_word' id='word_1_238' title='bbox 2040 4407 2292 4505; x_wconf 89' lang='lat' dir='ltr'>pueris</span> <span class='ocrx_word' id='word_1_239' title='bbox 2333 4407 2596 4503; x_wconf 87' lang='lat' dir='ltr'>educti,</span> <span class='ocrx_word' id='word_1_240' title='bbox 2653 4430 2745 4481; x_wconf 91' lang='lat' dir='ltr'>ne</span> <span class='ocrx_word' id='word_1_241' title='bbox 2785 4405 2983 4504; x_wconf 88' lang='lat' dir='ltr'>equi-</span> 
     </span>
     <span class='ocr_line' id='line_1_34' title="bbox 740 4530 2977 4630; baseline 0.001 -23"><span class='ocrx_word' id='word_1_242' title='bbox 740 4533 936 4608; x_wconf 88' lang='lat' dir='ltr'>tibus</span> <span class='ocrx_word' id='word_1_243' title='bbox 1009 4533 1382 4630; x_wconf 87' lang='lat' dir='ltr'>ungaricis</span> <span class='ocrx_word' id='word_1_244' title='bbox 1440 4541 1750 4628; x_wconf 87' lang='lat' dir='ltr'>careret,</span> <span class='ocrx_word' id='word_1_245' title='bbox 1809 4556 1973 4610; x_wconf 90' lang='lat' dir='ltr'>cum</span> <span class='ocrx_word' id='word_1_246' title='bbox 2052 4530 2182 4609; x_wconf 83' lang='lat' dir='ltr'>CO</span> <span class='ocrx_word' id='word_1_247' title='bbox 2240 4535 2456 4610; x_wconf 87' lang='lat' dir='ltr'>ambo</span> <span class='ocrx_word' id='word_1_248' title='bbox 2512 4534 2589 4609; x_wconf 91' lang='lat' dir='ltr'>in</span> <span class='ocrx_word' id='word_1_249' title='bbox 2645 4532 2977 4610; x_wconf 78' lang='lat' dir='ltr'>militiam</span> 
     </span>
    </p>
   </div>
  </div>
 </body>
</html>
