3293 5219
797 294 1035 358 XXVI

804 476 1393 567 visszavonulas,
1416 476 1572 551 lak-
1612 480 1688 549 es
1707 476 2196 548 hivatalcsere
2238 475 2417 547 volt..
2462 476 2524 548 F
2530 474 2680 548 elre
2702 471 3027 547 ettottek.

803 599 1307 697 Forgzichnak
1382 627 1553 675 nem
1628 599 1789 672 volt
1864 600 2239 673 szandeka
2311 600 2554 675 ‚Ianos
2628 598 3032 696 Zsigmond

797 722 1043 796 mellea
1078 725 1542 797 Maximilian
1580 723 1754 797 elien
1799 723 2192 813 mflkodni‚
2262 750 2297 797 s
2334 750 2506 796 nem
2546 724 2615 795 is·
2646 721 3035 795 mflkodott

802 849 1006 924 soha.
1048 850 1336 926 Sokkal
1394 852 1802 949 szigorubb
1858 851 2034 924 vala.
2079 850 2419 948 politikai
2475 846 2901 937 hitvallasa„
2962 847 3036 917 es

806 974 1071 1048 sokkal
1132 976 1488 1076 melyebb
1547 974 2042 1073 megvetessel
2097 974 2495 1049 viseltetett
2531 1000 2576 1047 a
2613 975 3034 1072 partot-cse·

799 1098 1008 1172 relok
1065 1102 1259 1173 irai-nt
1291 1096 1410 1197 ⁴⁰),
1472 1101 1663 1173 mint
1719 1099 1936 1199 hogy
1997 1125 2225 1197 maga
2264 1111 2382 1172 azt
2461 1097 2724 1172 eserelt
2778 1093 3030 1168 volna.

804 1221 1163 1298 Azonban
1203 1251 1374 1298 nem
1442 1226 1672 1298 csoda
1728 1223 1827 1297 ha
1881 1225 2021 1323 {gy
2074 1223 2397 1320 fogatott
2449 1222 2550 1295 fel
2605 1221 2855 1318 lepese
2909 1219 3032 1318 oly

800 1348 1101 1438 idoben,
1179 1347 1312 1422 hol
1366 1374 1410 1421 a
1466 1350 1841 1446 partcsere
1895 1347 2381 1446 mindennapi
2438 1345 2669 1444 dolog
2705 1347 2886 1437 volt,
2966 1346 3040 1416 es

800 1475 1058 1547 midssn
1098 1476 1289 1571 epen
1347 1472 1668 1546 Bocskai
1727 1471 2087 1573 Gryorgy,
2145 1472 2366 1546 Dobo
2410 1472 2690 1561 Istvan,
2732 1469 3042 1543 Balassa

802 1598 854 1671 J
859 1601 1044 1670 anos
1103 1597 1429 1672 valoban
1489 1597 1964 1695 atpartoltak.
2027 1595 2234 1670 Ezek
2281 1607 2459 1670 tette
2517 1594 3042 1669 osszeesktives

804 1721 985 1812 volt,
1029 1748 1063 1793 s
1104 1723 1594 1795 sorradalmat
1623 1732 1781 1795 vett
1816 1721 2099 1795 czelba.
2142 1721 2206 1794 A
2232 1720 2488 1821 kiraly
2528 1720 2729 1792 hivei
2764 1720 3043 1815 Forga-

803 1845 981 1919 chot
1018 1872 1172 1946 egy
1210 1848 1434 1921 sorba
1471 1845 1871 1947 helyeztek
1912 1874 1955 1919 a
1987 1844 2518 1919 hfloelenekkel
2550 1844 2572 1878 ⁴
2599 1840 2672 1940 ¹),
2711 1844 3046 1941 igazsag·

803 2057 1089 2125 trabitur.
1145 2058 1274 2123 Sed
1308 2058 1387 2121 de
1420 2082 1495 2121 eo
1532 2056 1834 2120 ulteriora
1890 2065 2357 2142 exspectemus,
2394 2066 2731 2142 postquam
2783 2054 3042 2119 dubium

805 2164 988 2227 nobis
1020 2165 1323 2250 patefecit
1372 2166 1449 2228 cle
1500 2165 1779 2227 discessu
1826 2186 1937 2227 suo
1977 2186 2019 2225 a
2036 2164 2172 2247 fide
2211 2163 2518 2229 Caesaris.
2585 2161 2841 2227 Similes
2875 2167 3045 2226 enim

804 2272 1185 2334 mutationes
1241 2281 1442 2334 status
1494 2281 1819 2356 nequeunt
1869 2270 2080 2334 subito
2122 2272 2343 2334 venire
2393 2269 2759 2334 hominibus
2792 2292 2874 2332 ex
2908 2292 3049 2333 sen·

803 2375 1023 2441 tentia.
1087 2378 1171 2441 Et
1202 2380 1456 2443 interim
1509 2399 1974 2463 saepenumero
2025 2375 2313 2463 subrepit
2362 2375 2797 2462 nequidquam
2832 2377 3046 2461 poeni·

807 2482 979 2565 tudo,
1029 2495 1180 2548 nota
1230 2488 1421 2550 etiam
1476 2485 1718 2549 inflicta
1766 2484 1980 2566 fronti,
2030 2496 2093 2548 et
2146 2486 2393 2547 minora
2445 2485 2635 2565 nacti,
2685 2505 2876 2568 quam
2930 2485 3053 2547 sibi

809 2612 976 2654 vana
1007 2591 1357 2677 cupiditate
1391 2590 1881 2678 promiserant.“
1918 2589 1946 2677 (
1979 2592 2173 2676 Pray,
2208 2591 2376 2655 Ann.
2410 2589 2498 2658 id.
2535 2589 2596 2657 b.
2629 2591 2694 2653 9.
2728 2586 2818 2674 1.).

1023 2702 1107 2775 ⁴⁰)
1143 2672 1263 2785 I'gy
1298 2698 1443 2762 ahol
1477 2699 1863 2762 Martinuzzi
1912 2696 2300 2784 GyorgyffiL
2353 2696 2599 2761 Vardai
2648 2694 2881 2777 Palrol,
2930 2697 3051 2761 Ba-

810 2803 1451 2890 lassaQMenybertrssl
1486 2805 1610 2872 stb.
1644 2806 1764 2869 stb.
1799 2805 2058 2891 hallatja
2089 2804 2374 2871 iteleteit.

1022 2909 1112 2996 ⁴¹)
1162 2911 1525 2978 Jellemzssk
1577 2937 1613 2977 e
1646 2912 2044 2978 tekintetben
2098 2913 2387 2977 Kokovai
2434 2914 2711 2976 Bereczk
2750 2911 3054 2996 egykoru

666 3107 679 3116 ·
810 3022 1391 3105 naptarjegyzetei:
1432 3020 1550 3104 „A.
1608 3020 1802 3085 1569.
1856 3018 1958 3083 die
1993 3021 2055 3084 6.
2087 3021 2224 3086 Ian.
2270 3017 2517 3090 Caesar
2568 3018 3056 3083 Maximilianus

809 3127 893 3190 ΙΙ.
927 3129 1400 3213 conscripserat
1429 3130 1704 3208 comitia,
1739 3149 1902 3213 quae
1923 3127 2218 3210 Hungari
2239 3127 2460 3191 Rakos
2494 3136 2743 3208 vocant,
2778 3147 3056 3190 evocans

810 3233 1153 3300 Posonium
1186 3236 1515 3316 Proceres,
1548 3247 1612 3301 et
1641 3239 1973 3324 utriusque
1997 3235 2238 3300 ordinis
2272 3234 2563 3299 homines
2595 3236 3056 3320 antesignanos

811 3353 874 3404 et
906 3342 1272 3427 praesides3
1307 3344 1419 3408 sed
1452 3346 1644 3430 pauci
1676 3353 2037 3430 paruerunt,
2073 3341 2360 3407 nonnulli
2396 3342 2818 3406 defectionem
2855 3340 3060 3404 moliti

808 3460 979 3526 sunt,
1012 3451 1252 3536 aliquot
1286 3453 1471 3513 etiam
1533 3449 1894 3535 defecerunt
1945 3450 2032 3512 ad
2095 3448 2481 3534 Wajtoodam
2540 3447 3062 3532 Transylvqniae,

806 3563 877 3617 ut
906 3557 1269 3643 Episcopus
1330 3558 1634 3642 Forycich‚
1706 3555 2089 3642 Magnificus
2147 3553 2429 3640 Gyulafi‚
2497 3554 2763 3618 Kamuti
2825 3552 3059 3617 Balsizs

808 3667 975 3728 arcis
1038 3664 1251 3731 Olnod
1302 3665 1664 3751 praefectus
1717 3672 1835 3728 etc.
1876 3687 1890 3726 ε
1943 3686 2099 3748 qaae
2155 3662 2433 3747 perfidia
2482 3684 2608 3726 non
2675 3664 2795 3724 erit
2855 3661 3056 3748 impu-

808 3765 990 3835 nis!“
1052 3813 1129 3822 -—-
1185 3773 1419 3837 Ismet:
1457 3772 1645 3836 1569.
1697 3793 1915 3836 mense
1970 3770 2322 3854 Augustiz.
2360 3820 2374 3834 .
2409 3820 2422 3833 .
2475 3757 2845 3833 Novissime
2910 3790 3054 3832 cum

808 3878 1055 3943 Octava
1092 3881 1396 3960 finiretur,
1436 3877 1701 3959 Caesar,
1742 3879 2012 3963 stipatus
2062 3879 2368 3955 exercitu,
2408 3879 2847 3960 yravae'ssimam
2879 3897 3055 3938 accu-

810 3987 1111 4049 sationem
1141 3986 1439 4051 adversns
1482 3984 1764 4068 Gyulafi,
1818 3985 2198 4069 Episcopum
2250 3983 2555 4065 Forqdclz,
2609 3982 2893 4045 Blasium
2929 3981 3058 4046 Ka-

815 4089 1055 4175 muthy‚
1090 4093 1370 4156 Bocskai
1406 4103 1469 4157 et
1499 4092 1676 4172 alios,
1730 4094 1841 4178 qui
1873 4092 1958 4155 ad
1989 4090 2309 4173 Regulum
2340 4086 2854 4172 Transylvaniae
2888 4088 3058 4152 defe-

817 4205 1057 4276 cerunt,
1089 4198 1375 4281 instituit,
1411 4222 1917 4264 commemorans
1949 4197 2264 4262 beneficia
2294 4198 2359 4259 in
2393 4218 2503 4259 eos
2539 4193 2786 4276 collata,
2820 4197 3034 4280 coepit

818 4324 942 4390 que
977 4306 1284 4387 conqueri
1318 4305 1396 4367 de
1428 4306 1788 4391 proditione
1820 4305 2079 4369 Ioannis
2113 4302 2385 4367 Balassa
2415 4309 2479 4362 et
2509 4299 2814 4386 Stephani
2848 4303 3057 4382 Dobo,

816 4408 1145 4497 proferens
1201 4430 1418 4475 eorum
1452 4410 1878 4497 chirographa
1913 4420 1976 4475 et
2007 4408 2239 4493 sigilla,
2291 4428 2450 4493 quos
2484 4419 2548 4470 et
2580 4410 2867 4494 captivos
2903 4408 3050 4474 deti·

816 4521 970 4584 nuit.
1010 4514 1362 4602 Captivitas
1412 4516 1797 4581 nefariorum
1852 4516 2244 4604 proditorum
2299 4515 2594 4601 praebuit
2648 4519 3055 4583 occasionem
