3293 5219
788 320 958 397 246·

780 544 1103 611 ratorem
1145 538 1557 610 Turearum
1607 535 2215 634 potentissimum,
2252 530 2686 606 felicitatem
2725 529 3032 628 precari,

781 685 1038 760 paoem
1094 662 1395 760 petitam
1452 683 1598 734 non
1656 659 2057 751 abnuisse‚'
2095 680 2351 734 verum
2400 680 2447 731 a
2498 654 2904 755 praefectis
2961 662 3035 729 et

782 786 1136 862 militibus
1196 789 1359 882 ejus
1397 810 1544 861 non
1601 787 2102 875 observatam,
2157 805 2397 880 neque
2455 805 2648 858 nuno
2682 783 3032 869 abnuere,

786 914 1034 1009 quoad
1071 915 1269 987 bona
1308 909 1455 987 fide
1493 912 1590 988 ab
1631 912 1797 1008 ipso
1856 933 2147 1007 quoque
2186 909 2494 984 colatur.
2572 908 2767 982 Tum
2804 906 3037 1004 diplo-

785 1064 902 1113 ma
941 1036 1267 1131 exhibet,
1310 1061 1535 1112 aureo
1593 1062 1861 1136 panno,
1903 1045 1977 1111 et
2032 1037 2239 1112 bulla
2296 1058 2523 1111 aurea
2564 1035 2885 1133 desuper
2924 1034 3041 1121 (ut

784 1171 976 1238 most
1036 1166 1188 1255 est)
1246 1162 1738 1259 obsignatum.
1821 1159 2110 1238 Caesar
2167 1163 2263 1238 ad
2299 1162 2488 1237 haec
2541 1160 2871 1236 breviter
2925 1181 3037 1233 re·

793 1290 1108 1388 spondit.
1207 1287 1488 1364 Ultimo
1546 1286 1711 1365 loeo
1770 1288 2150 1363 vasculum
2188 1288 2506 1364 balsami
2578 1286 2729 1386 Aly
2765 1286 3041 1360 bassae

786 1416 1112 1512 primarii
1169 1414 1428 1488 vezirii
1485 1414 1797 1507 nomine,
1859 1436 1993 1489 suo
2054 1420 2298 1489 autem
2337 1414 2663 1489 camelos
2701 1419 3041 1508 quatuor,

786 1564 1071 1638 equum,
1114 1547 1436 1637 tapetem
1474 1540 1857 1633 sericeum,
1918 1539 2104 1616 duos
2145 1539 2500 1638 stapedes
2539 1544 2853 1634 argento
2915 1538 3039 1611 ob·

786 1668 1066 1760 ductos,
1105 1688 1195 1739 ae
1233 1665 1417 1740 duas
1455 1666 1783 1763 patellas
1842 1688 1935 1740 ex
1996 1673 2224 1761 agate
2263 1665 2455 1741 dono
2497 1665 2647 1739 dat.
2701 1664 3039 1740 Maximi-

786 1793 1060 1867 lianum
1118 1790 1462 1888 privatim
1521 1791 1776 1865 invisit
1848 1790 2135 1866 duobus
2211 1791 2515 1866 camelis
2571 1791 2764 1866 dono
2820 1791 3038 1866 datis.

789 1914 971 1992 Cum
1009 1917 1153 1992 hoe
1193 1923 1492 1992 oratore
1530 1914 1909 2012 Augerius
1965 1917 2385 1994 Busbeeius
2444 1918 2689 2013 belga,
2749 1916 2871 2014 qui
2913 1941 3039 2015 pa·

785 2065 940 2117 cem
1017 2041 1570 2134 sollicitaverat,
1649 2043 2015 2141 septennii
2099 2043 2473 2139 legatione
2544 2043 2837 2119 functus
2894 2051 3041 2119 tum

790 2168 1031 2261 rediit,
1100 2167 1532 2264 remisitque
1627 2167 1989 2245 Alvarum
2063 2169 2458 2269 hispanum
2529 2171 2606 2244 in
2680 2169 2893 2245 clade
2949 2169 3043 2245 ad

784 2292 1103 2368 Zerbum
1162 2293 1476 2369 insulam
1535 2303 1849 2393 captum,
1909 2319 2186 2391 magua
2243 2296 2580 2371 caesaris
2641 2296 3040 2372 contentio-

782 2444 898 2514 ne,
934 2420 1363 2519 purpuratis
1421 2428 1667 2494 tamen
1733 2421 2233 2518 quadraginta
2270 2419 2503 2496 millia
2523 2416 2593 2519 ¹⁸)
2649 2423 3043 2497 exsolvere

781 2552 1081 2624 coaetus
1121 2553 1258 2622 est.
1297 2545 1747 2644 Diplomatis
1788 2556 2033 2625 autem
2071 2548 2318 2648 capita
2355 2549 2600 2624 fuere:
2642 2548 3034 2627 Tributum

781 2673 1000 2747 trium
1075 2695 1430 2749 annorum
1486 2676 2082 2772 praeteritorum,
2156 2676 2443 2752 tricena
2498 2698 2869 2759 nummum
2924 2699 3043 2751 au-

791 2820 1089 2874 reorum
1129 2797 1366 2873 millia
1400 2799 1596 2874 iutra
1633 2810 1911 2877 certam
1951 2802 2144 2876 diem
2169 2801 2611 2900 Byzantium
2654 2810 3043 2900 apporten-

789 2929 929 2997 tur.
994 2924 1046 2999 .J
1053 2922 1384 2999 ohannes
1419 2925 1681 3003 iisdem
1721 2928 2149 3004 foederibus
2179 2928 2617 3004 includatur.
2656 2929 3044 3004 Melchiori

788 3049 1134 3140 Balassa‚
1174 3056 1247 3123 et
1278 3051 1593 3128 Nicolao
1617 3055 1941 3131 Batoreo
1982 3055 2418 3131 desectionis
2455 3055 2885 3136 auctoribus
2933 3079 3043 3131 ar-

790 3173 928 3251 mis
969 3176 1452 3255 abstineatur.
1513 3180 1783 3280 Populi
1820 3183 2111 3280 utrique
2165 3184 2361 3281 parti
2401 3183 2719 3280 subjecti
2779 3207 3044 3280 grava·

789 3300 1110 3377 minibus
1167 3311 1242 3378 et
1315 3307 1852 3401 exactionibus,
1910 3310 2056 3384 nisi
2113 3310 2529 3404 ordinariis,
2600 3333 2747 3388 non
2804 3311 3045 3410 oppri-

788 3436 1077 3504 mantur
1115 3437 1241 3504 aut
1277 3430 1725 3508 desolentur.
1751 3435 1896 3510 His
1918 3436 2457 3513 conditionibus
2497 3437 2763 3512 foedus
2804 3447 3042 3515 octen-

785 3551 956 3627 nale
995 3555 1237 3648 ictum,
1260 3580 1351 3632 ae
1376 3561 1858 3657 jurejurando
1899 3586 2033 3661 per
2057 3561 2461 3662 diplomata
2496 3564 2841 3662 utrinque
2877 3588 3037 3642 eon·

786 3676 1173 3756 firmatum.

1004 3925 1066 3999 st)
1103 3926 1348 3986 latvssnfi
1365 3933 1646 4004 jegyzete
1674 3954 1689 3990 ε
1717 3934 1844 3993 Non
1866 3941 2108 3992 tantum.
