3293 5219
2411 307 2513 385 83

246 532 424 619 quot
481 524 762 622 oppida
818 523 1108 622 imperii
1164 526 1386 623 capit,
1443 523 2011 618 Lotharingiam
2072 526 2147 598 in
2184 533 2512 622 potesta-

241 655 387 722 tem
425 650 728 745 redigit,
785 650 1015 723 misso
1073 672 1302 747 puero
1361 649 1697 747 principe
1751 650 1828 723 in
1886 648 2233 739 Galliam,
2278 653 2395 727 cui
2433 655 2515 727 fis

236 772 414 848 liam
455 775 888 873 despondet.
948 776 1017 849 A
1057 776 1513 852 metensibus
1550 776 2024 851 intromissus
2063 776 2323 852 urbem
2377 781 2513 853 im-

233 901 430 998 perii
469 911 806 1000 occupat,
846 902 1236 999 omniaque
1298 904 1464 976 loca
1532 903 2057 977 munitionibus
2100 927 2189 978 ac
2223 907 2509 1000 praesi-

238 1027 382 1102 diis
423 1027 694 1103 firmat.
754 1027 1044 1103 Caesar
1100 1051 1280 1103 vero
1322 1031 1414 1103 ad
1477 1028 2029 1104 Ferdinandum
2071 1030 2397 1124 fratrem,
2436 1041 2517 1105 ut

239 1176 404 1229 cum
443 1155 797 1230 Mauritio
837 1155 928 1229 de
965 1178 1153 1253 pace
1190 1165 1472 1251 ageret,
1511 1156 1777 1229 literas
1800 1157 1947 1247 dat,
1973 1156 2069 1230 ad
2109 1157 2300 1231 alios
2340 1180 2515 1254 quo-

237 1303 379 1376 que
439 1280 888 1379 praecipuos
941 1280 1336 1378 principes,
1359 1289 1691 1376 agerent,
1747 1282 1853 1355 uti
1896 1282 2039 1356 hoc
2102 1283 2513 1358 incendium

239 1405 867 1501 exstingueretur.
907 1405 1434 1480 Ferdinandus
1491 1406 1797 1479 Mauriti
1812 1428 1931 1480 um
1975 1405 2309 1483 Lincium
2348 1432 2517 1483 evo-

246 1540 387 1623 cat,
432 1532 563 1629 qui
618 1533 710 1606 de
767 1527 1150 1605 voluntate
1207 1530 1564 1605 Fraxinei
1652 1533 1977 1606 oratoris
2034 1534 2288 1628 gallici
2343 1535 2515 1608 Lin-

247 1658 441 1733 cium
478 1658 862 1756 profectus
902 1665 1057 1751 est;
1112 1655 1321 1731 nulla
1355 1665 1604 1732 tamen
1656 1680 1738 1730 re
1777 1659 2134 1756 perfecta,
2171 1660 2384 1734 brevi
2421 1661 2518 1735 ad

246 1784 660 1860 exercitum
698 1784 911 1860 redit.
953 1786 1139 1859 Inde
1200 1783 1519 1860 Othonis
1557 1784 1871 1879 palatini
1908 1786 2368 1881 provinciam
2406 1811 2518 1862 re-

242 1919 610 2008 cuperant
631 1911 727 1984 ab
753 1909 1255 1999 caesareanis,
1299 1907 1539 2007 Alpes
1563 1907 1826 1983 deinde
1875 1918 2152 2006 petimt,
2193 1918 2269 1982 et
2303 1935 2518 2009 prae-

241 2037 514 2113 sidium
569 2038 926 2129 caesaris,
974 2037 1170 2133 quod
1228 2035 1528 2134 Alpium
1570 2034 1814 2111 aditus
1854 2043 2082 2132 atque
2123 2038 2518 2133 angustias

242 2164 797 2262 propugnabat,
864 2161 1195 2253 fundunt,
1252 2163 1687 2259 fugantque,
1746 2161 2019 2259 oppida
2074 2164 2391 2260 capiunt,
2433 2188 2524 2237 ac

242 2289 545 2365 tandem
661 2313 909 2364 arcem
1006 2289 1460 2384 Friburgum
1533 2286 2093 2362 munitissimam
2188 2290 2264 2362 in
2321 2289 2521 2363 edito

243 2424 493 2491 monte
556 2415 812 2506 sitam,
897 2423 973 2490 et
1025 2416 1255 2491 totius
1333 2415 1757 2513 provinciae
1835 2416 2242 2512 tyrolensis
2320 2417 2518 2491 clau-

243 2551 498 2618 strum.
544 2540 760 2633 Quae
799 2544 957 2618 etsi
995 2565 1266 2640 magno
1326 2541 1703 2641 praesidio
1742 2550 2141 2634 teneretur,
2185 2543 2321 2617 sed
2357 2564 2519 2617 cum

248 2669 493 2744 omnia
531 2668 800 2743 victori
862 2670 1220 2744 exercitui
1262 2678 1537 2767 >patere
1595 2668 1955 2761 viderent,
1992 2692 2131 2743 nec
2170 2670 2520 2767 quiquam

247 2796 611 2870 resistere
663 2817 892 2893 posse
934 2795 1345 2888 crederent,
1415 2818 1587 2870 sese
1629 2819 2022 2893 arcemque
2064 2796 2521 2872 dediderunt.

250 2921 547 2998 Caesar
587 2930 833 2996 autem
869 2923 996 2999 ubi
1058 2923 1149 2998 de
1190 2931 1410 3021 capto
1452 2923 1829 3019 Friburgo
1873 2924 2245 3018 cognovit,
2288 2933 2362 2998 et
2396 2925 2523 2999 bo-

249 3058 440 3124 stem
479 3054 769 3123 tantum
791 3047 1286 3147 Oenipontem
1314 3071 1460 3123 non
1477 3071 1908 3147 occupasse,
1945 3056 2167 3125 noctu
2204 3050 2523 3124 maxima

248 3175 661 3268 celeritate,
712 3176 996 3250 relictis
1041 3175 1584 3274 impedimentis
1640 3173 2060 3273 Oeniponte
2111 3176 2521 3266 discedens,

249 3326 411 3377 cum
432 3299 915 3376 Ferdinando
935 3302 1171 3376 fratre
1193 3303 1461 3400 raptim
1473 3323 1608 3399 per
1631 3299 1869 3398 Alpes
1891 3302 2125 3398 primo
2162 3301 2522 3378 Pruccum

249 3430 343 3505 ad
381 3427 685 3501 Muram
757 3427 1363 3519 fluvium,deinde
1384 3425 2117 3522 Villacum,quodest
2152 3429 2229 3500 in
2254 3425 2524 3501 Carnis

248 3551 606 3654 oppidum
681 3552 778 3627 ad
840 3555 1178 3629 Dravum
1234 3553 1526 3646 flumen,
1568 3575 1738 3628 sese
1769 3553 2069 3648 recepit.
2107 3554 2230 3625 Ita
2268 3552 2522 3626 ducem

248 3679 629 3757 Saxoniae
665 3681 720 3757 J
726 3680 1089 3756 ohannem
1113 3681 1598 3773 Fridericum‚
1638 3687 1794 3754 toto
1824 3681 1984 3775 jam
2024 3678 2522 3776 quinquennio

251 3808 650 3905 captivum,
693 3829 787 3881 ne
827 3809 988 3903 eJus
1024 3807 1540 3882 liberationem
1570 3806 1813 3881 hostis
1850 3806 2153 3882 insuam
2210 3807 2526 3902 gloriam

252 3942 607 4025 verteret,
645 3931 842 4008 ultro
898 3934 1215 4009 liberum
1272 3932 1590 4009 dimittit.
1651 3935 1793 4009 llle
1849 3941 2093 4007 tamen
2149 3932 2223 4005 id
2260 3932 2528 4007 intelli-

250 4082 466 4157 gens,
512 4058 614 4133 ad
678 4058 954 4133 exitum
1010 4081 1246 4156 usque
1302 4059 1485 4133 belli
1543 4080 1924 4133 caesarem
1964 4056 2352 4132 comitatus
2393 4067 2527 4133 est.

251 4185 654 4261 Mauritius
672 4185 802 4260 ubi
877 4184 1372 4286 Oenipontem
1433 4186 1674 4276 venit,
1736 4182 2037 4281 quiquid
2094 4205 2339 4256 rerum
2392 4185 2534 4259 fuit

253 4310 698 4399 caesaris,et
717 4309 1243 4407 Hispanorum,
1269 4334 1359 4385 ac
1372 4310 1779 4385 cardinalis
1804 4309 2222 4403 augustani,
2250 4317 2324 4384 et
2338 4311 2530 4408 epis-

253 4461 607 4537 coporum
662 4440 1201 4533 nonnullorum,
1224 4439 1593 4537 direptum
1632 4447 1767 4511 est.
1831 4436 2284 4513 Ferdinandi
2322 4438 2533 4532 regis

257 4574 501 4639 autem
524 4567 752 4640 rebus
775 4572 851 4638 et
872 4566 1271 4664 oppidanis
1291 4562 1476 4639 nihil
1499 4563 1748 4637 datum
1770 4570 1887 4637 est
1925 4563 2199 4638 damni.'
2233 4564 2529 4659 Fugato

2018 4688 2109 4762 6*
