3293 5219
2291 331 2441 413 147

221 548 578 626 ditaretur.
653 548 913 625 Nostri
989 574 1030 627 e
1089 560 1345 626 contra
1417 574 1503 626 eo
1579 550 2082 626 vehementius
2138 553 2439 647 instare,

214 675 391 774 quod
426 675 834 775 peditatum
910 700 1197 775 quoque
1239 700 1324 753 se
1363 677 1977 773 subsequuturam
2018 700 2187 754 esse
2243 680 2437 755 arbi-

211 809 587 895 trarentur,
645 826 780 902 spe
818 810 1064 878 tamen
1116 805 1490 879 falluntur.
1549 802 1799 878 Duces
1857 804 2048 878 enim
2106 806 2438 902 germani

209 928 354 1003 sive
391 928 756 1005 scelerum
795 930 1264 1023 conscientia,
1304 952 1437 1005 seu
1453 952 1699 1004 rerum
1737 930 2060 1028 imperiti
2153 932 2250 1006 ad
2286 932 2435 1032 pri-

207 1077 383 1129 mum
418 1055 659 1131 hostis
720 1065 1187 1156 conspectum
1225 1056 1488 1131 animis
1548 1056 2026 1149 consternati,
2068 1064 2435 1133 tormenta

211 1189 590 1281 ceteraque
704 1183 1223 1281 impedimenta
1324 1191 1726 1259 retrorsum
1842 1206 1987 1280 qua
2081 1192 2440 1259 venerant

206 1306 380 1398 vehi,
453 1309 1005 1409 peditatumque
1115 1333 1400 1385 omnem
1489 1335 1578 1385 ea
1686 1310 2037 1408 subsequi
2135 1312 2435 1407 jubent3

210 1435 561 1530 equitibus
654 1445 916 1531 autem,
992 1439 1115 1535 qui
1167 1438 1509 1514 hostilem
1586 1436 1820 1528 aciem
1895 1438 2197 1534 egregie
2270 1460 2430 1513 sus·

204 1558 559 1655 tinebant,
598 1568 954 1662 postremi
1028 1588 1120 1639 ex
1179 1564 1549 1662 gregariis
1602 1588 1737 1662 per
1794 1566 2186 1640 clamorem
2277 1590 2431 1642 rem

198 1684 610 1764 indicabant
685 1691 878 1788 quod
913 1692 1021 1764 illi
1082 1691 1557 1766 exaudientes
1595 1691 1827 1788 primo
1869 1691 2223 1785 dubitare,
2263 1716 2432 1768 mox

207 1812 592 1905 peditatum
615 1826 873 1892 contra
894 1826 1249 1892 conventa
1271 1818 1544 1892 abesse
1585 1818 2008 1915 conspicati,
2048 1818 2430 1893 remissius

204 1959 411 2033 agere
484 1944 985 2041 paulatimque
1040 1944 1299 2041 pedem
1353 1945 1633 2019 referre
1691 1954 2104 2042 coeperunt.
2164 1945 2266 2019 At
2303 1946 2429 2021 ho-

203 2065 320 2139 stis
358 2090 454 2141 ex
510 2070 919 2168 composito
957 2070 1034 2144 id
1106 2071 1266 2145 fieri
1310 2078 1539 2164 ratus,
1598 2071 2055 2167 insidiasque
2091 2079 2241 2146 tam
2280 2073 2428 2147 alte

210 2193 485 2268 sublato
527 2196 855 2290 clamori,
894 2205 1455 2294 nostrorumque
1514 2197 1893 2292 regressui
1946 2199 2277 2290 subesse,
2315 2199 2423 2273 fu-

201 2341 380 2412 gere,
420 2345 641 2418 quam
680 2325 1027 2419 persequi
1083 2323 1385 2422 pronior
1425 2331 1620 2416 erat3
1667 2331 2088 2419 certumque
2127 2331 2262 2415 est,
2300 2348 2425 2422 po-

203 2451 534 2522 stremam
574 2451 893 2546 agminis
933 2473 1181 2526 eorum
1218 2458 1503 2550 partem
1540 2451 1797 2526 relicto
1838 2451 2094 2524 ordine
2133 2451 2208 2524 in
2245 2452 2425 2546 fuga

206 2569 439 2668 fuisse,
479 2598 620 2651 nec
655 2576 861 2676 prius
918 2598 1339 2670 conversos,
1400 2599 1616 2674 quam
1674 2576 2108 2674 praemissis
2148 2576 2428 2675 aliquot

206 2718 480 2777 suorum
597 2705 916 2780 didicere
992 2704 1247 2803 copias
1357 2703 1613 2800 regias
1655 2704 1971 2778 abiisse:
2098 2703 2175 2777 id
2248 2728 2423 2780 vero

200 2830 683 2916 gratissimum
718 2832 1026 2921 bahem,
1082 2830 1425 2937 resumtis
1466 2830 1712 2904 subito
1736 2830 2000 2904 animis
2042 2831 2425 2926 consequi-

202 2965 323 3046 tur,
382 2965 886 3056 occupatoque
969 2959 1160 3034 colle
1214 2957 1600 3032 tormentis
1658 2955 2064 3052 majoribus
2124 2966 2420 3031 nostros

205 3084 541 3159 acerrime
599 3085 900 3183 petit‚et
934 3085 1080 3159 nisi
1135 3108 1281 3160 nox
1334 3083 1838 3159 interveniens
1897 3083 2421 3181 impedivisset,

204 3210 269 3284 in
299 3214 550 3308 fugam
590 3212 847 3286 eodem
886 3211 1004 3287 die
1042 3233 1393 3286 versurus
1434 3216 1614 3302 erat,
1654 3231 1890 3305 neque
1930 3216 2187 3283 contra
2225 3208 2420 3306 pilas

205 3344 709 3413 tormentorum
783 3339 917 3413 tuti
989 3339 1278 3437 uspiam
1354 3359 1523 3413 esse
1594 3342 1959 3433 poterant.
2075 3331 2417 3410 Ceterum

208 3462 627 3545 caesarianit
669 3465 876 3560 cujus
917 3485 1056 3561 ope
1094 3471 1244 3539 tum
1284 3485 1366 3537 se
1407 3469 1747 3538 servatos
1787 3483 2179 3557 agnovere,
2224 3462 2417 3557 ejus-

208 3587 351 3665 dem
387 3589 746 3666 beneficio
784 3589 1146 3687 reliquum
1201 3612 1491 3686 quoque
1527 3590 1864 3662 fortunae
1904 3608 2194 3661 cursum
2232 3607 2418 3659 com·

201 3716 609 3793 mittendum
683 3714 1099 3793 decrevere.
1179 3717 1653 3813 Quapropter
1725 3712 2054 3789 collectis
2117 3711 2418 3808 impedi-

200 3845 465 3937 mentiS,
541 3842 632 3916 de
709 3850 922 3918 nocte
978 3843 1075 3917 ad
1132 3843 1478 3941 oppidum
1530 3840 2015 3915 Rosnobania
2071 3862 2233 3914 cum
2269 3845 2423 3912 tor-

199 3970 436 4044 mentis
474 3990 922 4067 pervenere3
961 3969 1132 4044 inde
1191 3993 1325 4067 per
1385 3970 1621 4044 saltus
1678 3967 1961 4040 vicinos
2001 3964 2422 4054 errabundi,

202 4104 575 4193 postquam
610 4117 747 4170 nec
803 4095 1143 4192 ambiguo
1206 4095 1491 4170 itineris
1552 4116 1805 4169 errore
1857 4114 2024 4167 sese
2066 4090 2420 4189 expedire

204 4222 427 4298 sciunt
466 4278 482 4315 ‚
597 4227 671 4297 et
776 4208 1065 4296 hostem
1165 4222 1400 4317 tergis
1508 4219 1884 4295 imminere
1993 4217 2417 4307 formidant,

198 4349 536 4423 machinis
642 4348 717 4421 in
809 4350 1009 4423 valle
1122 4349 1462 4445 quapiam
1569 4346 1992 4424 nemoribus
2101 4345 2416 4441 undique
2456 4398 2464 4404 -

197 4483 527 4569 contecta,
563 4498 724 4551 cum
744 4474 1280 4573 impedimentis
1318 4476 1653 4550 omnibus
1688 4471 1989 4565 relictis,
2028 4472 2248 4546 duces
2267 4491 2414 4567 noyn

196 4606 328 4675 tam
401 4610 705 4701 accepta
779 4602 1200 4699 ignominia,
1239 4626 1458 4700 quam
1496 4602 1659 4700 ipso
1764 4601 2082 4692 incessu,
2120 4597 2418 4672 habitu-

1956 4725 2094 4801 10*
