3293 5219
2447 270 2492 346 7

287 488 579 578 herilem,
638 487 968 564 dominos
1025 489 1440 580 naturales,
1498 510 1949 587 regnumque
2008 496 2083 564 et
2120 511 2290 565 sese
2326 510 2492 590 pro·

285 616 551 690 didisse.
602 614 960 689 Mandare
1001 637 1203 711 ergo,
1240 622 1321 690 ut
1357 617 1581 691 armis
1620 625 1970 713 tanquam
2037 616 2490 693 desertorem

280 751 342 818 et
372 741 810 840 proditorem
854 741 1452 839 insequerentur3
1528 749 1601 817 et
1637 748 1853 840 capto
1929 751 2050 816 aut
2103 742 2487 834 trucidat0,

277 889 530 969 poenas
586 876 1083 965 reposcerent.
1161 865 1374 942 Alias
1430 890 1512 943 se
1562 868 2027 965 negligentes
2141 869 2339 943 ferro
2415 876 2489 944 et

274 993 540 1069 flamma
595 992 1144 1069 vindicaturum.
1219 992 1554 1088 Reginae
1625 1002 1708 1068 ut
1777 994 2011 1087 filiae,
2051 993 2375 1069 Johanni
2408 1001 2489 1069 ut

272 1121 400 1195 filio
433 1127 819 1218 paternam
854 1119 1284 1194 charitatem
1341 1129 1416 1195 et
1452 1126 1845 1219 susceptae
1894 1120 2340 1196 defensionis
2377 1128 2484 1195 tu-

271 1247 473 1323 telam
523 1245 933 1337 nunciavit,
995 1246 1211 1321 simul
1248 1245 1514 1321 Petrus
1573 1246 1970 1321 exercitum
2028 1246 2484 1345 conscripse-

268 1381 387 1448 rat.
442 1370 814 1447 Antonius
852 1371 1218 1448 Losonczi
1259 1379 1334 1447 et
1370 1371 1822 1447 Franciscus
1861 1370 2195 1471 Patoch)⁷
2234 1372 2482 1470 singu-

264 1502 362 1575 las
399 1499 566 1574 alas
605 1497 1085 1573 adduxerant.
1147 1496 1422 1574 Castra
1458 1497 1705 1574 Albae
1741 1499 1795 1575 J
1797 1499 1991 1573 uliae
2028 1499 2262 1594 facta3
2315 1522 2482 1575 mox

263 1625 664 1701 Alvincium
703 1625 970 1701 Petrus
1012 1627 1169 1700 sine
1226 1625 1451 1700 armis
1488 1626 1724 1724 capit,
1783 1633 1856 1701 et
1892 1624 2062 1701 hinc
2116 1634 2328 1725 parte
2366 1649 2481 1702 co-

259 1753 525 1850 piarum
567 1747 1074 1827 Chanadinum
1111 1752 1682 1850 oppugnandum
1718 1752 1984 1845 missa,
2045 1753 2226 1827 duce
2264 1752 2480 1827 Nico-

257 1880 364 1953 lao
401 1874 857 1976 Cherepovit
891 1876 1282 1972 Rasciano,
1340 1876 1741 1953 exercitum
1777 1878 2058 1971 dividit,
2115 1879 2277 1977 ipse
2315 1901 2476 1955 cum

255 2005 527 2103 reliquo
567 2003 841 2080 Albam
877 2005 1157 2081 Juliam
1191 2005 1521 2080 revertit.
1579 2002 1682 2080 At
1721 2003 2101 2102 Georgius
2141 2007 2477 2096 omnium,

254 2153 427 2230 quae
468 2138 889 2226 agerentur,
945 2156 1079 2230 per
1115 2130 1513 2207 fidissimos
1532 2132 1907 2207 ministros
1948 2141 2023 2206 et
2061 2135 2475 2229 explorato-

248 2280 361 2333 res
396 2279 700 2353 gnarus,
738 2257 923 2333 nihil
965 2260 1442 2335 cunctandum
1462 2266 1692 2350 ratus,
1733 2260 2107 2334 Zassebes
2147 2284 2235 2334 ac
2274 2260 2478 2357 Meg·

249 2384 401 2481 gies
438 2385 784 2460 civitates
803 2386 877 2461 in
899 2385 1469 2464 Transsilvania
1496 2396 1828 2486 occupat,
1869 2396 1942 2462 et
1961 2396 2474 2485 congregatos,

247 2535 418 2611 quos
458 2512 718 2612 potuit,
756 2514 1042 2589 nomine
1098 2513 1570 2605 comitiorum,
1630 2515 1726 2589 ad
1765 2513 2236 2615 Solymanum
2275 2516 2474 2611 lega-

240 2649 346 2717 tos
364 2642 582 2716 titulo
618 2642 850 2738 regni,
889 2642 1229 2720 inanibus
1251 2641 1347 2718 ad
1367 2642 1766 2718 fallendum
1785 2643 2035 2717 verbis
2075 2641 2472 2739 ablegavit.

240 2768 536 2843 Interim
558 2768 923 2866 corruptis
961 2769 1055 2842 ad
1076 2769 1555 2844 defectionem
1593 2792 1865 2864 magna
1900 2768 2293 2865 largitione
2327 2768 2472 2866 pri-

238 2895 562 2969 moribus
601 2892 1012 2970 Siculorum
1067 2896 1163 2970 ad
1220 2895 1560 2993 oppidum
1608 2894 2032 2995 Vasarhely
2086 2894 2472 2993 processit,

235 3021 806 3120 interceptisque
843 3021 1210 3097 nonnullis
1250 3022 1563 3118 partium
1602 3021 1927 3116 reginae,
1988 3019 2360 3095 Andream
2398 3027 2472 3095 et

235 3147 699 3224 Valentinum
741 3172 834 3224 ex
891 3147 1349 3222 nobilissima
1385 3147 1969 3221 Martonffiorum
2003 3147 2306 3242 familia,
2343 3147 2471 3222 fla-

234 3273 715 3370 grantissima
764 3274 839 3348 in
894 3274 1227 3371 reginam
1282 3274 1399 3350 ira
1451 3273 1804 3349 trucidari
1832 3275 2078 3371 Jussit.
2136 3274 2468 3350 Thomae

236 3400 630 3493 Varkocb,
721 3402 1099 3499 praefecto
1146 3400 1504 3477 Varadini
1579 3401 1980 3476 exercitum
2018 3402 2091 3476 in
2132 3400 2470 3496 Ungaria

231 3551 539 3626 parare,
615 3534 689 3603 et
744 3524 1179 3604 Chanadino
1237 3550 1669 3603 succurrere
1719 3527 2034 3602 mandat.
2113 3527 2463 3601 Nicolaus

231 3651 683 3753 Cherepovit
702 3712 718 3745 ,
794 3677 951 3730 cum
1026 3663 1189 3730 octo
1262 3656 1587 3730 millibus
1664 3653 2196 3728 Rascianorum
2271 3650 2462 3728 Cha-

229 3782 575 3858 nadinum
614 3782 884 3856 acriter
923 3781 1436 3880 oppugnabat,
1495 3788 1569 3855 et
1606 3779 1877 3854 circum
1914 3778 2215 3853 hostilia
2255 3801 2461 3854 exer-

228 3910 479 4001 nebat,
514 3930 675 3983 cum
713 3915 1158 4006 superventu
1179 3908 1514 3982 Thomae
1552 3905 1909 3982 Varkoch
1946 3905 2267 4000 fugatur,
2306 3926 2463 3979 cae-

228 4033 328 4109 sis
346 4035 750 4133 plerisque,
791 4042 866 4108 et
902 4034 999 4109 ad
1020 4035 1553 4110 Temesvarum
1595 4055 1687 4107 ex
1709 4029 2195 4127 circumjectis
2253 4030 2461 4126 agris

224 4158 566 4257 ingentes
584 4158 905 4259 praedas
928 4159 1104 4258 agit.
1145 4160 1264 4235 De
1302 4159 1564 4258 quibus
1603 4181 1739 4256 per
1766 4155 2099 4252 reginam
2138 4163 2212 4230 et
2229 4155 2458 4232 Mam-

225 4286 473 4363 hutum
514 4285 958 4384 Solymanus
1013 4288 1437 4387 pernicibus
1475 4285 1758 4360 nunciis
1814 4281 2192 4359 celerrime
2250 4282 2458 4360 edoc-
2580 4382 2583 4386 ,

223 4420 359 4505 tus,
400 4412 555 4512 Aly
593 4413 971 4491 chausium
1009 4415 1226 4508 misit,
1266 4422 1342 4490 et
1375 4415 1428 4491 J
1432 4412 1705 4489 ohanni
1744 4418 2075 4486 auratum
2092 4411 2461 4506 vexillum,

225 4535 514 4639 ipsique
589 4547 664 4614 et
700 4536 923 4620 Petro
978 4540 1218 4644 pictas
1258 4560 1437 4616 auro
1473 4545 1749 4630 vestes,
1825 4537 2044 4613 solita
2117 4560 2458 4637 munera3
