3293 5219
898 353 1001 430 20

908 570 1305 661 exercitus,
1340 569 1583 661 duces,
1624 576 2007 644 tormenta.
2071 567 2168 642 Et
2208 569 2459 643 statim
2499 569 2815 667 Lippam
2855 592 3146 667 promo-

899 705 978 772 ta
1017 704 1285 788 castra,
1326 718 1607 792 arxque
1650 704 1722 769 et
1761 694 2022 769 civitas
2046 692 2341 769 militari
2363 718 2633 770 corona
2671 694 3146 770 circumdata.

898 823 1335 921 Apparebat
1353 823 1544 898 enim
1568 820 2116 917 Beglerbegum
2155 820 2517 896 obsidium
2541 821 3013 895 Temesvarii
3037 845 3151 895 re—

910 951 1269 1041 licturum,
1293 959 1363 1025 et
1406 950 1702 1024 cumbis
1743 950 1977 1047 copiis
1999 949 2304 1047 paribus
2328 958 2453 1023 aut
2474 949 2694 1024 etiam
2733 948 3147 1044 maioribus

907 1100 1052 1152 non
1074 1082 1537 1152 certaturum.
1564 1076 1751 1149 Nam
1785 1075 2162 1174 praecipui
2201 1099 2291 1149 ex
2334 1074 2638 1150 ducibus
2678 1083 2751 1148 et
2789 1073 3152 1149 militibus

909 1202 1176 1300 quique
1235 1226 1324 1276 cx
1386 1202 1734 1276 universa
1793 1199 2131 1299 Ungaria
2211 1202 2408 1275 fama
2466 1200 2766 1275 militari
2827 1201 3159 1275 celebra-

910 1328 1203 1419 tissimi,
1247 1328 1341 1402 ad
1380 1351 1613 1402 novas
1672 1351 1795 1401 res
1836 1327 2063 1402 variis
2105 1328 2368 1402 animis
2409 1330 2503 1402 ab
2542 1328 2745 1403 initio
2785 1326 3158 1402 confluxe-

902 1462 1089 1529 rant.
1132 1454 1334 1530 lnter
1376 1478 1558 1552 quos
1600 1463 1812 1530 erant
1852 1455 2247 1529 Ladislaus
2314 1453 2666 1552 Giulaffy,
2709 1453 3159 1530 Valentinus

900 1581 1235 1677 Magiar,
1295 1578 1546 1656 Simon
1606 1580 1949 1677 Forgach
2057 1580 2458 1677 Postquam
2517 1581 2700 1655 muri
2746 1581 2992 1656 triduo
3047 1580 3158 1653 in-

902 1707 1245 1801 gentibus
1287 1706 1671 1781 tormentis
1720 1707 1816 1779 ad
1867 1707 2429 1805 oppugnandum
2473 1707 2660 1781 satis
2699 1708 2942 1804 amplo
2984 1730 3160 1804 spa·

901 1829 1003 1904 tio
1045 1831 1346 1926 dejecti,
1387 1832 1574 1904 Non.
1620 1827 1925 1904 Calend.
1972 1832 2367 1908 Novembr.
2427 1833 2523 1907 ad
2579 1833 2832 1908 horam
2892 1855 3157 1906 secun-

905 1957 1072 2031 dam
1128 1955 1704 2052 pomeridianam
1764 1958 2214 2053 oppugnatio
2257 1959 2538 2032 cunctis
2589 1958 2947 2031 indicitur.
3031 1959 3145 2031 In-

907 2082 1118 2157 terim
1156 2089 1439 2178 septem
1479 2104 1569 2154 ex
1612 2080 1973 2178 Hispanis
2013 2105 2355 2177 magnum
2391 2084 2676 2159 facinus
2717 2081 2917 2175 ausi;
2976 2105 3155 2155 nam

911 2209 1006 2282 ad
1044 2206 1372 2304 patentis
1405 2206 1591 2280 muri
1630 2205 1880 2280 ruinas
1922 2206 2416 2282 conscendere
2471 2208 2929 2305 praeliantes
2954 2264 2970 2295 ,
3031 2207 3161 2304 qui

903 2333 1153 2409 statim
1189 2332 1357 2408 sunt
1394 2332 1616 2407 caesi.
1657 2331 1838 2406 Inde
1877 2356 2121 2408 rumor
2160 2333 2254 2406 ad
2276 2331 2656 2433 Hispanos
2699 2330 3159 2409 Germanos·

906 2482 1047 2559 que
1085 2459 1442 2557 pervenit,
1468 2467 1541 2532 et
1578 2467 2048 2554 expugnatae
2081 2460 2286 2533 urbis
2309 2459 2534 2534 decus
2573 2459 2905 2535 certatim
2943 2483 3166 2558 prae-

913 2586 1159 2686 ripere
1237 2592 1625 2676 conantur3
1708 2607 1944 2682 neque
2020 2591 2451 2683 exspectato
2526 2593 2856 2684 tempore
2932 2607 3159 2684 prae-

912 2712 1139 2803 finito,
1159 2711 1512 2786 hiantium
1531 2733 1897 2786 murorum
1918 2712 2164 2809 spatia
2184 2713 2479 2789 subiere
2496 2737 2513 2807 ;
2536 2712 2974 2811 exceptique
2999 2715 3162 2789 acri

910 2837 1347 2929 certamine,
1424 2863 1468 2910 a
1524 2837 2083 2912 confertissimis
2158 2848 2231 2913 et
2287 2838 2761 2938 peritissimis
2818 2838 3165 2915 hostibus

909 2967 1142 3069 pulsi,
1202 2966 1737 3058 caedebantur3
1798 2988 1956 3040 cum
1997 2966 2292 3063 Hngari
2355 2990 2536 3043 sono
2576 2991 2666 3042 ac
2702 2967 2998 3044 fremitu
3036 2990 3164 3042 ex-

908 3094 1054 3184 citi,
1108 3091 1439 3168 Thomae
1480 3091 1915 3166 Nadasdino
1952 3093 2227 3189 fugam,
2269 3116 2357 3166 ac
2397 3093 2697 3170 caedem
2738 3102 3162 3170 nostrorum

909 3219 1276 3296 nunciant.
1337 3218 1564 3292 Forte
1620 3217 1910 3316 prandii
1969 3240 2197 3293 causa
2253 3219 2348 3293 ad
2404 3242 2729 3294 mensam
2786 3228 2969 3310 erat,
3011 3227 3161 3294 sta-

921 3346 1196 3443 timque
1272 3340 1628 3418 Castaldo
1707 3368 1793 3417 ac
1851 3341 2185 3440 Georgio
2244 3345 2559 3435 nunciat,
2614 3344 2999 3444 Hispanos
3076 3367 3171 3418 ac

911 3469 1334 3547 Germanos
1358 3472 1450 3544 ab
1475 3472 2019 3570 oppugnatione
2041 3473 2378 3566 rejectos,
2417 3495 2499 3546 se
2530 3472 2680 3547 illis
2717 3482 2964 3548 tamen
3002 3494 3168 3547 suc-

911 3621 1285 3674 cessurum
1327 3620 1484 3672 cum
1524 3597 1640 3671 his
1684 3621 1864 3694 quos
1906 3598 2047 3672 sibi
2091 3621 2509 3695 aggregare
2547 3601 2840 3697 poterit,
2880 3600 2987 3674 uti
3030 3622 3164 3674 au-

910 3726 1161 3802 xilium
1202 3728 1494 3800 mittant
1530 3726 1605 3800 in
1644 3735 1992 3825 tempore,
2034 3734 2106 3802 et
2141 3735 2586 3824 postremam
2631 3729 2861 3802 aciem
2898 3735 3160 3803 tuean-

909 3863 1029 3929 tur
1068 3859 1351 3944 monet3
1413 3852 1515 3926 ita
1572 3852 1685 3925 ira
1744 3861 1816 3926 et
1872 3853 2114 3949 gloria
2154 3875 2510 3928 accensus
2550 3878 2694 3930 non
2730 3875 3002 3953 passus
3044 3862 3166 3929 est

910 3978 1252 4055 hostilem
1289 3979 1653 4075 injuriam,
1695 3989 1766 4054 et
1795 4002 2001 4055 suum
2042 3979 2264 4056 decus
2302 3981 2377 4055 in
2414 3987 2744 4080 tempore
2781 3989 3165 4079 reputans,

911 4109 1136 4181 ultum
1178 4105 1283 4180 ire
1306 4105 1705 4180 festinavit.
1731 4105 1963 4204 Equis
1999 4113 2078 4182 ut
2118 4116 2328 4182 erant
2365 4108 2710 4201 dimissis,
2731 4131 2890 4183 cum
2932 4107 3165 4206 globo

922 4256 1216 4308 suorum
1291 4233 1592 4307 anteire.
1689 4232 1872 4310 Post
1939 4235 2129 4308 hunc
2184 4233 2434 4311 Simon
2491 4235 2841 4333 Forgach
2900 4234 3165 4311 ductor

916 4358 1262 4456 propriae
1302 4359 1491 4450 alae,
1535 4366 1607 4434 et
1646 4362 1890 4439 subito
1928 4362 2430 4437 ferocissimus
2471 4365 2778 4462 quisque
2816 4362 3166 4460 Ungaro-

915 4509 1110 4576 rum,
1170 4494 1294 4558 aut
1351 4486 1589 4560 laudis
1649 4489 1990 4586 cupidus,
2050 4512 2218 4563 sese
2276 4513 2733 4587 aggregare,
2797 4513 3167 4589 versaque

920 4607 1188 4711 proelii
1223 4609 1516 4685 fortuna
1554 4610 1806 4686 hostes
1842 4612 2353 4688 fundebantur.
2415 4613 2809 4712 Georgius,
2870 4612 3167 4690 Castal-
