3293 5219
2334 299 2492 375 32⁷

241 509 410 584 lidis
453 510 710 586 edictis
750 512 1123 609 principis,
1169 532 1392 585 ausus
1428 520 1547 596 'est
1575 504 1583 511 ”
1609 537 1650 586 e
1677 521 2073 609 xspectare
2114 539 2338 608 arma,
2379 517 2502 594 do-

247 662 381 712 nec
421 639 686 713 mutuis
728 639 1077 714 caedibus
1119 647 1689 736 expugnaretur.
1755 636 1811 709 P
1837 640 2328 717 racfccturam
2389 641 2507 719 Si-

242 765 395 859 geti
481 766 786 840 ambivit
863 765 1344 864 inexplebilis
1406 765 1768 839 avaritiae
1845 774 2075 863 atque
2132 772 2503 867 potentiae

237 892 503 984 studiO,
566 892 883 989 dataque
941 892 1262 966 vicissim
1356 900 1436 968 ut
1492 893 1855 967 clientelis
1914 902 1990 968 et
2046 895 2309 993 opibus
2367 896 2491 971 sti-

238 1019 668 1117 pendiorum
725 1018 1141 1113 difficultati
1211 1018 1663 1110 subveniret,
1722 1042 1909 1116 quae
1967 1045 2138 1096 raro
2196 1047 2331 1096 nec
2372 1047 2498 1098 un-

236 1169 453 1242 quam
494 1144 787 1240 integra
844 1146 1435 1220 exsolvebantur.
1514 1145 1728 1220 Haec
1767 1144 2053 1223 scilicet
2089 1151 2496 1247 praecipua

237 1280 400 1346 erat
440 1295 570 1347 ars
609 1271 946 1367 legendis
988 1272 1333 1365 ducibus3
1378 1273 1537 1346 sive
1597 1273 1788 1347 enim
1833 1296 1999 1367 su0,
2039 1275 2200 1349 sive
2238 1276 2500 1374 rapina

234 1399 543 1474 militem
620 1401 971 1498 expleret,
1020 1401 1202 1474 nihil
1241 1408 1404 1474 erat
1461 1399 1696 1497 pensi.
1759 1399 1962 1475 Sane
2020 1403 2116 1476 ab
2189 1403 2495 1499 imperio

236 1526 695 1601 Ferdinandi
732 1526 872 1601 hoc
893 1528 1109 1624 quale
1149 1529 1364 1625 quale
1388 1535 1524 1622 est,
1564 1528 1685 1601 vel
1726 1550 1850 1602 ars
1892 1530 2011 1603 vel
2042 1526 2262 1622 aliud,
2295 1531 2488 1603 omni

235 1652 674 1751 disciplina,
756 1653 1235 1750 omnibusque
1293 1652 1588 1749 legibus
1667 1654 1935 1729 divinis
2012 1664 2084 1730 et
2129 1656 2494 1731 ⁴humanis

234 1779 560 1855 sublatis
636 1779 731 1854 ad
808 1780 1135 1854 ultimum
1201 1777 1561 1854 excidium
1636 1802 1870 1877 usque
1928 1781 2089 1856 sine
2168 1781 2490 1857 remedio

229 1905 687 2005 perduravit.
745 1907 919 1980 Mox
979 1906 1493 1994 crebrescente
1549 1906 1750 1981 fama
1807 1906 2008 1998 belli,
2050 1931 2214 1983 cum
2267 1931 2486 2006 prae-

228 2034 594 2109 fecturam
652 2033 1037 2128 resignare
1096 2030 1361 2125 vellet,
1440 2033 1605 2106 odio
1665 2044 1738 2107 et
1793 2035 1864 2106 vi
1922 2034 2284 2132 principis
2382 2035 2487 2108 in-

230 2160 434 2236 vitus
474 2168 823 2236 retentus.

452 2283 735 2362 Cacsar
755 2287 1039 2361 interim
1064 2287 1382 2383 equitum
1405 2287 1872 2384 peditumque
1898 2287 2152 2383 copias
2191 2310 2326 2383 per
2351 2285 2489 2363 Po-

227 2416 516 2492 sonium
574 2414 1116 2513 praemittendo
1163 2415 1431 2511 zpridie
1512 2416 1687 2490 Idus
1748 2414 2066 2508 Augusti
2127 2394 2488 2489 Viennam

226 2566 590 2640 egressus
617 2566 776 2618 cum
818 2543 1147 2641 equitatu
1188 2542 1586 2617 aulicorum
1631 2551 1703 2617 ct
1744 2551 1907 2615 octo
1945 2538 2254 2615 vexillis
2295 2539 2492 2639 pcdi-

225 2680 402 2762 tum,
444 2671 828 2746 comitatus
872 2669 1343 2743 Ferdinando
1383 2669 1613 2743 fratre
1675 2675 1747 2742 et
1791 2666 2174 2743 Gunthero
2215 2668 2487 2743 comite

227 2822 273 2870 a
347 2796 912 2892 Svarcenburg,
1012 2797 1280 2893 quintis
1357 2796 1624 2870 castris
1721 2795 2048 2870 Ovarum
2125 2794 2481 2894 pervenit.

226 2923 515 2998 Eodem
556 2923 674 2997 die
733 2933 805 2998 et
881 2924 1389 3013 Bohemorum,
1450 2924 1962 3014 Moravorum,
2020 2919 2488 2996 Slesitarum-

226 3072 375 3146 que
415 3051 806 3148 equitatus.
871 3051 984 3123 Ex
1026 3050 1359 3145 Ungaris
1421 3050 1579 3123 Nic.
1642 3025 1931 3123 Olahus
1991 3047 2488 3146 archicpisco-

226 3200 370 3273 pus
412 3176 951 3272 strigoniensis,
1010 3176 1454 3251 Franciscus
1496 3176 1841 3268 Forgach
1882 3177 2160 3249 electus
2203 3173 2484 3271 episco-

222 3324 369 3398 pus
448 3301 980 3390 varadinensis,
1073 3301 1417 3376 Andreas
1476 3302 1840 3376 Batoreus
1908 3301 2144 3397 judex
2217 3300 2485 3387 curiae,

227 3428 550 3502 Micha²fl
612 3429 702 3502 de
758 3429 966 3503 Mere
1005 3431 1504 3504 locumtenens
1562 3452 1722 3503 cum
1779 3434 2147 3525 potestate
2210 3424 2480 3522 palati·

226 3553 424 3644 nali,
506 3553 944 3631 Franciscus
1041 3554 1263 3652 Tahy
1322 3555 1679 3648 magister
1738 3575 2168 3648 agazonum.
2247 3549 2484 3624 Paulo

232 3690 408 3779 post
467 3682 610 3754 tria
665 3681 899 3755 millia
958 3681 1277 3779 peditum
1338 3681 1715 3770 italorum,
1794 3678 1998 3751 ducis
2062 3677 2487 3776 Florentiae

234 3806 607 3881 auxilium.
664 3807 782 3880 Ibi
849 3830 1108 3881 caesar
1166 3807 1632 3896 consultavit,
1693 3830 1786 3879 an
1844 3803 2194 3901 progredi
2245 3801 2485 3900 placc—
2551 3833 2558 3840 ·

232 3929 403 4007 ret?
462 3932 912 4006 Franciscus
970 3931 1375 4028 Batthiany
1416 3955 1643 4027 aeger
1685 3928 2104 4004 valetudine
2144 3951 2231 4002 ac
2257 3930 2485 4020 scilic,

234 4082 491 4156 eoque.
529 4059 802 4132 absens
857 4083 991 4156 per
1029 4058 1317 4132 litteras
1378 4058 1725 4131 disseruit
1784 4055 2189 4154 principem
2246 4056 2484 4130 consi-

232 4196 439 4261 stere
481 4183 716 4259 Ovari
751 4192 1161 4283 praestare,
1201 4193 1281 4259 ut
1317 4187 1409 4259 ad
1433 4208 1783 4259 summam
1824 4183 1933 4257 rei
1974 4181 2485 4257 auctoritatem

231 4322 306 4390 et
364 4311 720 4386 auxilium
776 4312 851 4385 in
906 4321 1235 4410 tempore
1293 4335 1385 4386 ex
1441 4312 1855 4409 propinquo
1934 4306 2280 4398 adferret,
2357 4309 2484 4383 ubi

228 4462 424 4541 opus
464 4447 703 4533 csset;
760 4438 1075 4526 siniret,
1120 4445 1192 4511 ct
1246 4437 1601 4512 intentato
1667 4437 1925 4534 pedem
1980 4432 2321 4523 referret,
2379 4432 2486 4507 fu-

233 4591 417 4666 gam
460 4564 727 4666 videriss
767 4571 987 4660 utque
1043 4563 1253 4638 initia
1294 4563 1471 4637 belli
1509 4563 2046 4661 provenissent,
2100 4560 2370 4634 famam
2409 4560 2490 4634 iu
