3293 5219
742 294 889 370 476
931 362 942 371 ,

732 528 888 587 rum
943 532 1375 608 provocare,
1413 532 1604 583 novo
1679 517 1899 604 atque
1972 509 2205 603 primo
2282 509 2473 583 inter
2531 509 2993 584 christianos

731 637 1107 736 principes
1164 637 1537 735 exemplo,
1597 659 1742 731 quo
1818 658 2003 710 sane
2074 635 2272 710 facto
2355 635 2552 733 apud
2612 636 2992 709 barbaros

733 790 876 840 non
952 764 1189 838 solum
1226 770 1472 837 notam
1546 785 1873 837 summae
1930 761 2241 837 vilitatis
2300 770 2523 858 atque
2599 760 2990 851 avaritiae,

734 891 869 966 sed
923 890 1217 966 irrisum
1290 910 1374 963 se
1446 888 1809 986 praebuit.
1905 886 2120 979 Quod
2173 908 2320 961 non
2419 888 2557 961 abs
2595 909 2678 962 re
2713 886 2858 962 fuit
2895 886 2989 960 ad

728 1015 1246 1117 posteritatem
1301 1013 1621 1109 tradere,
1660 1021 1761 1101 ut,
1821 1012 2088 1110 quibus
2147 1021 2223 1087 et
2279 1011 2620 1109 qualibus
2677 1013 2987 1110 regibus

726 1140 1234 1218 christianitas
1272 1148 1423 1214 tum
1460 1140 1772 1231 steterit,
1795 1163 1941 1215 non
1978 1140 2079 1214 sit
2114 1141 2495 1214 occultum.
2538 1137 2727 1213 Post
2764 1138 2979 1215 XIV.

731 1272 921 1347 diem
959 1275 1296 1345 oratores
1335 1263 1591 1340 Selimi
1654 1266 1953 1361 magnis
1993 1265 2417 1340 muneribus
2457 1263 2654 1338 datis
2694 1262 2984 1339 dimissi

729 1406 937 1490 sunt,
993 1394 1230 1494 primo
1271 1394 1462 1467 enim
1501 1401 1795 1490 sumptu
1834 1392 2225 1488 magnifico
2265 1415 2359 1466 ex
2396 1391 2579 1465 fisco
2619 1390 2982 1488 principis

736 1530 906 1599 sunt
980 1519 1329 1618 excepti;
1443 1527 1609 1594 octo
1718 1540 2010 1592 numum
2084 1539 2384 1592 aureum
2456 1515 2691 1589 millia
2792 1515 2982 1592 dono

721 1649 952 1725 missa
987 1644 1336 1742 primario
1372 1644 1672 1736 oratori,
1696 1644 1819 1740 qui
1858 1650 2303 1740 conquestus
2343 1643 2590 1733 multa,
2632 1651 2982 1739 quantum

722 1798 858 1872 pro
922 1769 1425 1868 magnitudine
1495 1777 1569 1845 et
1641 1770 1924 1866 negotii
1980 1778 2055 1844 et
2105 1769 2601 1865 impensarum
2656 1789 2979 1860 suarum,

725 1909 800 1975 et
837 1897 1225 1996 dignitatis
1262 1919 1444 1971 suae
1484 1903 1854 1994 sperarat,
1910 1918 1993 1969 se
2033 1917 2213 1970 vero
2253 1916 2389 1969 sua
2426 1916 2560 1993 spe
2589 1894 2977 1988 deceptum

724 2045 953 2120 aegre
993 2021 1296 2118 accepit.
1348 2020 1668 2097 Postera
1707 2042 1888 2116 ergo
1928 2019 2048 2096 die
2099 2020 2225 2095 alii
2263 2016 2463 2094 mille
2500 2018 2711 2095 missi
2752 2027 2828 2094 et
2864 2043 2976 2093 ar-

719 2155 996 2246 gentea
1051 2169 1239 2222 vasa
1277 2147 1581 2245 aliquot.
1641 2144 1888 2222 Alteri
1951 2147 2107 2222 dati
2146 2154 2317 2221 sunt
2351 2144 2553 2220 mille
2593 2152 2669 2219 et
2707 2167 2969 2241 argen-

721 2282 847 2349 tea
903 2294 1131 2369 vasa3
1169 2272 1503 2369 reliquae
1580 2271 2027 2348 multitudini
2105 2274 2515 2347 Turcarum
2569 2270 2970 2347 secundum

714 2399 1292 2497 uniuscujusque
1348 2398 1660 2493 gradum
1702 2400 2138 2498 dispensata
2175 2406 2346 2474 sunt
2381 2398 2618 2474 millia
2657 2400 2822 2474 fere
2882 2399 2968 2474 V.

721 2523 1031 2622 Expleri
1050 2531 1297 2598 tamen
1333 2523 1577 2622 prouti
1633 2525 1779 2623 ipsi
1838 2526 2296 2622 cupiverant,
2352 2548 2502 2600 non
2554 2531 2968 2625 potuerunt.

712 2649 862 2726 Pro
903 2649 1240 2725 vestibus
1280 2651 1718 2742 barbaricis,
1759 2675 1947 2751 quas
2007 2652 2301 2728 nomine
2357 2650 2613 2730 Selimi
2671 2652 2963 2750 publice

716 2776 1108 2868 distribuit,
1131 2775 1671 2875 Christdphoro
1712 2780 2051 2878 Bathory
2090 2785 2401 2877 excepto
2442 2785 2515 2853 et
2552 2778 2957 2854 Francisco

715 2902 1097 2998 Forgach,
1170 2926 1507 2992 munera,
1610 2906 1805 3003 quod
1897 2903 2367 2981 vehementer
2482 2903 2806 2996 dolebat,
2848 2906 2964 2979 de·

716 3024 823 3103 dit
928 3052 1163 3106 nemo.
1256 3029 1309 3107 J
1313 3055 1432 3106 am
1506 3058 1552 3106 a
1629 3032 1991 3130 principio
2086 3030 2406 3108 Selimus
2480 3055 2712 3128 aegre
2787 3030 2964 3107 tule-

710 3160 830 3227 rat
903 3150 1277 3252 Gasparis
1372 3156 1667 3254 Beques
1765 3158 1863 3232 ad
1936 3157 2516 3250 Maximilianum
2571 3158 2962 3255 profectio·

621 3347 628 3356 .
712 3302 900 3371 nem3
943 3279 1076 3354 sed
1117 3282 1511 3356 secundam
1549 3283 1750 3357 ferre
1787 3306 1932 3358 non
1953 3267 2265 3380 poterat,
2306 3281 2502 3378 quod
2540 3281 2766 3357 etiam
2805 3305 2964 3356 con·

713 3403 1063 3480 ditionum
1101 3414 1176 3480 et
1211 3412 1655 3482 tractatuum
1714 3413 1959 3481 certus
2014 3407 2281 3481 fuisset
2330 3408 2596 3482 factus.
2644 3396 2856 3482 ‘Nam
2893 3415 2964 3481 et

711 3529 1008 3627 Beques
1047 3530 1235 3622 odio,
1291 3532 1425 3624 ira,
1486 3541 1559 3608 et
1595 3532 1831 3607 indita
1868 3530 2194 3625 levitate,
2250 3533 2434 3608 nihil
2472 3540 2763 3609 secreto
2793 3555 2960 3630 age-

709 3655 862 3745 bat,
902 3638 977 3728 et
1013 3652 1371 3732 Germani
1406 3681 1588 3755 prae
1628 3657 1955 3733 elatione
1993 3658 2217 3734 animi
2253 3659 2438 3735 nihil
2473 3660 2848 3753 tacebant3
2886 3666 2959 3731 ut

707 3777 956 3876 palam
966 3780 1124 3873 jam
1145 3781 1366 3876 vulgo
1388 3781 1633 3857 omnia
1658 3783 2288 3879 praedicarentur.
2329 3784 2567 3882 Igitur
2605 3783 2961 3860 Tartaro·

707 3925 866 3979 rum
922 3902 1156 3979 millia
1193 3905 1258 3979 L
1281 3906 1376 3980 ad
1415 3904 1775 3982 Podoliae
1830 3918 1905 3984 et
1942 3907 2360 3987 Valachiae
2432 3911 2616 3986 fines
2691 3919 2959 4006 parata

710 4030 1156 4125 continebat3
1234 4033 1540 4108 duarum
1609 4033 2142 4113 Valachiarum
2247 4037 2705 4132 principibus
2817 4038 2959 4113 sin-

705 4155 899 4249 gulis
991 4156 1162 4230 XL
1289 4158 1519 4233 millia
1592 4162 2099 4259 imperaverat
2137 4189 2154 4256 3
2254 4165 2349 4239 ad
2421 4164 2610 4238 haec
2730 4164 2959 4262 magi-

714 4284 948 4355 strum
1025 4283 1348 4378 equitum
1427 4283 1799 4363 Graeciae
1836 4289 1914 4363 in
1988 4289 2528 4383 expeditionem
2618 4292 2956 4366 transsil-

705 4407 1041 4481 vanicam
1078 4411 1359 4483 venire.
1423 4414 1937 4509 Exspectabat
1962 4418 2144 4512 jam,
2198 4416 2373 4514 quid
2420 4417 2719 4513 Beques
2759 4428 2954 4494 esset

706 4532 1073 4610 relaturus
1131 4558 1222 4608 ex
1265 4531 1693 4622 Germania.
1734 4542 2010 4616 Verum
2069 4540 2413 4618 defuncto
2455 4543 2806 4647 principe,
2881 4553 2949 4622 ct
