3293 5219
2409 343 2574 421 *123

349 567 466 635 tur
503 560 571 634 si
623 561 817 637 forte
872 562 1128 638 hostes
1183 583 1317 659 per
1373 582 1762 637 coenosum
1821 561 2110 637 alveum
2163 563 2578 640 inordinate

325 688 649 763 transire
678 688 1071 783 auderent3
1127 687 1419 762 interim
1458 689 1715 787 copiae
1752 688 2156 764 instructae
2196 689 2575 767 conflictus

330 815 620 912 copiam
657 815 1015 909 facerent,
1056 817 1177 914 qui
1218 816 1283 889 si
1319 821 1538 912 terga
1577 816 1791 892 daret
1827 816 1990 891 Deo
2031 818 2372 916 propitio,
2428 819 2575 896 for-

329 953 582 1016 tunam
658 944 1108 1041 sequendam
1202 965 1410 1036 esse3
1508 943 1622 1017 sin
1680 951 1937 1019 contra
2009 944 2446 1037 invaluerit,
2501 947 2576 1020 in

334 1069 658 1144 medium
697 1093 1035 1147 curruum
1076 1068 1660 1166 regrediendum,
1723 1050 2252 1169 dispositisque
2302 1080 2470 1147 ante
2508 1081 2582 1146 et

331 1205 529 1292 post,
567 1197 742 1272 item
791 1221 885 1272 ex
921 1206 1233 1294 utroque
1269 1197 1503 1271 latere
1543 1197 1911 1295 peditibus
1953 1199 2446 1297 sclopetariis‚
2470 1198 2573 1273 di-

334 1324 671 1402 micando
710 1347 879 1399 sese
919 1324 1011 1399 ad
1070 1326 1513 1411 Berzencze,
1555 1345 1716 1397 eum
1758 1324 2306 1422 impedimentis
2357 1331 2435 1400 et
2468 1334 2573 1401 to·

334 1454 429 1527 tis
486 1453 759 1527 castris
813 1476 961 1527 una
1031 1450 1430 1548 recipiant,
1489 1452 1587 1524 ab
1642 1450 2181 1550 impedimentis
2241 1452 2577 1549 separari

334 1603 478 1655 non
520 1580 831 1671 debere3
871 1601 1040 1652 nam
1079 1577 1146 1652 si
1168 1576 1307 1652 hoc
1324 1578 1700 1668 fecissent,
1725 1578 1866 1653 duo
1888 1577 2305 1652 certissima
2343 1600 2578 1675 eaque

333 1705 968 1806 periculosissima
1050 1705 1513 1780 incommoda
1589 1711 1935 1780 secutura
1975 1733 1992 1776 ε
2089 1728 2306 1780 unum
2383 1705 2576 1802 quod

333 1832 651 1933 quilibet
684 1832 843 1908 fere
880 1830 1208 1924 militum,
1248 1833 1313 1907 si
1351 1856 1497 1908 non
1537 1831 1875 1923 mediam,
1917 1856 2097 1907 sane
2133 1833 2428 1907 tertiam
2467 1833 2580 1908 sui

331 1959 616 2036 ordinis
653 1965 938 2057 partem
976 1959 1172 2056 apud
1222 1959 1563 2034 sarcinas
1621 1961 1722 2033 sit
1776 1960 2191 2049 relicturus,
2245 1967 2318 2035 et
2356 1959 2578 2035 etiam

330 2089 527 2163 inter
569 2083 1052 2160 dimicandum
1095 2084 1187 2160 de
1227 2087 1449 2160 rebus
1488 2092 1562 2160 et
1601 2086 1916 2161 sarcinis
1939 2086 2303 2182 cogitans,
2325 2085 2579 2160 remis·

333 2216 492 2290 sius
532 2214 637 2289 sit
668 2218 1174 2311 pugnaturus3
1234 2212 1547 2287 alterum
1607 2211 1803 2309 quod
1842 2211 2103 2286 divisis
2141 2234 2231 2285 ac
2267 2211 2570 2286 diminu-

332 2342 433 2415 tis
472 2339 739 2437 copiis,
759 2337 1087 2436 alioquin
1124 2361 1262 2437 pro
1301 2339 1540 2414 hostis
1562 2339 2024 2413 multitudiue
2047 2338 2371 2429 modicis,
2396 2339 2584 2413 Tur·

335 2492 422 2542 ca
461 2466 748 2542 animos
786 2465 982 2541 haud
1022 2465 1239 2540 dubie
1275 2466 1373 2541 sit
1412 2472 1956 2564 sumpturus,et
1975 2463 2146 2538 hinc
2169 2462 2582 2539 conflictum

338 2591 709 2681 faciende,
745 2590 952 2667 illinc
1022 2587 1544 2690 impedimenta
1617 2590 1999 2692 praesidio
2054 2591 2333 2667 nudata
2385 2590 2586 2665 inva-

336 2720 580 2796 dendo
656 2719 1227 2817 occupandoque
1281 2727 1576 2795 nostros
1636 2720 1889 2795 statim
1926 2720 2001 2794 in
2035 2719 2286 2812 fugam
2328 2720 2570 2813 conje-

336 2855 635 2939 cturus;
674 2846 752 2920 id
790 2846 1005 2942 quod,
1025 2853 1244 2945 prout
1282 2854 1589 2922 eventus
1630 2853 1895 2943 postea
1933 2845 2194 2935 docuit,
2235 2845 2583 2941 contigis-

331 2979 472 3049 set.
511 2969 780 3069 Itaque
816 2972 1016 3048 facto
1054 2972 1196 3049 hoc
1250 2974 1568 3064 decreto,
1624 2972 2002 3071 palatinus
2051 2973 2424 3048 revocatis
2460 2971 2579 3062 iis,

330 3122 519 3197 quos
557 3098 655 3173 ad
710 3099 1267 3185 observandum,
1326 3097 2022 3196 custodiendumque
2075 3099 2344 3173 vadum
2413 3097 2579 3173 reli-

334 3233 624 3324 querat,
681 3224 1056 3318 militibus,
1115 3224 1443 3324 solisque
1497 3225 1765 3321 viginti
1823 3226 2139 3324 quinque
2211 3225 2581 3324 equitibus

338 3353 435 3427 ad
493 3351 830 3448 agendas
887 3351 1045 3426 illie
1102 3359 1495 3427 nocturnas
1555 3353 1910 3428 excubias
1966 3352 2268 3445 relictis,
2326 3360 2579 3428 cetera

342 3478 542 3555 hosti
635 3478 948 3553 liberum
1021 3479 1221 3553 fecit.
1350 3478 1516 3570 Qua
1589 3479 1718 3554 ille
1794 3479 2183 3553 occasione
2259 3485 2581 3575 arrepta,

336 3607 569 3682 robur
662 3604 887 3680 totius
981 3604 1348 3679 exercitus
1442 3627 1722 3679 summo
1819 3628 2032 3678 mane
2125 3603 2574 3692 transmittit,

332 3732 500 3830 ipse
576 3753 740 3806 cum
813 3730 1104 3828 reliqua
1198 3732 1569 3829 copiarum
1649 3741 1862 3830 parte
1936 3732 2302 3829 expeditis
2376 3730 2574 3805 acie-

332 3860 472 3934 bus
547 3857 1080 3952 tormentisque
1156 3881 1404 3933 secum
1463 3859 1796 3935 advectis
1872 3855 1992 3956 (ea
2066 3857 2375 3954 triginta
2425 3881 2573 3933 om-

330 3984 501 4058 nino
536 3976 775 4078 fuere)
815 3984 1152 4059 omnibus
1189 3984 1263 4060 in
1302 3984 1476 4059 illos
1543 3984 1867 4072 directis,
1904 3984 1981 4059 in
2018 3984 2354 4059 ulteriori
2407 3983 2575 4081 ripa

333 4108 689 4197 constitit,
747 4130 833 4185 eo
873 4110 1201 4203 consilio,
1257 4119 1337 4187 ut
1390 4112 1560 4186 illos
1634 4112 1921 4187 levibus
1977 4111 2213 4209 primo
2271 4111 2579 4207 praeliis

333 4240 798 4332 pertentatos
840 4244 965 4311 aut
1002 4236 1386 4312 invaderet
1424 4235 1781 4312 infirmius
1821 4238 2330 4328 consistentes,
2353 4247 2478 4312 aut
2514 4238 2579 4312 si

330 4361 572 4435 minus
611 4360 686 4433 id
724 4361 867 4436 sibi
923 4365 1120 4439 foret
1159 4364 1599 4461 expeditum,
1642 4387 1895 4462 pugna
1933 4364 2338 4455 abstinens,
2377 4386 2579 4439 more

330 4510 465 4563 suo
505 4487 1148 4564 circumcursando
1189 4491 1739 4588 fatigandoque,
1770 4513 1928 4565 cum
1967 4492 2065 4565 ad
2102 4497 2574 4577 commeatus,

331 4624 482 4689 tum
527 4614 625 4691 ad
666 4623 1073 4692 ceterarum
1129 4640 1370 4693 rerum
1413 4618 1917 4701 difficultatem
1959 4618 2376 4703 adduceret.
2416 4618 2577 4697 Nec
