3293 5219
2386 336 2534 412 533

299 554 454 629 acie
476 577 608 651 pro
650 574 943 627 suorum
984 552 1222 626 salute
1263 552 1775 626 occubuerunt.
1804 548 1990 625 Sunt
2022 552 2307 646 quidem
2346 556 2540 631 iusta

296 704 523 769 arma,
563 704 709 756 non
748 701 935 774 quae
973 678 1213 753 studio
1237 678 1547 773 gloriae,
1588 676 1778 768 odio,
1803 677 2201 774 cupiditate
2237 680 2538 756 immani

295 806 732 899 dominandi,
746 828 836 880 ac
855 804 1275 904 proferendi
1296 804 1794 900 Imperiifines
1818 810 2191 901 geruntur,
2205 807 2337 880 sed
2349 832 2540 904 quae

292 935 401 1008 ita
438 941 608 1009 sunt
651 931 1010 1008 salutaria
1035 932 1214 1023 suis,
1252 940 1333 1007 ut
1351 931 1516 1007 unis
1544 931 1757 1007 modo
1796 930 2156 1021 hostibus,
2211 942 2429 1031 atque
2466 935 2540 1009 in

292 1061 425 1136 illa
459 1062 653 1136 ultro
690 1058 1229 1135 incurrentibus
1283 1056 1580 1131 exitium
1620 1056 2162 1155 perniciemque
2202 1057 2538 1135 afferant.

512 1189 631 1262 Ita
668 1210 845 1263 vero
884 1185 1116 1261 ceteri
1151 1185 1409 1281 Reges
1448 1184 1742 1259 maximi
1804 1184 2173 1271 victorias,
2204 1194 2278 1261 et
2295 1186 2528 1262 trium·

299 1314 487 1411 phos
523 1314 818 1403 iactent,
859 1320 941 1389 ut
975 1314 1350 1387 fateantur
1391 1312 1557 1386 odio
1600 1333 1685 1385 se
1725 1319 1800 1386 et
1838 1310 2239 1408 cupiditate
2280 1312 2538 1407 victos,

298 1440 676 1538 perpetuis
732 1439 1068 1514 cladibus
1144 1461 1331 1535 pene
1408 1439 1503 1512 ad
1583 1437 1956 1513 interitum
2035 1435 2538 1516 Christianam

299 1564 854 1664 Rempublicam
926 1563 1309 1659 redegisse
1348 1592 1364 1637 :
1417 1588 1581 1639 eam
1654 1563 1948 1639 laudem
2026 1564 2539 1641 Ferdinandus

300 1692 703 1788 adamavit,
760 1714 975 1789 quam
1014 1714 1238 1767 verae
1275 1700 1349 1767 et
1386 1669 1672 1765 solidae
1729 1689 2019 1785 gloriae
2093 1692 2537 1767 effectricem

298 1819 766 1895 consentiens
840 1818 1039 1892 fama
1075 1818 1462 1906 bonorum,
1502 1840 1781 1897 nomen,
1825 1817 2336 1894 immortalitas
2374 1841 2538 1893 con-

297 1950 668 2040 sequatur.
711 1942 859 2017 Hic
895 1967 1093 2034 vero,
1132 1943 1391 2033 facite,
1472 1942 1685 2018 vobis
1726 1942 1976 2017 veniat
2045 1943 2120 2017 in
2196 1952 2532 2034 mentem,

298 2070 424 2168 qui
461 2076 700 2145 status
736 2070 960 2145 totius
999 2066 1473 2144 Christianae
1549 2067 2029 2167 Reipublicae
2083 2069 2309 2146 fuerit
2342 2072 2529 2147 futu-

298 2219 445 2288 rus,
489 2196 554 2270 si
627 2194 1152 2270 immanissima
1206 2195 1459 2269 bellua
1532 2201 1606 2269 et
1661 2193 2099 2269 saevissima
2168 2197 2538 2294 perruptis

298 2322 725 2398 Pannoniae
763 2321 1130 2413 claustris,
1176 2321 1442 2418 quibus
1480 2320 1883 2398 constricta
1958 2327 2284 2413 tenetur,
2327 2320 2531 2398 Chri-

296 2451 580 2527 stianos
619 2449 893 2545 Reges,
934 2449 1101 2524 dum
1139 2448 1332 2524 inter
1371 2470 1454 2523 se
1491 2448 1681 2524 odiis
1721 2457 1794 2522 et
1832 2448 2058 2523 bellis
2132 2450 2538 2536 certabant,

300 2577 521 2652 totius
562 2574 895 2652 Orientis
935 2574 1218 2650 viribus
1258 2597 1632 2673 aggressa
1675 2582 1896 2650 esset.
1939 2575 2054 2650 Ita
2094 2574 2282 2650 enim
2324 2575 2535 2652 vobis

297 2701 759 2780 statuendum
799 2709 934 2792 est,
956 2699 1081 2777 tot'
1103 2707 1455 2798 tantaque
1477 2723 1645 2776 esse
1670 2699 2122 2776 Ferdinandi
2144 2701 2219 2776 in
2258 2726 2393 2778 vos
2412 2704 2534 2778 be-

297 2828 578 2913 neficia‚
622 2835 696 2904 et
730 2828 1019 2918 merita,
1060 2836 1237 2924 quot
1315 2835 1737 2926 quantaque
1773 2828 1987 2904 vobis
2011 2829 2228 2920 mala,
2264 2829 2537 2921 clades,

296 2956 654 3047 interitus,
693 2962 915 3053 atque
955 2955 1384 3031 eversiones
1421 2954 1708 3031 urbium
1747 2961 1960 3030 erant
1995 2955 2339 3051 timenda,
2393 2959 2538 3034 nisi

296 3084 363 3159 is
401 3108 447 3158 a
483 3081 755 3157 vestris
794 3081 1160 3179 capitibus
1218 3105 1309 3156 ea
1347 3104 1482 3156 sua
1519 3078 1789 3155 virtute
1846 3082 2263 3158 avertisset.
2347 3085 2539 3163 Huic

298 3212 423 3286 uni
461 3232 637 3286 vere
676 3209 967 3307 patriae
1006 3207 1313 3307 parenti,
1353 3231 1529 3283 vere
1553 3206 1911 3301 Augusto,
1938 3232 2111 3285 vere
2133 3207 2537 3288 Christiani

296 3335 607 3412 nominis
645 3335 1036 3428 defensori,
1076 3335 1268 3432 quod
1306 3334 1658 3420 vivimus,
1698 3334 1890 3431 quod
1931 3335 2171 3433 patria
2208 3337 2538 3432 fruimur,

295 3463 576 3556 liberis,
618 3462 1073 3558 coniugibus,
1113 3469 1334 3559 atque
1373 3461 1710 3536 omnibus
1749 3484 1938 3558 quae
1974 3462 2047 3536 in
2069 3461 2224 3537 vita
2260 3464 2540 3541 charis-

300 3588 487 3665 sima
522 3588 901 3677 habentur,
960 3587 1370 3675 referimus,
1410 3592 1807 3684 acceptum.
1885 3586 2078 3680 Quid
2158 3589 2348 3664 enim
2394 3613 2534 3667 non

297 3716 427 3792 ille
464 3714 671 3807 fecit,
734 3737 946 3811 quam
984 3714 1180 3788 viam
1257 3713 1691 3789 intentatam
1730 3712 2063 3811 reliquit,
2143 3738 2355 3813 quam
2392 3740 2536 3793 non

297 3842 656 3918 rationem
694 3840 980 3915 consilii
1018 3840 1252 3932 inivit,
1290 3848 1372 3915 ut
1412 3840 1698 3938 pacatis
1773 3836 2355 3918 Christianorum
2392 3843 2535 3919 Re·

299 3992 470 4063 gum
509 3966 799 4060 animis,
841 3991 930 4042 ac
966 3968 1278 4065 privatis
1316 3959 2332 4066 simultatibus'2Reipublicae
2371 3996 2533 4047 con-

300 4094 614 4185 donatis,
670 4100 874 4169 tanto
928 4094 1121 4170 hosti
1191 4095 1265 4169 in
1321 4101 1650 4170 nostram
1725 4093 2006 4168 ruinam
2073 4094 2534 4178 incumbenti,

298 4218 797 4296 communibus
852 4220 1136 4296 viribus
1194 4221 1486 4296 obviam
1558 4220 1826 4311 iretur,
1901 4245 2170 4318 magna
2225 4225 2434 4302 labes
2496 4253 2534 4303 e

300 4344 731 4424 Christiana
765 4347 1177 4446 Republica
1231 4349 1649 4438 tolleretur,
1691 4346 1987 4446 Imperii
2049 4349 2405 4427 Maiestas
2462 4355 2536 4430 in

298 4474 670 4573 antiquam
709 4473 1139 4571 dignitatem
1178 4484 1252 4550 et
1289 4476 1600 4570 gloriam
1640 4475 2135 4551 vindicaretur
2163 4477 2199 4550 ἶ)
2238 4478 2402 4570 Qua
2442 4504 2533 4555 ex

300 4624 383 4675 re
420 4599 532 4675 illi
570 4600 816 4675 debita
852 4600 1286 4678 immortalis
1323 4602 1507 4688 laus,
1588 4611 1661 4677 et
1698 4600 1886 4699 quod
1929 4601 2213 4702 quidem
2256 4605 2535 4699 gravis-
