3293 5219
758 285 917 362 488

708 500 713 507 ’
762 503 1198 601 quibusdam
1235 497 1756 601 promontoriis
1816 498 1910 570 ad
1966 497 2225 573 fauces
2282 500 2486 575 sinus
2546 500 3002 597 corynthiaci

760 631 950 703 inter
987 629 1448 725 Naupactum
1525 631 1600 699 et
1635 622 1932 708 Patras‚
1952 623 2117 719 pari
2154 624 2312 698 fere
2351 626 2691 722 utrinque
2732 626 3004 701 distan-

762 756 883 833 tia.
961 756 1222 828 ambae
1281 753 1565 827 classes
1625 773 1796 823 sese
1837 749 2334 825 ostenderunt.
2395 752 2584 824 Tum
2662 750 3004 826 Austrius

765 881 935 954 dato
1011 904 1105 954 ex
1146 902 1282 953 sua
1340 877 1716 975 praetoria
1773 875 2012 970 signo,
2069 876 2343 971 singuli
2381 900 2512 974 pro
2554 901 2636 952 se
2696 878 3004 974 quisque

769 1006 1015 1104 parati
1053 1005 1377 1079 ordinem
1403 1001 1653 1077 sortiri
1692 1024 1941 1095 suum;
1983 1002 2146 1099 ipse
2168 1025 2346 1076 vero
2388 1025 2796 1078 conscenso
2836 1004 3003 1077 lem-

764 1130 880 1223 bo,
920 1136 1148 1204 totam
1188 1129 1505 1202 classem
1544 1125 1969 1216 circumivit,
2029 1133 2249 1222 atque
2317 1126 2655 1222 singulos
2702 1127 3003 1215 hortari,

763 1277 1079 1345 monere,
1136 1254 1503 1348 animare3
1599 1275 1742 1326 nec
1788 1261 1950 1327 erat
1988 1250 2287 1326 difficile
2327 1255 3003 1351 praestantissimos

765 1382 1010 1467 duces,
1105 1378 1746 1454 instructissimam
1816 1378 2132 1451 classem
2188 1377 2264 1451 in
2339 1378 2666 1454 ordinem
2718 1401 3004 1473 cogere.

769 1505 917 1581 Sex
991 1504 1351 1579 maximae
1389 1504 1672 1577 formae
1728 1524 1962 1575 naves
2001 1502 2451 1577 Venetorum
2509 1510 2745 1593 erant,
2786 1504 3004 1577 remis

758 1632 1035 1721 itidem,
1113 1629 1245 1702 sed
1301 1630 1464 1702 velo
1523 1626 1764 1721 magis
1803 1628 2257 1722 agebantur;
2313 1651 2483 1701 nam
2557 1653 2649 1703 ex
2728 1627 3007 1702 duabus

763 1755 1019 1830 formis
1078 1753 1549 1850 compositae,
1589 1759 1893 1849 propter
1948 1751 2474 1847 longitudinem
2523 1760 3003 1828 rostratarum

770 1879 1093 1975 speciem
1132 1878 1530 1965 habebant,
1624 1885 1931 1974 propter
1981 1876 2444 1952 altitudinem
2483 1878 3000 1953 onerariarum.

769 2004 1058 2079 Harum
1118 1999 1458 2096 singulas
1514 2000 1792 2097 singuli
1848 2001 2073 2075 duces
2131 2004 2456 2078 remulco
2495 2010 2902 2093 traxerunt,
2939 2011 3010 2076 et

775 2130 1088 2226 quisque
1110 2133 1281 2200 ante
1304 2147 1512 2199 suam
1533 2126 1764 2198 aciem
1802 2126 1879 2199 in
1896 2127 2212 2200 frontem
2236 2129 2714 2203 collocarunt.
2755 2124 3007 2202 Consi-

778 2254 953 2326 lium
976 2255 1158 2344 erat,
1179 2257 1259 2324 ut
1279 2250 1420 2326 hae
1445 2250 1777 2326 ordinem
1799 2257 1873 2324 et
1891 2249 2238 2347 impetum
2269 2251 2588 2326 hostium
2629 2275 2789 2326 cum
2828 2254 3012 2326 mole

779 2402 935 2469 sua,
976 2386 1124 2451 tum
1163 2375 1626 2451 multitudine
1678 2397 2072 2450 aenearum
2128 2376 2628 2451 machinarum
2689 2373 2916 2475 (qnod
2942 2384 3012 2451 et

769 2506 1048 2578 factum
1108 2496 1249 2599 est)
1290 2504 1747 2595 frangerent.
1798 2501 1984 2575 Post
2041 2499 2180 2576 has
2218 2502 2293 2576 in
2351 2500 2590 2577 media
2647 2502 2808 2578 acie
2864 2512 3011 2578 tres

768 2631 1279 2727 imperatores,
1321 2627 1603 2703 medius
1654 2628 1847 2702 inter
1887 2649 2018 2704 eos
2060 2627 2430 2720 Austrius,
2488 2629 2854 2726 contiguis
2911 2629 3005 2702 in-

765 2762 880 2831 ter
922 2775 1094 2828 sese
1133 2754 1472 2844 navibus,
1515 2753 1848 2828 dextram
1897 2754 2295 2852 pontificio,
2336 2756 2713 2830 sinistram
2751 2763 3008 2830 veneto

771 2878 1169 2969 obtinente,
1232 2880 1552 2952 stabant.
1592 2879 1832 2954 Erant
1866 2880 1942 2954 in
1999 2880 2241 2955 media
2299 2882 2458 2956 acie
2498 2881 2684 2956 LXI
2739 2889 3009 2957 rostra-

766 3011 928 3096 tae3
1008 3002 1341 3078 dextrum
1420 3027 1645 3079 cornu
1740 3004 1793 3081 J
1798 3004 2129 3080 ohannes
2181 3003 2522 3080 Andreas
2599 3005 2838 3080 Auria
2909 3029 3012 3080 re·

770 3129 1021 3224 gebat,
1099 3129 1478 3205 sinistrum
1528 3129 1995 3225 Augustinus
2035 3131 2521 3223 Barbadicus,
2581 3131 2861 3228 singuli
2901 3132 3010 3206 111

763 3261 838 3328 et
876 3255 943 3330 L
1018 3256 1406 3350 rostratis3
1450 3264 1901 3354 postremam
1980 3258 2435 3355 eandemque
2497 3256 3012 3332 subsidiariam

769 3380 1003 3454 aciem
1071 3381 1428 3455 XXXIX
1486 3390 1972 3457 rostratarum
2032 3382 2360 3458 Alvarus
2416 3382 2835 3472 Bazianus,
2893 3404 3005 3455 ne·

770 3506 1197 3604 apolitanae
1255 3508 1524 3582 classis
1579 3509 2022 3603 praefectus,
2081 3510 2410 3584 curabat.
2523 3508 2692 3582 Hoc
2766 3506 3013 3583 ordine

767 3631 1216 3729 pedetentim
1274 3632 1350 3705 in
1386 3656 1731 3729 pugnam,
1827 3634 2066 3708 medio
2105 3634 2266 3707 fere
2324 3632 2465 3707 diei
2523 3632 3016 3728 procedebant

774 3753 1181 3830 christiani.
1258 3756 1554 3831 Turcae
1630 3781 1919 3855 quoque
1997 3758 2071 3832 in
2129 3756 2438 3833 eundem
2512 3759 2669 3831 fere
2727 3757 3010 3830 modum

765 3878 962 3979 (non,
1001 3890 1081 3957 ut
1137 3885 1398 3976 solent,
1439 3885 1682 3959 lunari
1738 3879 2004 3981 forma)
2080 3883 2377 3958 ordines
2457 3890 3004 3981 exaequarant:

768 4006 1082 4081 mediam
1140 4007 1373 4083 aciem
1450 4010 1736 4084 mediae
1793 4009 2001 4100 aciei,
2062 4031 2337 4085 cornua
2394 4009 2742 4085 cornibus
2799 4029 3010 4105 oppo-

773 4142 1098 4222 suerant,
1176 4144 1249 4210 et
1288 4136 1434 4210 dux
1474 4136 1638 4211 duci
1680 4145 1845 4212 erat
1885 4137 2312 4234 oppositus3
2387 4159 2476 4210 ac
2523 4143 2694 4233 post
2731 4143 3015 4235 praeto·

762 4258 947 4333 riam
968 4243 1258 4333 Pertaff
1327 4263 1619 4350 bassae,
1699 4263 1979 4358 aliquot
2026 4261 2432 4336 auxiliares
2475 4284 2612 4358 pro
2686 4256 3009 4335 subsidio

769 4406 1003 4456 naves
1079 4393 1292 4459 erant
1349 4387 1776 4462 collocatae.
1842 4387 1989 4463 Ubi
2042 4410 2273 4485 prope
2351 4384 2640 4460 hostem
2705 4392 3012 4468 ventum,

766 4508 817 4586 J
823 4508 1152 4585 ohannes
1190 4528 1485 4612 pugnae
1526 4513 1817 4608 signum
1858 4536 2124 4589 canere
2177 4514 2430 4610 jubet3
2471 4513 2634 4614 ipse
2673 4535 2851 4589 suos
2890 4511 3010 4586 ad·
