3293 5219
2341 339 2491 421 301

229 560 563 656 gratuito
627 553 946 635 militare
1025 551 1338 655 assveti)
1425 555 1867 654 gravissime
1962 562 2313 638 exerceri.
2348 560 2503 655 -He-⁴

228 686 612 778 reditates,
657 708 965 782 quorum
1006 689 1280 774 essent,
1320 684 1413 758 ab
1452 684 1791 761 hostibus
1830 696 2334 785 recuperatae,
2374 711 2499 762 ne-

227 812 403 886 mini
465 810 719 907 reddi;
777 811 951 907 quin
1009 811 1413 906 pleraeque
1464 836 1509 884 a
1548 811 1862 887 dominis
1937 837 2363 911 possessae,
2397 814 2503 889 ita

228 945 307 1010 ut
346 936 648 1034 sibique
690 944 765 1010 et
782 936 1119 1010 hostibus
1141 935 1307 1010 usui
1346 936 1592 1011 forent
1613 940 1872 1036 (prout
1909 962 2098 1014 nunc
2135 940 2493 1037 reliquiae

236 1062 622 1158 Ungariae
664 1086 746 1137 se
793 1056 1099 1158 habent)
1123 1069 1515 1158 postquam
1555 1063 1921 1140 liberatae
1961 1075 2149 1158 sunt,
2208 1067 2497 1164 penitus

234 1188 535 1263 ablatas
593 1211 728 1285 pro
789 1188 998 1282 regio
1055 1186 1261 1261 fisco.
1342 1188 1491 1263 Ubi
1533 1191 1697 1285 quis
1756 1193 2081 1287 cujusvis
2121 1193 2230 1266 rei
2271 1216 2499 1268 causa

230 1313 324 1387 ad
381 1316 807 1412 praefectos
866 1336 1258 1408 germanos
1318 1315 1790 1408 accessisset,
1847 1326 1929 1392 ut
1979 1318 2055 1392 in
2115 1316 2497 1417 Scythiam

235 1441 591 1534 redirent,
630 1463 996 1538 responsa
1037 1441 1237 1514 dare.

452 1566 557 1641 At
594 1567 909 1641 maxime
950 1566 1266 1641 omnium
1307 1567 1592 1642 animos
1632 1570 2132 1669 exasperavit,
2156 1594 2319 1645 cum
2340 1572 2496 1644 Ma-
2531 1573 2538 1578 ’
2571 1549 2574 1552 Α

232 1693 694 1769 ximilianum
750 1695 823 1767 in
881 1695 1253 1769 meliorem
1314 1701 1588 1768 statum
1649 1698 2215 1772 reformaturum
2254 1695 2499 1771 omnia

236 1815 709 1909 confiderent,
753 1841 887 1916 spe
926 1817 1303 1906 frustrati,
1356 1827 1443 1891 et
1481 1819 1554 1892 in
1593 1819 1760 1918 ipso
1802 1821 1960 1895 fere
1998 1819 2244 1894 limine
2283 1822 2498 1916 regni

237 1968 493 2019 omnes
535 1944 983 2019 acerbitates
1022 1967 1361 2019 crescere
1404 1946 1762 2022 viderent.
1804 1948 2000 2022 Nam
2042 1971 2205 2023 cum
2245 1968 2496 2021 amor-

233 2085 303 2149 te
356 2072 598 2170 patris
655 2070 837 2146 nulli
878 2073 1169 2147 omnino
1214 2071 1689 2168 Ungarorum
1730 2074 2120 2171 quicquam
2158 2071 2498 2149 beneficii

233 2199 583 2289 fecisset,
618 2215 714 2271 eo
752 2198 1057 2292 gravius
1094 2183 1331 2272 visum
1374 2206 1525 2289 est,
1569 2195 1766 2295 quod
1801 2199 2115 2296 primum
2153 2211 2228 2273 et
2265 2200 2498 2274 incre-

235 2324 459 2399 dibile
499 2324 725 2416 factu,
762 2327 839 2397 in
879 2330 1312 2397 extraneum
1349 2326 1880 2416 transtulisset,
1922 2326 2497 2421 donavissetque

241 2438 748 2548 episcopatum
831 2449 1308 2545 jauriensem,
1365 2449 1590 2547 paulo
1635 2458 1808 2525 ante
1831 2452 2173 2525 defuncto
2215 2451 2497 2549 episco-

245 2599 359 2674 p0,
424 2576 547 2673 qui
604 2598 789 2651 unus
850 2576 925 2649 in
980 2583 1138 2651 tota
1178 2575 1451 2652 ditione
1492 2578 1697 2674 regis
1738 2576 1982 2653 adhuc
2024 2579 2117 2652 ab
2157 2578 2498 2654 hostibus

237 2703 478 2799 magis
535 2703 826 2798 integer
865 2711 1105 2793 esset,
1148 2703 1437 2778 cuidam
1477 2702 1893 2779 Zachariae
1928 2703 2332 2802 Delphino,
2369 2701 2498 2778 ho-

236 2826 412 2901 mini
507 2835 768 2900 veneto
827 2826 946 2921 Pii
999 2828 1131 2903 IV.
1190 2826 1562 2925 pontificis
1637 2852 1829 2903 max.
1889 2828 2183 2921 nuncio,
2227 2852 2389 2903 cum
2424 2829 2502 2904 id

235 2953 530 3050 legibus
584 2953 934 3028 Andreae
989 2955 1195 3049 regis
1235 2963 1796 3051 ceterorumque
1835 2956 2150 3031 omnium
2189 2964 2499 3049 cautum,

237 3081 370 3155 sed
411 3079 637 3155 etiam
683 3101 822 3154 usu
858 3088 1216 3177 perpetuo
1246 3084 1404 3176 jam
1442 3081 1615 3156 inde
1659 3083 1753 3156 ab
1794 3081 2000 3156 initio
2041 3091 2296 3158 sancte
2333 3083 2501 3158 hac-

232 3216 447 3282 tenus
508 3208 989 3282 observatum
1046 3208 1350 3302 fuisset3
1406 3210 1715 3307 insuper
1755 3232 1918 3284 cum
1960 3210 2505 3287 detestarentur

240 3334 607 3408 hominem
650 3333 1108 3408 detestandis
1183 3332 1510 3429 flagitiis.
1570 3334 1877 3430 stupris,
1938 3334 2346 3428 adulteriis,
2389 3357 2504 3408 so-

237 3459 500 3567 domia,
563 3459 1007 3555 sacrilegiis,
1064 3466 1516 3558 postremum
1552 3460 2118 3560 proditionibus,
2159 3470 2234 3535 et
2294 3463 2387 3536 ob
2423 3460 2500 3534 id

230 3564 563 3661 casulem
603 3586 886 3684 patria3
929 3609 1159 3682 quare
1201 3610 1455 3661 omnes
1477 3587 1850 3679 admirari,
1893 3611 1982 3661 ac
2022 3611 2300 3663 summo
2341 3590 2495 3686 pia-

235 3715 393 3791 culo
432 3715 734 3790 habere.
793 3714 940 3788 Hic
978 3715 1072 3789 ab
1113 3715 1348 3790 Paulo
1392 3718 1522 3792 IV.
1549 3719 1643 3792 ob
1687 3717 1990 3791 easdem
2031 3739 2295 3792 causas
2317 3740 2497 3792 nun-

236 3843 323 3916 cii
382 3840 628 3915 officio
671 3841 1025 3936 dejectus,
1084 3850 1258 3940 post
1315 3866 1455 3941 ope
1515 3842 2009 3918 Maximiliani
2049 3844 2143 3921 ab
2184 3841 2321 3917 Pio
2359 3843 2492 3918 IV.

234 3970 642 4060 restitutus,
685 3968 1023 4043 venalem
1084 3971 1181 4044 ad
1238 3970 1481 4045 omnia
1519 3970 1779 4044 habuit
1818 3993 2158 4068 operam:
2232 3970 2308 4042 in
2348 3967 2494 4043 ele·

235 4096 472 4171 ctione
511 4093 999 4169 Maximiliani
1038 4095 1113 4169 in
1164 4119 1420 4190 regem
1459 4096 1957 4169 Romanorum
1996 4117 2342 4191 magnum
2383 4117 2497 4168 su-

233 4246 349 4297 um
484 4221 802 4296 studium
916 4222 1199 4317 attulit3
1295 4223 1697 4296 electorum
1827 4220 2498 4295 ecclesiasticorum

248 4372 429 4446 erga
448 4348 1031 4424 Maximilianum
1069 4349 1649 4445 religionemque
1688 4349 1848 4443 ejus
1889 4341 2111 4445 (quae
2150 4354 2500 4444 suspecta

243 4483 402 4550 erat
440 4470 796 4573 pontifici)
873 4498 1132 4550 rursus
1187 4473 1556 4573 pontificis
1612 4474 1763 4548 illis
1819 4473 2496 4569 commendaverat3

234 4601 334 4677 ita
374 4602 713 4677 omnibus
753 4603 1086 4702 utrisque
1125 4603 1385 4678 iisdem
1422 4602 1711 4698 ignaris
1745 4602 2104 4678 illuserat.
2161 4601 2496 4678 Eundem
