3293 5219
2371 299 2525 374 535

273 514 418 588 rit?
436 537 701 609 magno
727 514 1016 611 quidem
1042 514 1265 588 totius
1280 512 1745 589 Christianae
1767 515 2245 613 Reipublicae
2262 518 2526 591 incom-

270 641 483 715 modo
506 643 777 715 factum
801 641 1150 731 videmus,
1163 641 1267 716 uti
1289 647 1397 715 tot
1414 641 1833 737 opinionum
1857 644 2182 718 varietas
2207 667 2340 740 per
2362 667 2520 718 eam

268 768 683 863 Religionis
737 776 1020 842 mentes
1081 767 1446 842 hominum
1517 767 1766 842 subire
1838 768 2173 865 potuerit.
2260 765 2517 845 Grave

271 895 461 970 enim
501 902 616 968 est
652 894 987 968 amittere
1025 895 1380 981 fortunas,
1425 899 1787 987 parentes,
1829 895 2010 993 pelli
2083 895 2157 970 in
2195 895 2517 987 exilium,

274 1048 321 1097 a
362 1020 838 1116 coniugibus,
898 1045 945 1094 a
981 1021 1237 1096 liberis
1276 1020 1527 1094 divelli
1559 1079 1571 1103 ,
1615 1021 1689 1094 iu
1729 1023 2155 1097 servitutem
2195 1022 2461 1097 abduci
2500 1049 2517 1094 :

274 1147 410 1222 sed
447 1145 757 1220 omnium
807 1147 1327 1242 gravissimum
1381 1156 1496 1221 est
1552 1147 1641 1222 de
1699 1150 1938 1222 salute
1995 1147 2068 1220 in
2129 1147 2520 1222 discrimen

274 1273 546 1363 venire,
568 1273 891 1348 aeternis
914 1273 1300 1372 suppliciis
1342 1273 1697 1363 damnari,
1724 1281 1943 1370 atque
1982 1298 2029 1348 a
2066 1273 2518 1371 sempiterna

271 1400 425 1487 illa,
465 1408 541 1475 et
575 1400 970 1475 immortali
1011 1400 1184 1493 vita,
1227 1424 1371 1498 qua
1409 1401 1601 1475 beati
1624 1401 1698 1474 in
1741 1399 1954 1475 coelo
1993 1401 2358 1490 fruuntur,
2397 1398 2520 1496 qni

269 1528 437 1601 finis
479 1526 694 1600 nobis
732 1527 1152 1623 propositus
1173 1536 1287 1602 est
1324 1527 1662 1624 optimus,
1700 1538 1771 1602 et
1807 1527 2309 1616 beatissimus,
2350 1548 2516 1620 pro-

273 1652 528 1728 hiberi.
568 1655 688 1727 Ita
724 1651 903 1727 Pius
958 1659 1031 1727 et
1067 1651 1498 1750 Religiosus
1572 1655 1987 1751 Imperator
2061 1651 2140 1726 in
2180 1652 2518 1728 omnibus

270 1778 584 1879 publicis
621 1779 1080 1876 privatisque
1120 1778 1533 1876 colloquiis,
1582 1803 1744 1854 cum
1783 1782 2045 1855 crebro
2091 1778 2518 1876 Principum

273 1910 678 1980 conventus
747 1904 1034 1978 dissidii
1107 1904 1416 1982 tollendi
1492 1929 1719 1981 causa
1790 1905 2041 1980 indicti
2116 1914 2404 1997 essent,
2445 1904 2522 1979 id

266 2055 488 2107 unum
524 2030 818 2125 agebat,
858 2031 933 2105 id
973 2033 1376 2126 cogitabat,
1416 2032 1491 2106 in
1527 2032 1602 2106 id
1642 2031 1845 2106 vires
1887 2053 2142 2106 omnes
2219 2054 2521 2106 nervos·

269 2181 410 2256 que
446 2157 894 2249 intendebat,
914 2167 994 2233 ut
1030 2182 1125 2233 ex
1164 2159 1342 2234 orbe
1377 2156 1802 2234 Christiano
1841 2160 2209 2245 universo,
2256 2166 2515 2233 coacto

267 2286 573 2359 Patrum
603 2283 933 2373 concilio,
975 2292 1302 2380 optatam
1364 2307 1621 2381 pacem
1696 2293 1915 2381 atque
1955 2286 2179 2360 otium
2222 2285 2515 2359 tandem

273 2408 491 2482 nobis
552 2407 1003 2498 restitueret,
1044 2430 1191 2504 qua
1229 2428 1321 2482 ex
1360 2432 1441 2481 re
1497 2430 1642 2482 una
1714 2410 1870 2482 fore
1910 2409 2394 2504 intelligebat,
2438 2420 2518 2485 ut

266 2533 625 2611 communi
663 2533 973 2608 consilio
1012 2532 1468 2632 principibus
1508 2553 1597 2608 ac
1635 2533 1893 2609 liberis
1968 2534 2404 2611 civitatibus
2442 2536 2516 2611 in

263 2663 339 2741 id
378 2661 1010 2760 conspirantibus,
1048 2663 1401 2752 salutare,
1460 2660 1735 2737 bellum
1797 2661 2161 2738 adversus
2204 2685 2517 2739 commu·

264 2813 397 2867 nes
450 2788 705 2865 hostes
777 2793 1226 2886 susceptum,
1299 2790 1633 2887 inprimis
1693 2813 1786 2864 ex
1822 2812 1961 2866 usu
2000 2816 2091 2867 ac
2150 2790 2511 2886 dignitate

265 2915 747 3016 Reipublicae
787 2925 1191 3014 gereretur.

478 3045 634 3118 Iam
674 3043 747 3117 in
788 3042 1036 3138 legum
1074 3041 1570 3130 observantia,
1613 3042 2016 3117 severitate
2061 3040 2514 3131 iudiciorum,

264 3191 540 3245 morum
580 3167 974 3265 disciplina
1011 3167 1282 3244 tuenda
1320 3168 1425 3242 ita
1465 3189 1549 3241 se
1587 3189 1831 3242 acrem
1873 3167 2233 3243 vindicem
2275 3177 2514 3243 osten·

268 3296 394 3387 dit,
433 3303 512 3370 ut
547 3317 913 3391 nunquam
956 3294 1120 3370 odio
1160 3294 1234 3367 in
1295 3314 1746 3389 quenquam,
1788 3293 2164 3382 simultati,
2234 3293 2512 3392 cupidi·

264 3421 399 3497 tati
436 3421 863 3512 ulciscendi,
900 3443 1088 3519 quae
1128 3442 1274 3495 una
1310 3443 1432 3494 res
1481 3419 1817 3517 inprimis
1849 3420 1924 3491 in
1966 3420 2206 3516 magis
2246 3422 2510 3497 animis

263 3549 694 3640 dominatur,
731 3548 1142 3636 indulserit,
1184 3553 1626 3644 potestatem
1668 3544 1997 3643 Imperii,
2025 3554 2244 3644 atque
2285 3549 2510 3622 anim-

269 3675 702 3750 advertendi
778 3674 1249 3749 severitatem
1297 3672 1688 3748 clementia
1772 3672 2087 3769 quadam
2145 3674 2507 3772 singulari

264 3824 354 3877 ac
393 3823 621 3900 prope
662 3800 954 3892 divina,
1029 3801 1476 3896 lenitateque
1552 3799 2003 3896 temperarit.
2082 3798 2265 3878 Sunt
2319 3803 2507 3877 enim

264 3929 405 4002 hae
448 3928 727 4025 primae
764 3925 1097 4013 virtutes,
1137 3935 1210 4002 et
1248 3926 1692 4024 praecipuae
1713 3924 1788 3999 111
1829 3926 2132 4001 summis
2170 3927 2507 4025 Regibus

268 4052 762 4153 spectandae,
822 4063 895 4129 et
934 4054 1059 4150 qui
1098 4075 1367 4146 magna
1440 4053 1761 4148 Imperia
1818 4052 2371 4145 administrant,
2429 4064 2508 4130 ut

261 4181 335 4254 in
374 4178 746 4254 hominum
786 4181 1180 4255 malefacta
1235 4179 1611 4265 saeviant,
1673 4176 1981 4252 liberum
2039 4180 2353 4255 animum
2410 4184 2505 4256 ab

258 4304 662 4394 iracundia,
701 4306 890 4394 odio,
945 4306 1345 4404 cupiditate
1382 4307 1457 4380 in
1497 4326 1627 4379 eos
1706 4305 1911 4403 ipsos
1953 4308 2353 4396 retineant,
2429 4309 2506 4382 in

266 4455 452 4531 quos
493 4432 811 4531 exempli
851 4432 1337 4507 constituendi
1413 4454 1638 4505 causa
1713 4432 2320 4508 animadvertunt.
2387 4436 2502 4508 lta

267 4558 783 4633 Ferdinandus
843 4559 987 4635 sibi
1048 4581 1218 4634 esse
1293 4558 1616 4632 iustitiae
1691 4565 1943 4658 partes
2017 4559 2503 4657 praestandas
