3293 5219
2363 330 2525 404 471

277 554 686 636 monuerat,
728 554 802 620 et
840 547 1096 643 copias
1158 569 1335 620 suas
1376 547 1469 620 ad
1509 569 1781 644 pagum
1825 546 2010 637 Tuis
2049 547 2124 620 in
2163 547 2398 644 primo
2439 546 2534 618 ab

282 670 485 747 Alba
523 672 906 762 milliariO,
972 680 1052 746 ut
1106 689 1228 747 res
1285 673 1626 770 publicas
1666 697 1759 747 ex
1792 672 2208 769 propinquo
2248 671 2533 769 aspice,-

270 805 917 896 ret,promoverat.
963 798 1201 891 Igitur
1220 797 1517 893 Beques
1555 805 1776 872 noctu
1815 796 1910 871 ad
1951 818 2032 871 se
2074 798 2362 872 vocatis
2407 799 2530 873 du-

270 923 482 998 cibus
521 923 573 999 J
579 920 868 997 ohanne
909 919 1103 997 Sasa
1159 931 1233 997 et
1281 924 1646 998 Micha‘cle
1704 922 1985 1012 Vadas,
2026 921 2302 1020 incepit
2355 923 2530 999 illos

263 1050 690 1147 ingentibus
746 1047 1103 1147 pollicitis
1140 1058 1419 1148 petere,
1480 1057 1706 1147 atque
1758 1071 1994 1124 orare.
2051 1048 2172 1122 Illi
2213 1050 2525 1146 primum

269 1175 539 1251 offerre
595 1174 886 1271 quidem
967 1196 1102 1249 sua
1158 1174 1425 1267 officia,
1487 1200 1632 1252 non
1689 1183 1938 1249 tamen
1994 1174 2068 1249 in
2127 1176 2524 1272 perniciem

275 1301 403 1377 vel
438 1300 807 1398 privatam
851 1300 1189 1397 alicujus,
1268 1302 1390 1374 vel
1430 1301 1823 1399 publicam.
1862 1300 2002 1375 Ille
2039 1321 2217 1375 vero
2257 1300 2522 1378 iterum

261 1436 549 1525 petens,
590 1433 664 1499 et
702 1424 1124 1517 ostendens,
1165 1434 1511 1523 quantum
1551 1425 1891 1524 praemii,
1933 1423 2108 1522 quid
2144 1428 2527 1520 pecuniae,

264 1552 441 1651 quid
497 1551 841 1626 villarum
877 1560 1190 1649 possent
1224 1552 1521 1643 lucrari,
1581 1574 1837 1643 orare3
1893 1550 2017 1648 qui
2056 1574 2148 1624 ex
2189 1572 2530 1628 sermone

264 1683 811 1776 cognoscentes
871 1679 1186 1752 animum
1241 1678 1443 1753 illius
1519 1678 1615 1751 ad
1692 1678 1961 1752 caedes
2022 1698 2377 1774 vergere:
2417 1701 2528 1753 re-

262 1803 633 1902 spondent
689 1827 837 1878 non
894 1827 977 1878 se
1036 1803 1332 1901 privato
1408 1804 1747 1901 cuiquam
1805 1802 2271 1897 addicturos3
2330 1812 2529 1879 cete-

265 1950 428 2003 rum
467 1949 603 2026 pro
663 1927 1022 2008 beneficio
1072 1928 1392 2025 publico,
1434 1929 1499 2002 si
1548 1928 1625 2002 id
1654 1934 1854 2023 agat,
1893 1949 2038 2000 non
2093 1928 2258 2002 fore
2297 1950 2382 2002 se
2418 1929 2529 2003 illi
2647 2020 2660 2030 ·

264 2054 575 2129 alienos.
644 2051 801 2127 Eos
858 2059 1012 2128 tum
1088 2053 1193 2126 ita
1268 2053 1501 2128 iratus
1561 2061 1633 2128 et
1688 2054 1847 2128 fere
1926 2052 2003 2125 in
2040 2052 2325 2127 rabiem
2361 2075 2525 2129 ver·

261 2201 394 2255 sus
435 2178 729 2254 dimisit.
788 2177 1113 2254 Postera
1164 2178 1281 2254 die
1320 2188 1539 2255 noctu
1594 2180 1698 2254 ite
1713 2201 1871 2253 rum
1930 2179 2026 2251 ad
2066 2200 2147 2253 se
2188 2180 2528 2272 accersit,

268 2305 551 2380 habere
592 2327 675 2378 se
715 2291 879 2378 cum
920 2304 1072 2379 illis
1115 2305 1310 2402 quod
1370 2313 1552 2402 agat
1588 2304 1679 2378 de
1718 2328 1801 2378 re
1841 2304 2220 2378 communi.
2262 2302 2365 2378 At
2418 2304 2529 2379 illi

273 2455 409 2529 per
468 2431 713 2505 oculta
771 2429 1044 2505 indicia
1103 2433 1509 2507 olfecerant
1570 2429 1880 2505 insidias
1937 2429 2210 2526 parari,
2262 2429 2529 2527 quibus

267 2579 420 2642 eos,
461 2556 528 2632 si
581 2555 987 2647 venissent,
1028 2557 1282 2631 statim
1321 2556 1795 2647 trucidasset,
1853 2561 1931 2628 et
1986 2553 2173 2663 ipsis
2214 2554 2528 2633 sublatis

217 2673 225 2681 ’
258 2684 627 2780 reliquam
667 2680 1205 2759 multitudinem
1242 2684 1321 2758 in
1358 2692 1616 2782 partes
1640 2682 1986 2757 diducere
2026 2682 2272 2757 vellet.
2317 2682 2527 2780 Erg'o

276 2811 388 2885 ire
427 2816 885 2885 recusarunt.
913 2805 1063 2883 Sed
1112 2809 1240 2884 ubi
1299 2809 1458 2884 dies
1496 2810 1763 2898 illuxit,
1819 2808 2245 2904 frequentes
2287 2808 2364 2883 in
2397 2834 2529 2907 pa·
2567 2868 2574 2873 .

252 2937 532 3012 latium
570 2957 867 3027 venere,
912 2943 988 3010 et
1041 2936 1466 3011 universum
1524 2935 1881 3011 militibus
1918 2933 2245 3031 implent,
2287 2934 2528 3036 dispo·

247 3063 416 3138 sitis
462 3061 823 3138 custodiis
883 3069 959 3136 et
1031 3062 1432 3161 praesidiis
1494 3061 1833 3135 omnibus
1898 3060 1974 3133 in
1997 3059 2222 3135 locis.
2297 3060 2527 3136 Nobi-

252 3190 435 3266 lium
522 3196 596 3263 et
666 3189 972 3263 aliorum
1053 3189 1386 3265 ordinum
1441 3190 1708 3284 ingens
1764 3184 2148 3260 multitudo
2205 3187 2281 3259 in
2341 3188 2529 3262 aede*

264 3338 487 3391 sacra
548 3313 701 3389 arci
764 3314 1006 3389 vicina
1063 3316 1643 3398 conveniebant3
1702 3333 2061 3411 proceres
2136 3318 2379 3385 autem
2453 3313 2527 3385 in

253 3467 453 3519 arce.
494 3442 547 3520 J
550 3465 668 3517 am
707 3465 887 3538 ergo
907 3443 1299 3539 primatum
1341 3443 1653 3540 quisque
1687 3440 1764 3513 in
1837 3437 2212 3536 palatium
2250 3438 2359 3512 uti
2400 3460 2522 3511 ve-

248 3567 575 3659 niebant,
606 3591 742 3666 pro
783 3568 1042 3643 merito
1066 3567 1345 3642 honore
1387 3566 1831 3643 salutabant.
1872 3563 2306 3661 Bequesius
2345 3586 2522 3639 vero

248 3702 323 3767 et
354 3693 540 3768 socii
596 3702 676 3768 ut
714 3678 1113 3784 intrabant,
1180 3694 1524 3768 frendere
1583 3699 1659 3766 et
1695 3691 1824 3764 vix
1867 3689 2013 3764 sibi
2062 3683 2522 3787 temperare}

240 3820 965 3915 circumspectabant
1004 3818 1217 3894 unius
1242 3818 1557 3913 alicujus
1611 3815 1836 3893 modo
1881 3814 2166 3889 dictum
2208 3822 2336 3889 aut
2373 3816 2526 3889 fac-

249 3954 423 4021 tum.
469 3941 752 4020 Omnes
790 3951 1038 4018 tamen
1078 3944 1352 4041 partim
1368 3944 1725 4037 ignorare
1751 3940 1926 4037 quid
1968 3938 2113 4014 sibi
2151 3938 2383 4014 vellet
2417 3947 2530 4014 tu-

251 4072 523 4147 multus
581 4068 932 4161 militum3
973 4089 1159 4142 unus
1199 4067 1619 4164 Bequesius
1646 4170 1650 4171 f
1677 4063 2139 4141 conscientia
2213 4062 2523 4139 sceleris

250 4203 717 4291 suspectare,
759 4203 835 4269 et
874 4195 964 4269 de
1003 4215 1087 4269 se
1124 4186 1598 4269 vehementer
1638 4193 1918 4267 timere.
1964 4190 2164 4266 Tum'
2196 4187 2325 4265 ille
2365 4213 2526 4266 cum

253 4323 526 4399 ceteris
579 4321 1163 4397 testamentariis
1200 4319 1459 4395 habito
1523 4307 1940 4423 colloquiO,'
1964 4317 2181 4392 simul
2244 4317 2341 4390 ad
2377 4316 2528 4392 Ba-

243 4450 584 4525 thoreum
642 4446 1022 4538 accedunt,
1043 4454 1320 4544 petere,
1381 4446 1684 4520 sedaret
1739 4443 2046 4517 militum
2108 4442 2520 4525 tumultum,

242 4582 320 4650 et
354 4597 577 4652 unum
631 4581 917 4648 tantum
935 4572 1460 4671 praemitteret,
1501 4570 1930 4645 testamenti
1971 4569 2506 4667 executionem,
