3293 5219
802 292 902 371 16

798 535 938 607 gns
977 511 1146 587 dolo
1168 507 1659 608 grassandum
1678 516 1886 584 ratus
1910 503 2342 583 Gabrielem
2361 506 2708 606 Fighedy
2725 506 3022 607 promis·

801 638 907 715 sis
947 646 1165 735 atque
1196 635 1696 734 jurejurandO,
1752 634 1820 721 ‚si
1859 633 2083 709 nullis
2121 632 2659 708 conditionibus
2698 632 3027 708 conveni-

799 773 983 858 rent,
1023 764 1361 840 illaesum
1404 763 1892 853 dimissurum,
1938 759 2034 835 ad
2056 760 2494 858 colloquium
2531 759 2856 858 pellexit.
2896 760 3032 835 Ille

799 890 1159 967 adversus
1180 898 1446 966 metum
1504 888 1981 988 periculaque
2003 910 2096 963 ex
2132 887 2497 986 promisso
2517 886 2800 981 fortior,
2839 888 3031 961 frau-

799 1018 960 1095 dem
1002 1024 1126 1092 aut
1180 1039 1324 1091 non
1360 1015 1836 1115 praeviderat
1889 1022 2017 1089 aut
2065 1014 2321 1089 eadem
2375 1013 2483 1088 uti
2536 1014 3031 1110 cogitaverat:

798 1147 1053 1220 hostes
1094 1143 1285 1219 enim
1323 1145 1461 1219 sub
1519 1143 1885 1239 colloquio
1924 1142 2097 1218 totis
2147 1141 2381 1240 copiis
2419 1139 2516 1214 ad
2553 1140 3034 1240 oppugnatio-

798 1297 963 1348 nem
1001 1272 1420 1364 succedunt,
1478 1279 1551 1345 et
1585 1269 1860 1345 nostris
1900 1269 1996 1343 ad
2032 1268 2602 1344 internecionem
2647 1268 3035 1366 pugnanti-

801 1400 940 1473 bus
993 1421 1138 1473 non
1176 1398 1335 1473 sine
1391 1405 1649 1494 strage
1695 1418 1990 1471 suorum
2048 1419 2222 1470 arce
2256 1395 2651 1493 potiuntur.
2706 1394 2908 1470 Hinc
2944 1395 3037 1470 ad

798 1524 1288 1601 Bechkereke
1324 1524 1522 1599 itum.
1561 1526 1650 1600 In
1668 1527 1836 1599 lacu
1866 1523 2196 1619 ejusdem
2214 1521 2527 1597 nominis
2547 1521 2810 1614 insula,
2853 1531 2930 1597 et
2965 1522 3037 1595 in

801 1676 891 1727 ea
928 1677 1064 1726 arx
1104 1650 1268 1744 sita,
1310 1673 1499 1748 quae
1519 1658 1822 1750 postera
1861 1650 1976 1724 die
2007 1673 2143 1747 per
2181 1648 2613 1724 seditionem
2648 1648 3038 1722 militarem

804 1786 1023 1876 capta
1061 1785 1196 1852 est.
1254 1777 1451 1852 Dein
1488 1774 2001 1851 Chanadinum
2039 1783 2253 1874 rapto
2294 1775 2643 1867 exercitu,
2689 1775 2884 1850 ultro
2924 1773 3041 1848 de-

800 1904 992 1978 ditur
1014 1929 1031 2000 ;
1069 1927 1204 1978 nec
1222 1912 1486 2003 postea
1505 1905 1699 1979 aliae
1720 1925 1933 1978 arces
1955 1903 2115 1977 sive
2136 1902 2451 1978 castella
2486 1901 2634 1975 vim
2653 1907 3037 1999 exspecta-

806 2051 1001 2103 vere.
1065 2030 1388 2105 Deserta
1414 2028 1699 2127 passim
1720 2026 2038 2122 Galaad,
2077 2027 2375 2121 Aracia,
2412 2026 2797 2118 BesenieO,
2840 2026 3044 2122 Nag-

802 2156 943 2247 lac,
982 2155 1292 2249 Fel-lac,
1322 2156 1591 2251 Egres,
1631 2152 1978 2241 chiama,
2010 2153 2418 2245 Palelesse,
2477 2153 2866 2245 Bodorlac,
2903 2154 3044 2227 Za-

803 2282 1125 2376 dorlaca,
1175 2282 1516 2382 Eperies,
1575 2281 2044 2378 Horogszeg,
2084 2278 2325 2375 Chak,
2382 2279 2818 2372 KissomliO,
2857 2280 3043 2354 Illa-

809 2408 950 2500 dia,
990 2431 1150 2482 cum
1185 2406 1560 2500 Rasciani,
1616 2407 1843 2483 infida
1879 2430 2088 2505 gens,
2138 2407 2353 2505 primi
2390 2407 2484 2482 ad
2519 2406 2804 2481 hostem
2846 2404 3044 2478 defe-

803 2534 1099 2608 cissent.
1135 2534 1411 2612 Iisdem
1450 2534 1712 2611 diebus
1732 2533 2076 2622 Andreas
2115 2534 2450 2633 Bathory
2487 2541 2560 2608 ct
2590 2531 3045 2607 Franciscus

799 2661 1134 2758 Patochy
1172 2662 1248 2737 in
1284 2663 1581 2739 civitate
1621 2662 1865 2763 Lippa
1902 2663 2179 2739 auxilia
2234 2662 2700 2737 comitatuum
2734 2682 3044 2757 congre-

802 2796 1198 2885 gaverant:
1238 2798 1664 2866 accesserat
1701 2786 2016 2865 Carolus
2056 2786 2834 2865 SirotiniusVaradino
2873 2788 3045 2861 alae

806 2914 1277 3012 Ungarorum
1298 2919 1743 3017 praefectus,
1783 2942 1829 2992 a
1850 2917 2116 3014 quibus
2155 2917 2424 2992 missus
2445 2917 2776 2992 Thomas
2814 2913 3042 3010 Egie·

804 3043 878 3117 di
898 3100 914 3129 ,
990 3069 1151 3121 cum
1205 3046 1574 3143 equitibus
1629 3052 1954 3139 centum,
2032 3045 2129 3119 ad
2183 3043 2731 3143 explorandum,
2791 3042 2909 3116 die
2975 3049 3049 3115 et

804 3182 1016 3247 nocte
1072 3195 1204 3270 per
1241 3175 1571 3249 laborem
1629 3182 1703 3248 et
1739 3171 2197 3267 vigilantiam
2234 3172 2676 3262 exhaustus,
2749 3169 2825 3242 in
2861 3167 3048 3242 villa

807 3298 1124 3395 quadam
1161 3300 1526 3391 consedit,
1601 3299 1706 3373 ibi
1743 3320 1873 3376 eos
1911 3298 2231 3372 incurios
2344 3304 2419 3371 et
2454 3297 2615 3371 sine
2687 3292 3046 3369 custodiis

809 3433 1118 3522 agentes
1156 3425 1478 3502 Uluman
1532 3428 1792 3523 begus,
1848 3448 2010 3500 cum
2049 3423 2469 3521 quingentis
2508 3421 2879 3519 equitibus
2917 3443 3046 3516 op-

804 3553 1101 3651 pressit,
1140 3563 1421 3652 septem
1442 3578 1534 3629 ex
1574 3553 1911 3629 omnibus
1934 3575 2095 3628 cum
2135 3552 2423 3626 Thoma
2460 3570 2806 3642 evasere3
2846 3546 3048 3645 quod

804 3679 1205 3778 periculum
1260 3689 1529 3756 metum
1562 3680 1881 3756 *auxiliis
1955 3678 2426 3754 comitatuum
2479 3674 2769 3772 injecit,
2846 3673 3049 3771 quod

805 3808 1335 3904 beglerbegum
1395 3806 1851 3883 Varadinum
1904 3827 2168 3881 versus
2230 3801 2601 3904 proficisci
2655 3809 2729 3877 et
2763 3801 3048 3892 domos,

807 3932 1105 4027 liberos,
1142 3955 1561 4031 uxoresque
1582 3932 1834 4008 hostili
1872 3931 2225 4008 exercitui
2244 3928 2625 4029 expositos
2662 3929 3044 4002 timerent:

809 4068 882 4134 et
917 4084 1076 4134 cum
1112 4063 1319 4137 nulla
1355 4069 1515 4137 arte
1571 4060 1877 4136 retineri
1912 4059 2236 4159 possint,
2314 4056 2856 4156 disperguntur.
2914 4052 3045 4130 Se-

811 4193 1075 4279 quutus
1132 4196 1205 4262 et
1241 4187 1583 4264 Andreas
1641 4189 1979 4287 Bathory
2027 4185 2417 4282 ceterique,
2461 4181 2716 4260 relicto
2753 4182 2807 4258 J
2810 4204 3045 4256 oanne

809 4307 1087 4381 Petheo
1127 4334 1287 4385 cum
1305 4315 1586 4389 modico
1608 4314 2003 4413 praesidio.
2025 4309 2398 4410 Oppidani
2436 4307 3043 4405 seseinpericulo

810 4435 1148 4510 desertos
1186 4448 1579 4530 querentes
1615 4441 1836 4517 simul
1870 4438 2313 4538 paucitatem
2348 4433 2700 4533 praesidii
2741 4434 3039 4532 despec-

809 4569 1053 4636 tantes
1073 4559 1502 4637 seditionem
1524 4575 1936 4661 ceptavere,
1957 4563 2374 4639 minitantes
2392 4562 2446 4638 J
2452 4561 2718 4638 ohanni
2741 4558 3040 4652 Petheo,
