3293 5219
788 307 896 386 54

784 533 1018 604 nante
1060 516 1536 596 Ferdinando
1564 511 2008 589 obtinendas
2030 513 2195 582 erat
2222 506 2804 578 instrumentum.
2864 501 3056 576 Tor-

783 660 1037 730 menta
1075 644 1400 724 currulia
1420 650 1737 741 quatuor
1759 647 1833 714 et
1852 636 2138 731 viginti,
2163 633 2661 728 sclopetorum
2691 630 2833 723 maj
2845 650 3054 701 orum

794 787 870 855 et
904 777 1262 851 minorum
1299 769 1448 844 tria
1484 766 1739 858 millia,
1795 761 2129 861 pulveris
2188 755 2588 855 sulphurei,
2622 754 2937 851 pilarum
2981 762 3057 827 et

787 905 1105 983 omnium
1143 897 1579 973 bellicorum
1617 895 2269 967 instrumentorum
2292 883 2389 958 ad
2409 884 2712 977 longum
2749 902 2964 954 usum
2984 872 3054 975 ²¹²)

788 1039 1218 1132 paratorum
1237 1027 1593 1099 immensa
1616 1019 1992 1117 quantitas
2014 1021 2177 1090 erat
2212 1015 2662 1107 comparata.
2701 1006 2753 1082 J
2759 1029 2878 1079 am
2917 1029 3056 1078 arx

786 1161 995 1259 ipsa,
1054 1155 1244 1229 inter
1300 1151 1753 1226 confluentes
1811 1146 2114 1219 duorum
2170 1138 2565 1226 fluminum,
2634 1131 2926 1207 Tibisci
2985 1140 3059 1206 et

791 1288 1128 1382 Zagyva,
1167 1288 1241 1354 et
1279 1302 1324 1351 a
1363 1273 1891 1374 septemtrione
1919 1270 2150 1358 fossa,
2172 1290 2261 1340 30
2296 1262 2511 1337 novis
2531 1257 3058 1333 munitionibus

796 1417 1060 1487 contra
1100 1428 1386 1482 omnem
1423 1405 1775 1500 impetum
1822 1393 2286 1472 validissima
2339 1389 2775 1464 habebatur.
2833 1383 3058 1459 Prior

795 1535 1202 1635 Alybassa
1241 1554 1402 1605 cum
1439 1527 1705 1624 viginti
1747 1523 2072 1598 millibus
2112 1540 2245 1616 per
2295 1523 2458 1589 octo
2482 1513 2641 1587 dies
2659 1510 3055 1587 tormentis

794 1655 1565 1749 adsultationibusque
1615 1651 1900 1726 frustra
1955 1642 2437 1744 oppugnavit.
2493 1638 2681 1714 Post
2715 1637 2845 1712 ubi
2884 1634 3060 1708 Am-

791 1786 1016 1860 hatus
1038 1779 1489 1880 supervenit,
1512 1785 1911 1873 castraque
1931 1774 2363 1847 immensum
2383 1764 2718 1866 patentia
2750 1763 3057 1837 circum-

794 1916 1091 2009 specta,
1132 1905 1357 1981 subiit
1413 1902 1767 2000 cogitatio
1809 1898 2248 1975 Temesvari
2287 1920 2376 1970 ac
2395 1892 2765 1969 Losoncii.
2805 1890 3058 1985 Auge·

791 2038 926 2111 bat
981 2040 1248 2107 metum
1317 2030 1625 2104 militum
1683 2027 1992 2125 ignavia
2046 2024 2254 2099 ducis
2310 2019 2699 2097 abdomine
2756 2018 3058 2114 gravisz

790 2161 986 2236 unde
1024 2159 1100 2231 111
1122 2157 1557 2231 seditionem
1595 2152 1801 2228 versi
1841 2149 2225 2237 Germani„
2279 2171 2581 2246 quorum
2620 2147 2859 2241 major
2897 2150 3064 2218 erat

794 2306 1165 2361 numerus.
1205 2290 1279 2357 et
1315 2281 1652 2381 plerique
1692 2278 2219 2373 Hungarorum
2242 2275 2499 2350 eadem
2537 2281 2774 2363 nocte,
2813 2269 3058 2368 pridie

802 2413 1063 2486 Nonas
1116 2407 1579 2508 Septembris
1618 2408 1806 2481 clam
1847 2405 2167 2479 abivere.
2242 2403 2360 2476 Ea
2397 2425 2479 2476 re
2519 2397 3065 2477 animadversa,

798 2537 1245 2615 Laurentius
1286 2558 1578 2633 quoque
1636 2541 1712 2609 et
1750 2533 2045 2629 collega
2083 2534 2244 2630 ejus
2284 2527 2601 2605 Gabriel
2643 2526 2902 2624 Pekry
2945 2548 3061 2600 ar-

800 2688 960 2739 cem
985 2663 1421 2754 deseruere3
1462 2662 1597 2736 sed
1638 2683 1784 2736 non
1804 2659 2107 2734 multum
2144 2656 2615 2757 progressis,
2653 2652 3062 2730 Laurentio

802 2789 1029 2864 subiit
1064 2785 1445 2862 meditatio
1507 2785 1955 2862 sacramen-ti
1985 2792 2206 2881 atque
2241 2782 2565 2877 honoris,
2587 2805 2678 2857 ac
2711 2801 3065 2855 reversus

800 2936 961 2989 cum
997 2913 1257 3011 paucis
1295 2913 1372 2986 111
1411 2935 1659 2986 arcem
1691 2909 2014 2986 intravit.
2047 2908 2152 2984 At
2169 2917 2474 3007 postera
2495 2907 2877 2982 exoriente
2896 2907 3064 2984 luce

800 3047 875 3114 et
903 3039 1120 3131 fumo,
1144 3059 1357 3134 quem
1379 3038 1739 3112 abeuntes
1780 3036 1874 3111 ad
1915 3034 2518 3131 conflagrandam
2558 3057 2805 3108 arcem
2844 3057 3061 3131 para-

797 3170 988 3257 rant,
1029 3164 1404 3262 cognitum
1443 3172 1560 3239 est
1596 3163 1966 3254 barbaris,
2025 3186 2270 3237 arcem
2309 3160 2686 3262 praesidio
2728 3182 3060 3242 vacuam3

800 3290 1198 3387 statimque
1237 3289 1333 3363 ad
1373 3288 1944 3387 oppugnandum
1982 3289 2414 3387 irrumpunt.
2457 3290 2651 3364 Tum
2670 3287 3062 3362 Laurenti-

796 3442 887 3494 us
923 3417 1125 3492 intra
1161 3423 1423 3514 portas
1458 3417 1865 3492 fortissime
1904 3416 2262 3491 dimicans
2281 3411 2416 3514 **),
2473 3438 2754 3513 suoque
2807 3421 2885 3490 et
2926 3414 3060 3488 ho

798 3544 1019 3619 stium
1058 3543 1424 3638 sanguine
1481 3550 1846 3626 cruentus,
1906 3543 2119 3617 vivus
2171 3564 2322 3617 11113
2378 3566 2541 3617 011111
2601 3540 2925 3617 Ζο111000
2985 3540 3060 3614 111

795 3675 1245 3768 potestatem
1282 3668 1605 3744 hostium
1636 3669 1857 3761 venit,
1899 3668 2240 3766 idemque
2279 3691 2425 3744 non
2463 3669 2689 3743 multo
2709 3676 2882 3766 post
2899 3691 3056 3743 eor-

797 3804 1019 3895 rupto
1060 3820 1105 3869 a
1142 3818 1225 3869 se
1265 3795 1570 3868 custode
1607 3795 2000 3892 promissis
2040 3795 2393 3893 profugit,
2416 3795 2529 3871 cni
2553 3795 2728 3869 data
2766 3793 2950 3869 villa
2971 3818 3061 3869 30

794 3921 1111 4019 pecunia
1140 3921 1357 3994 fidem
1396 3915 1907 4018 servavit.***)
1951 3918 2268 3997 Gabriel
2295 3945 2484 3998 'vero
2525 3922 2784 4022 Pekty
2842 3947 2925 3998 se
2964 3925 3062 3998 ad

798 4046 850 4122 J
854 4046 1219 4123 ohannem
1261 4045 1679 4124 Secundum
1714 4048 1791 4123 in
1812 4047 2460 4125 Transsilvaniam
2479 4049 2731 4125 statim
2753 4051 3057 4150 recepit.

975 4292 1037 4362 st)
1058 4295 1303 4353 Istvanfi
1323 4299 1602 4370 Jegyzete
1625 4320 1638 4354 :
1669 4301 1744 4355 ad
1770 4301 1827 4355 X
1853 4317 2054 4356 annos.

986 4381 1084 4451 Η)
1112 4384 1359 4442 Istvanfi
1378 4389 1655 4461 Jegyzete
1681 4412 1694 4445 ε
1721 4391 1852 4446 Non
1883 4393 2169 4464 pugnavit
2193 4393 2510 4465 quicquam.

972 4471 1114 4543 Μ)
1141 4474 1384 4532 Istvanfi
1401 4480 1676 4550 jegyzete
1699 4501 1714 4535 ε
1762 4479 1885 4537 Sed
1930 4482 2126 4549 filiam,
2173 4499 2347 4552 quam
2390 4484 2471 4540 illi
2516 4485 2575 4541 in
2636 4489 3058 4546 matrimonium

793 4562 1157 4633 promiserat,
1184 4563 1300 4631 ille,
1325 4572 1390 4622 ut
1414 4568 1484 4623 iis
1513 4571 1731 4645 nuptiis
1771 4573 1975 4645 impar,
2005 4574 2224 4631 habere
2250 4577 2563 4636 recusavit.
