3293 5219
2406 300 2562 378 195

301 515 684 615 peditatus
744 516 979 592 omnis
1054 515 1292 592 italici
1328 511 1664 606 nominis,
1721 515 1799 589 in
1854 514 2081 590 tertia
2120 539 2376 592 omnes
2425 517 2558 592 Hi-

300 643 528 740 spani
546 641 772 718 locati
809 651 996 717 sunt.
1057 639 1509 739 Compositis
1566 641 1890 731 aciebus,
1950 639 2119 715 loca
2149 650 2558 719 castrorum

303 767 627 864 singulis
684 768 1099 862 designata,
1140 773 1212 841 et
1269 765 1656 841 custodiae
1695 764 2125 862 dispositae.
2195 765 2558 846 Omnibus

303 917 406 968 ex
443 893 743 969 militari
822 900 984 969 arte
1022 892 1248 967 rebus
1287 890 1641 991 peractis,
1682 890 1778 964 ad
1805 898 2094 967 noctem
2134 891 2275 966 duo
2315 894 2559 970 Mauri

302 1019 560 1094 nuncii
614 1021 712 1094 ab
793 1018 1059 1094 Xeche
1083 1016 1162 1108 ³⁸)
1203 1016 1521 1092 affuere:
1563 1016 1996 1091 referebant
2070 1018 2405 1094 Xechem
2462 1022 2558 1096 ab

305 1145 472 1220 suis
513 1144 831 1220 subditis
888 1153 1299 1242 receptum,
1340 1143 1563 1238 idque
1623 1164 1706 1216 se
1746 1164 1993 1215 eorum
2035 1143 2396 1219 beneficio
2433 1146 2560 1220 tri-

283 1273 565 1360 sbuere,
605 1278 680 1345 et
717 1269 1047 1344 vicissim
1087 1268 1286 1343 velle
1326 1291 1580 1364 regem
1633 1266 2168 1365 Hispaniarum
2206 1293 2561 1365 agnosce·
2640 1263 2643 1268 ’

304 1421 435 1471 re:
509 1403 766 1493 petere
824 1395 1099 1469 idcirco
1141 1394 1594 1490 generalem,
1654 1401 1736 1468 ut
1776 1394 2180 1469 exercitum
2219 1394 2293 1470 in
2331 1420 2562 1473 naves

305 1523 744 1619 imponeret,
837 1529 911 1595 et
968 1520 1065 1596 ad
1104 1519 1494 1595 castellum
1553 1518 1989 1617 appelleret,
2043 1520 2170 1595 ubi
2225 1523 2563 1599 emenda-

301 1672 469 1724 rum
524 1670 773 1722 rerum
831 1647 1426 1723 necessariarum
1506 1646 1795 1744 copiam
1850 1648 2269 1744 praeberet,
2327 1673 2416 1724 ac
2470 1649 2561 1726 de

301 1773 768 1872 profectione
824 1774 901 1848 in
961 1772 1331 1872 Tripolim
1386 1772 1699 1865 tractari
1758 1795 2008 1846 coram
2062 1783 2361 1871 posset;
2418 1776 2565 1850 nisi

305 1901 506 1974 enim
581 1899 987 1975 exercitum
1025 1899 1356 1992 reducat,
1392 1900 1701 1974 Mauros
1723 1899 2071 1973 omnesin
2109 1901 2333 1974 armis
2373 1922 2563 1992 esse,

305 2024 438 2122 qui
476 2025 545 2100 si
582 2026 930 2123 impetum
969 2027 1206 2102 velint
1239 2027 1513 2118 facere,
1534 2047 1682 2100 non
1703 2048 1785 2100 se
1809 2047 1940 2100 eos
1953 2045 2182 2124 posse
2224 2036 2567 2102 coercere

306 2159 388 2225 et
443 2153 712 2243 vereri,
750 2176 844 2227 ne
903 2154 1244 2229 damnum
1301 2160 1427 2227 aut
1481 2152 1887 2249 periculum
1943 2151 2241 2227 faciant.
2320 2153 2567 2230 Jussit

307 2277 694 2373 generalis
780 2300 911 2354 eos
965 2276 1205 2353 lucem
1263 2282 1728 2374 exspectare,
1808 2285 1883 2351 et
1935 2300 2151 2351 mane
2204 2279 2408 2353 facto
2468 2302 2563 2353 ex

316 2401 616 2477 consilii
653 2403 1026 2479 sententia
1067 2404 1203 2479 tali
1222 2425 1584 2501 responso
1626 2403 1941 2476 dimisit:
1982 2403 2199 2493 Quod
2253 2406 2321 2479 si
2360 2405 2568 2480 venti

314 2528 831 2613 adversissimi
869 2553 1016 2605 non
1053 2530 1390 2622 fuissent,
1431 2529 1701 2604 iturum
1739 2550 1822 2602 se
1876 2528 2109 2603 fuisse
2160 2530 2566 2628 Tripolim;

313 2679 509 2732 nunc
567 2658 1103 2753 repellentibus
1181 2658 1424 2734 ventis
1482 2666 1707 2755 atque
1763 2659 2060 2735 fortuna
2094 2668 2439 2757 pacatum
2495 2666 2571 2734 et

312 2782 650 2872 amicum,
689 2791 773 2858 ut
829 2806 993 2859 eum
1031 2783 1377 2860 videlicet
1432 2785 1509 2857 in
1558 2785 1951 2880 pristinum
2008 2808 2317 2882 regnum
2353 2785 2567 2861 resti-

307 2914 579 3001 tueret,
616 2907 694 2980 in
747 2909 1069 2983 Zerbum
1108 2909 1426 3002 venisse,
1478 2908 1674 3005 quod
1728 2910 1970 3006 ipsum
2021 2910 2200 2986 'olim
2237 2909 2567 3009 Alphon-

313 3055 451 3108 sus
507 3031 601 3107 de
659 3029 901 3108 Cutna
954 3035 1381 3132 praefectus
1427 3030 1779 3110 Golettae
1800 3034 2306 3132 promisisset3
2364 3035 2567 3111 volu·

309 3160 473 3234 isse
570 3180 751 3255 ergo
810 3159 885 3233 id
941 3160 1017 3234 in
1071 3159 1215 3235 fine
1291 3159 1779 3258 expeditionis
1835 3168 2247 3257 praestare,
2321 3167 2569 3237 tamen

316 3280 787 3359 occasionem
826 3284 934 3359 ita
989 3284 1318 3359 oblatam
1354 3284 1745 3380 negligere
1803 3285 2152 3361 noluisse.
2194 3283 2434 3375 Quam
2466 3286 2567 3360 ob

313 3425 477 3477 rem
514 3404 583 3478 si
609 3406 766 3501 jam
846 3430 1156 3504 regnum
1193 3417 1737 3506 recuperasset,
1760 3417 1840 3483 ut
1860 3408 2150 3505 quidem
2171 3411 2568 3503 nunciavit,

314 3528 793 3606 reducturum
830 3554 915 3606 se
952 3533 1227 3609 milites
1283 3532 1359 3607 in
1396 3555 1655 3623 naves,
1713 3533 1781 3607 si
1817 3533 2026 3631 prius
2067 3556 2340 3630 aquam
2377 3558 2568 3610 com-

311 3663 726 3752 portarent,
768 3664 844 3732 et
881 3679 1149 3733 carnes
1173 3664 1538 3747 emerent3
1599 3665 1675 3732 et
1711 3656 1880 3732 dum
1899 3657 2088 3733 haec
2127 3659 2223 3733 ab
2247 3659 2404 3734 suis
2441 3683 2567 3736 ex-

313 3779 769 3877 pedirentur,
811 3783 1072 3858 Xeche
1095 3806 1256 3858 cum
1278 3782 1642 3860 insulanis
1665 3791 2203 3859 sacramentum
2241 3785 2316 3859 in
2353 3782 2572 3861 fidem

309 3906 520 4002 regis
541 3905 1075 4005 Hispaniarum
1093 3917 1583 4008 praestarent,
1608 3933 1691 3984 se
1733 3909 2154 4007 aquationis
2195 3933 2423 3987 causa
2461 3910 2559 3986 ad

320 4040 594 4128 puteos
623 4040 875 4110 castra
894 4041 1416 4132 promoturum,
1437 4043 1835 4131 postquam
1856 4035 2075 4110 etiam
2090 4036 2461 4112 exercitus
2499 4037 2578 4111 in

322 4163 534 4233 terra
554 4166 775 4234 esset.
800 4160 1012 4236 Haec
1042 4162 1108 4234 si
1129 4169 1332 4237 certo
1353 4159 1842 4251 constiterint,
1866 4184 1950 4235 se
1973 4182 2265 4258 quoque
2304 4162 2575 4238 milites

326 4283 820 4381 inpositurum
840 4287 916 4361 in
934 4311 1188 4363 naves.
1214 4285 1447 4362 Simul
1462 4286 1790 4362 dimissis
1808 4286 2097 4361 nunciis
2118 4286 2215 4360 ad
2229 4288 2577 4384 colligen-

319 4409 417 4484 da
489 4410 714 4486 etiam
784 4435 989 4503 vasa,
1066 4412 1280 4509 signo
1340 4411 1511 4489 dato
1572 4411 1975 4488 exercitum
2033 4421 2350 4488 monent.
2445 4412 2575 4488 Al-

323 4555 580 4611 varum
622 4545 868 4612 autem
925 4536 1307 4633 generalis
1365 4560 1527 4612 cum
1568 4537 2183 4614 extraordinariis
2222 4537 2577 4614 militibus

324 4705 500 4749 Uva-fl
539 4707 731 4757 'mute
750 4724 760 4733 ·
783 4714 929 4751 Tutia
950 4712 1044 4752 Sau.
2113 4662 2254 4736 13*
