3293 5219
2138 279 2526 352 LXXXVII

1306 612 1485 688 XII.

956 786 1208 853 VITA
1267 786 1826 855 AVCTORIS.

1099 948 1342 1014 amans
1375 951 1540 1003 Mnus
1572 951 1687 1018 261).

475 1099 663 1175 Post
721 1108 1098 1198 receptam
1156 1125 1202 1176 a
1262 1099 1736 1192 Ferdinando
1794 1099 2007 1194 Rege
2066 1102 2520 1200 Transylva-

280 1224 492 1317 niam,
553 1250 643 1301 ac
701 1226 1110 1301 Isabellam
1186 1227 1552 1323 Reginam
1610 1248 1770 1300 cum
1827 1225 1981 1300 filio
2039 1225 2113 1300 in
2175 1226 2522 1303 Silesiam

281 1352 719 1447 ablegatam,
769 1351 1261 1449 Fratremque
1322 1350 1732 1446 Georgium
1796 1352 2245 1451 Episcopum
2285 1351 2527 1428 Vara·-

281 1476 594 1552 diensem
634 1479 858 1575 paulo
898 1487 1073 1576 post
1111 1479 1595 1570 interfectum,
1640 1478 1762 1573 qui
1805 1478 1964 1552 eius
2004 1478 2165 1554 initi
2201 1479 2524 1556 foederis

280 1615 480 1679 autor
527 1605 973 1703 praecipuus
1030 1605 1184 1691 fnit,
1230 1603 1559 1680 Mathias
1598 1606 2066 1681 Zaberdinns
2103 1608 2179 1680 in
2217 1606 2525 1705 Episco-

279 1740 439 1829 patu
479 1733 928 1809 Varadiensi
969 1733 1039 1806 ei
1078 1734 1463 1826 successit,
1501 1734 1636 1825 vir,
1680 1741 1759 1807 ut
1794 1735 2216 1833 putabatur.
2259 1733 2522 1808 milita-

277 1858 389 1947 ris
430 1858 556 1955 qui
599 1857 979 1935 Varadino
1019 1859 1222 1934 velut
1260 1884 1301 1935 e
1340 1857 1650 1957 specula
1704 1867 1947 1934 motus
1988 1860 2524 1959 Transylvani·

277 2006 392 2057 cos
429 1984 750 2060 nondum
790 1986 975 2060 satis
1017 1995 1323 2082 pacatos
1367 1988 1827 2076 observaret,
1888 1995 1962 2060 et
2016 2010 2176 2060 eam
2235 1988 2526 2084 provin·

276 2110 450 2185 ciam
496 2111 726 2186 armis
763 2120 1147 2188 tutaretur.
1194 2111 1334 2203 Qui
1378 2135 1537 2187 cum
1578 2112 1813 2186 vitiati
1855 2114 2090 2188 cruris
2141 2113 2525 2189 doloribus

277 2236 584 2334 aliisque
623 2239 902 2313 morbis
942 2240 1289 2329 afflictus,
1331 2239 1451 2311 vix
1494 2238 1880 2313 triennium
1933 2239 2264 2328 vixisset,
2299 2240 2526 2315 Fran-

278 2361 510 2436 ciscns
549 2364 995 2459 Forgacius‚
1040 2365 1297 2440 eodem
1354 2374 1686 2461 temporo
1745 2388 1835 2439 ex
1888 2363 2254 2440 Patavino
2294 2364 2526 2465 Gym-

174 2508 177 2511 ’
272 2491 493 2577 nasio,
532 2491 657 2565 ubi
702 2490 1232 2590 Philosophiae
1272 2491 1540 2566 studiis
1579 2515 1883 2589 operam
1945 2491 2274 2583 dederat,
2316 2500 2392 2567 et
2429 2492 2520 2567 de

276 2637 376 2706 ea„
418 2605 809 2713 literisque
867 2640 1056 2715 quas
1117 2626 1388 2693 vocant
1443 2617 1999 2694 humanioribus
2040 2621 2369 2694 lauream
2409 2642 2522 2694 ac-

274 2753 588 2840 ceperat,
645 2768 1017 2836 reversus,
1076 2745 1630 2819 commendante
1690 2768 1851 2819 eum
1905 2745 2217 2821 Nicolao
2276 2743 2525 2822 Olaho

278 2867 856 2968 Archiepiscopo
914 2867 1430 2966 Str-igoniensi,
1473 2871 1593 2967 qui
1658 2893 1817 2945 eum
1858 2870 1932 2950 in
1978 2869 2268 2945 Italiam
2310 2870 2526 2946 mise-

276 3002 401 3084 rat,
444 2995 933 3094 Epicopatum
975 3020 1022 3070 a
1057 2994 1271 3092 Rege
1332 2996 1807 3071 Ferdinando
1847 2998 2181 3090 obtinuit,
2223 3020 2313 3071 ea
2357 3020 2526 3072 con-

276 3119 563 3213 ditione,
603 3131 683 3197 nt
719 3123 882 3220 ipse
939 3123 1226 3198 iuvenis
1286 3120 1523 3198 Sacra
1579 3131 1958 3211 tractaret,
1998 3149 2086 3200 ac
2127 3122 2525 3200 Secretarii

274 3269 562 3323 munere
590 3248 1053 3344 fungeretur;
1082 3247 1333 3323 Simon
1356 3257 1597 3324 autem
1621 3247 2058 3346 ForgaciuS,
2082 3252 2318 3326 frater
2341 3252 2523 3343 eius,

276 3372 382 3446 vir
432 3373 779 3448 militaris
835 3383 912 3448 et
966 3382 1335 3466 strenam,
1393 3384 1568 3448 tunc
1607 3399 1649 3450 e
1689 3375 2126 3473 captivitate
2183 3375 2522 3469 Turcica,

274 3498 342 3572 in
382 3524 598 3596 quam
641 3507 860 3598 capto
883 3500 1391 3587 Temesvari0‚
1432 3501 1965 3598 interfectoque
2003 3502 2102 3575 ibi
2145 3500 2523 3599 Stephano

278 3623 680 3699 Lossoncio
721 3623 1120 3711 inciderat,
1179 3627 1626 3724 redemptus⁷
1686 3627 2063 3722 regionem
2104 3648 2262 3700 cum
2313 3651 2525 3726 prae-

276 3748 499 3842 sidio,
557 3751 754 3848 quod
810 3752 1000 3826 satis
1040 3752 1366 3827 validum
1424 3753 1960 3851 imponebatur,
2013 3753 2394 3848 vigilando
2454 3765 2529 3830 et

276 3879 557 3972 agendo
616 3878 1066 3954 defenderet.
1113 3878 1319 3953 Vixit
1377 3878 1638 3953 deinde
1697 3879 2116 3978 complures
2173 3903 2409 3955 annos
2447 3881 2524 3954 in

275 4004 479 4092 Aula,
523 4011 965 4100 secutusque
1007 4013 1121 4079 est
1163 4005 1706 4079 Ferdinandum
1753 4004 2035 4101 Regem
2076 4008 2171 4081 ad
2213 4005 2522 4081 Germa—

275 4131 434 4204 niae
476 4126 818 4219 Comitia‚
861 4154 1097 4226 eaque
1154 4131 1543 4207 occasione
1600 4131 1946 4226 regiones
2004 4132 2224 4206 etiam
2266 4131 2519 4229 Belgi·

272 4277 391 4329 cas
448 4278 682 4352 usque
741 4256 835 4330 ad
895 4254 1272 4331 Oceanum
1340 4257 1843 4354 perlustravit.
1923 4259 2215 4333 Mortuo
2276 4267 2522 4332 autem

277 4377 767 4471 Ferdinand0‚
811 4390 886 4455 et
926 4382 1244 4477 sceptris
1283 4390 1428 4455 tam
1474 4383 1788 4479 Imperii.
1837 4406 2052 4477 quam
2095 4381 2337 4480 Regni
2367 4383 2519 4458 Vn·

270 4505 498 4599 garici
542 4504 1047 4580 Maximiliano
1087 4505 1242 4579 filio
1282 4506 1595 4595 traditis,
1620 4507 2149 4605 Episcopatum
2183 4508 2236 4584 J
2241 4509 2525 4583 aurien-
