3293 5219
2362 350 2514 431 101

277 573 478 656 reret,
538 558 755 641 hosti'
778 565 1204 652 adderetur,
1263 568 1543 641 nostris
1584 589 1768 641 vero
1808 566 2119 660 animus,
2157 566 2517 666 siquidem

269 691 666 790 praecipue
725 693 795 765 in
837 691 1256 766 istiusmodi
1295 692 1519 765 rebus
1559 713 1768 766 mora
1809 700 2013 768 esset
2045 693 2515 791 periculosis-

285 817 479 908 sima,
558 818 1092 893 detraheretur.
1188 814 1337 892 Sed
1412 817 1783 892 sententia
1821 817 2093 892 Pereni
2131 825 2207 893 et
2240 818 2519 898 Bebeci

278 942 655 1040 pervaluit.
732 944 846 1019 Re
904 943 999 1017 ad
1055 944 1454 1018 crastinum
1496 943 1752 1035 dilata,
1788 967 2026 1043 prope
2065 944 2394 1020 Filecum
2435 946 2510 1020 in

273 1068 445 1143 colle
500 1070 819 1166 quodam
896 1076 1147 1145 castra
1204 1078 1375 1144 sunt
1431 1070 1702 1167 posita.
1776 1070 2063 1145 Eadem
2117 1077 2336 1145 nocte
2393 1079 2510 1146 est

274 1195 573 1270 relatum
631 1218 765 1293 per
840 1196 1396 1293 exploratores,
1469 1194 1767 1290 Toigon
1824 1196 2128 1270 bassam
2184 1216 2348 1269 cum
2404 1195 2511 1269 in-

278 1320 611 1418 gentibus
652 1320 885 1420 copiis
923 1321 1329 1395 adventare
1403 1321 1953 1396 Fileciensibus
1991 1321 2067 1396 in
2122 1316 2498 1410 auxilium,

276 1448 569 1544 ejusque
609 1467 1139 1544 praecursores
1178 1467 1347 1521 esse
1384 1470 1620 1545 prope
1661 1444 2000 1521 Sechem
2066 1445 2217 1520 Hic
2256 1465 2503 1520 rumor

273 1579 463 1647 tanto
505 1571 827 1648 Perenio
868 1579 942 1646 et
978 1572 1276 1648 Bebeco
1315 1573 1586 1646 terrori
1653 1574 1812 1667 fuit,
1891 1570 2088 1670 quod
2142 1592 2312 1646 mox
2366 1569 2511 1645 Ba-

267 1700 501 1773 lassae
542 1706 616 1773 et
652 1698 843 1790 aliis,
882 1705 963 1772 ut
998 1698 1572 1790 retrocederent,
1594 1698 2050 1796 persvadere
2089 1695 2502 1795 coeperint3

266 1847 397 1899 non
436 1823 628 1898 euim
668 1823 964 1918 Toigon
1000 1825 1278 1898 bassae
1338 1824 1623 1898 viribus
1679 1847 1901 1923 pares
1960 1830 2233 1916 essent3
2275 1822 2399 1920 qui
2437 1823 2504 1897 si

262 1951 570 2038 militem,
614 1951 739 2048 qui
777 1950 880 2025 ibi
918 1951 1198 2042 aderat,
1218 1951 1637 2048 perderent,
1656 1951 1882 2025 totius
1901 1951 2114 2047 regni
2145 1948 2480 2025 subsidia

262 2075 823 2151 debilitarentur.
881 2079 969 2152 In
1011 2099 1228 2174 quam
1267 2077 1709 2152 sententiam
1745 2076 2069 2152 Balassa
2105 2099 2252 2151 non
2322 2100 2492 2152 cou-

261 2203 494 2293 sensit‚
522 2201 654 2276 sed
693 2202 983 2278 omnino
1023 2224 1194 2277 esse
1232 2202 1776 2301 confligendum
1798 2202 2182 2278 disseruit:
2227 2202 2491 2301 quodsi

264 2326 437 2400 enim
491 2327 616 2401 isti
674 2327 1251 2425 profligarentur
1308 2336 1482 2402 ante
1532 2327 1924 2402 adventum
2021 2328 2322 2421 bassae,
2359 2349 2506 2427 pos

262 2473 333 2526 se
369 2452 743 2528 consilium
784 2455 874 2528 de
914 2455 1205 2548 integro
1247 2456 1431 2553 capi.
1492 2453 1622 2528 Sin
1660 2454 1806 2552 ipsi
1845 2451 1990 2528 sibi
2040 2453 2401 2541 timerent,
2423 2452 2498 2528 in

261 2599 485 2651 arcem
540 2575 1004 2671 Ainachkeo,
1068 2578 1417 2656 milliario
1480 2580 1874 2655 distantem
1933 2602 2018 2655 se
2086 2581 2507 2657 conferrent

264 2701 491 2798 ibique
604 2712 1131 2802 exspectarent
1237 2706 1503 2803 praelii
1595 2712 1975 2800 eventum3
2054 2705 2194 2780 sibi
2286 2704 2498 2781 modo

274 2825 516 2901 darent
570 2828 1044 2922 facultatem,
1102 2855 1261 2906 cum
1320 2831 1460 2927 his,
1536 2833 1661 2930 qui
1735 2840 1997 2931 sponte
2055 2833 2347 2907 alacres
2402 2830 2498 2905 ad

267 2975 568 3049 pugnam
605 2954 861 3029 venire
916 2954 1212 3049 vellent,
1270 2956 1526 3033 hostes
1566 2957 2095 3056 aggrediendi3
2133 2958 2241 3032 ita
2275 2958 2494 3033 etiam

269 3078 326 3150 si
395 3078 756 3155 fortunam
834 3080 1226 3156 adversam
1332 3081 1666 3175 haberet,
1763 3107 2002 3181 neque
2094 3082 2495 3181 periculum

266 3223 590 3299 magnum
688 3205 1047 3299 futurum,
1107 3232 1195 3282 ac
1267 3215 1499 3282 totum
1572 3210 1650 3282 in
1741 3234 1822 3283 se
1896 3208 2490 3286 redundaturum.

266 3324 523 3403 Verum
576 3330 720 3405 hae
778 3332 1105 3407 rationes
1146 3333 1335 3407 adeo
1375 3332 1630 3407 irritae
1668 3335 1895 3428 fuere,
1937 3335 2134 3433 quod
2191 3357 2282 3410 ea
2318 3357 2487 3410 noc·

268 3458 331 3525 te
406 3462 567 3529 ante
642 3456 879 3532 lucem
955 3458 1171 3532 simul
1248 3481 1410 3531 cum
1487 3481 1738 3533 eorum
1815 3460 2051 3558 copiis
2127 3459 2488 3538 Perenius

258 3586 321 3651 et
356 3577 723 3673 Bebecus,
781 3583 1043 3658 relicto
1084 3590 1494 3659 castrorum
1530 3586 1716 3673 loco,
1774 3586 2001 3682 fugae
2060 3609 2142 3661 se
2183 3588 2480 3663 manda-

256 3702 408 3794 rint,
457 3707 848 3804 missisque
923 3714 1139 3785 retro'
1183 3709 1276 3784 ad
1330 3707 1729 3786 Balassam
1783 3710 2286 3801 internunciis,
2326 3735 2488 3787 eum

257 3831 584 3924 rogarint,
623 3830 854 3908 vellet
915 3834 1295 3910 custodiae
1353 3859 1584 3912 causa
1639 3859 1847 3914 suum
1912 3837 2021 3911 eis
2079 3837 2485 3934 adjungere

256 3950 634 4047 peditatum
677 4017 690 4050 ,
805 3983 899 4035 ne
975 3961 1148 4057 quid
1222 3963 1457 4036 cladis
1566 3964 1642 4036 in
1755 3964 2092 4039 abeundo
2201 3962 2486 4064 accipe-

257 4083 424 4150 rent.
525 4080 810 4174 Quibus
905 4086 1227 4161 Balassa
1328 4088 1760 4186 increpatis,
1834 4091 2049 4185 unius
2144 4090 2482 4166 milliaris

256 4203 476 4296 spatio
547 4231 677 4282 eos
747 4235 793 4284 a
869 4219 1081 4307 tergo
1124 4214 1560 4310 sequendo,
1637 4214 1756 4288 die
1811 4214 2228 4313 insequenti
2298 4238 2474 4292 suos

256 4322 341 4396 ad
393 4326 602 4408 Divin
659 4333 982 4412 deduxit.
1060 4337 1418 4416 Perenius
1478 4347 1722 4415 autem
1779 4348 1852 4413 et
1911 4339 2196 4431 Bebec,
2270 4340 2478 4415 nulla

252 4446 606 4547 interjecta
644 4484 875 4551 mora,
919 4464 1482 4561 continuatoque
1520 4465 1806 4557 itinere,
1865 4468 2054 4540 alter
2093 4465 2189 4539 ad
2229 4463 2467 4557 Quod,

265 4572 439 4649 alter
471 4582 560 4655 ad
613 4586 904 4661 Zardur
943 4611 1114 4663 sese
1153 4596 1613 4689 receperunt.
1672 4588 1937 4664 Hostis
1976 4612 2152 4664 vero
2194 4588 2467 4681 FilecO,
