3293 5219
2333 238 2430 315 13

218 461 334 527 ret.
367 453 625 551 anue
655 475 745 528 ex
793 454 1141 529 mandato
1181 452 1487 549 reginae
1525 451 1819 544 tradita,
1862 449 2235 547 Georgius
2272 478 2433 552 pre-

216 580 456 654 tiosam
497 580 1051 679 supellectilem,
1093 603 1310 677 quam
1345 578 1499 653 illic
1535 578 1960 676 reliquerat,
2001 579 2301 661 remisit,
2342 582 2434 654 si-

215 707 343 781 mul
378 707 626 781 missis
678 707 961 783 nunciis
1011 706 1448 804 colloquium
1500 727 1636 804 pro
1677 706 2050 780 commodo
2124 706 2432 802 reginae

218 840 281 907 et
310 832 439 907 filii
476 833 815 931 petierat,
854 833 921 907 si
956 834 1164 932 prius
1187 831 1414 907 dediti
1451 831 1920 908 traderentur
1957 831 2430 908 Ferdinando

216 958 554 1034 Melchior
592 960 934 1051 Balassa,
974 958 1339 1034 Antonius
1368 958 1667 1056 Kendy‚
1705 959 2029 1035 Michael
2050 956 2322 1057 Chaky
2360 966 2434 1034 et

212 1082 456 1159 Petrus
495 1085 645 1160 Kis
663 1081 753 1185 ¹¹³).
816 1086 925 1161 Iis
959 1094 1201 1162 tamen
1244 1110 1290 1160 a
1328 1086 1634 1161 ducibus
1674 1086 2129 1162 Ferdinandi
2149 1143 2166 1178 ,
2244 1109 2428 1184 quos

212 1233 417 1308 supra
452 1211 805 1306 diximus,
879 1213 1101 1288 facile
1175 1213 1437 1309 regina
1489 1213 1779 1288 veniam
1831 1213 2284 1313 impetravit,
2359 1214 2434 1287 in

213 1337 579 1434 colloquio,
619 1362 810 1435 quae
840 1362 1003 1414 cum
1022 1340 1494 1416 Ferdinando
1531 1341 2004 1437 transegerit,
2042 1341 2431 1432 recensuit,

210 1468 273 1536 et
303 1464 561 1558 regina
612 1462 688 1537 in
740 1487 1099 1562 praesens
1161 1489 1296 1565 per
1313 1465 1800 1565 proditionem
1841 1467 2058 1558 victa,
2095 1467 2432 1543 fortunae

212 1612 289 1662 ac
321 1590 697 1686 potentiae
737 1591 982 1666 cessit.
1024 1593 1489 1668 Felvincium
1527 1616 1708 1689 ergo
1766 1593 2031 1690 regina
2071 1615 2230 1668 cum
2258 1593 2432 1685 filio,

215 1710 573 1811 Georgius
622 1725 697 1792 et
753 1717 978 1792 duces
1019 1717 1469 1792 Ferdinandi
1526 1718 1622 1794 ad
1676 1726 1970 1817 pactam
2026 1717 2219 1793 diem
2272 1741 2433 1794 cum

214 1843 733 1935 convenissent,
811 1841 1198 1937 Coronam,
1266 1844 1503 1942 inquit
1539 1845 1836 1942 regina,
1895 1853 1969 1920 et
2004 1845 2296 1941 regalia
2331 1845 2435 1919 in-

214 1967 476 2064 signia,
554 1969 751 2067 quod
797 1970 979 2044 felix
1035 1979 1110 2045 et
1163 1972 1483 2046 faustum
1528 1996 1762 2070 regno
1824 1973 2241 2071 populoque
2281 1971 2434 2048 Un-

211 2095 452 2189 gariae
491 2096 743 2194 superi
783 2097 976 2191 dent,
1019 2121 1113 2172 ex
1151 2098 1488 2173 manibus
1507 2099 1712 2191 meis,
1750 2098 1967 2173 vobis
2003 2098 2435 2196 proceribus

216 2220 527 2317 Ungaris
583 2223 797 2298 trado
855 2223 1226 2321 dedoque,
1301 2232 1383 2299 ut
1430 2224 1539 2298 eis
1595 2247 1730 2323 pro
1784 2232 2040 2299 vestra
2094 2227 2332 2300 salute
2370 2224 2432 2299 si

219 2349 420 2424 aliter
457 2350 711 2425 utilius
751 2351 1156 2442 statuistis,
1196 2351 1537 2447 utamini3
1594 2352 1772 2426 mihi
1807 2352 1929 2425 vel
1965 2351 2105 2425 hoc
2151 2352 2437 2447 gloriae

208 2474 362 2567 crit,
395 2476 599 2551 servi
655 2485 729 2550 et
782 2476 1052 2551 alumni
1090 2477 1428 2574 conjugis
1486 2476 1626 2550 mei
1678 2476 1939 2552 fraude
2038 2478 2326 2571 victam,
2366 2485 2440 2551 et

214 2624 539 2677 coronam
588 2611 696 2678 tot
734 2604 1094 2678 bellorum
1150 2626 1446 2678 causam
1484 2603 1966 2698 incruentam,
2024 2626 2435 2703 quanquam

220 2737 285 2802 et
315 2729 537 2826 longo
576 2731 775 2806 bello
832 2753 1007 2829 spes
1045 2731 1386 2829 viresque
1444 2740 1518 2806 et
1551 2731 1965 2830 propinqua
2013 2731 2290 2805 auxilia
2324 2754 2440 2807 su-

221 2866 627 2952 peressent,
704 2857 1140 2932 concordiae
1179 2867 1253 2933 et
1291 2858 1666 2933 commodo
1708 2867 1979 2950 vestr0,
2054 2882 2257 2934 meas
2292 2860 2439 2933 for-

220 2988 420 3059 tunas
459 2993 534 3059 et
568 2984 778 3080 gnati
814 2992 1412 3083 postponentem,
1471 2985 1537 3059 si
1574 2992 1854 3059 tantum
1891 2984 2032 3059 hoc
2067 3008 2284 3061 unum
2323 3008 2441 3060 ea-

222 3108 371 3184 dem
443 3111 800 3186 hactenus
858 3111 1274 3210 impedivit,
1351 3111 1857 3208 consignasse.
1935 3113 2142 3187 Deos
2216 3112 2441 3186 homi-

218 3256 484 3334 nesque
521 3245 778 3330 testor,
836 3238 1055 3335 idque
1095 3236 1273 3311 mihi
1312 3240 1432 3312 vel
1469 3238 1544 3312 in
1580 3238 1809 3314 tantis
1848 3239 2062 3312 malis
2101 3237 2442 3313 solatium

220 3382 554 3438 smnmum
591 3373 745 3456 est,
801 3364 1073 3440 nullius
1112 3364 1286 3439 mali
1321 3365 1444 3438 vel
1482 3363 1919 3438 incommodi
1955 3363 2189 3438 vestri
2243 3387 2289 3437 a
2327 3385 2441 3436 me

219 3511 501 3564 causam
551 3490 979 3588 initiumque
1035 3498 1289 3565 ortum.
1347 3488 1473 3583 At,
1531 3512 1645 3564 me
1702 3489 2046 3582 Hercule,
2082 3489 2445 3564 horrescit

220 3615 524 3709 animus,
602 3640 793 3714 qnae
829 3617 1041 3692 vobis
1083 3617 1373 3711 clades,
1451 3640 1636 3715 quae
1673 3619 1890 3709 mala,
1968 3617 2443 3709 calamitates,

222 3752 447 3830 mente
483 3743 902 3842 praevideo,
961 3745 1077 3819 Te
1115 3745 1327 3819 Deus
1364 3744 1656 3843 optime,
1695 3743 2028 3836 maxime,
2065 3751 2140 3818 te
2179 3743 2444 3843 orpha-

219 3888 462 3946 norum
495 3879 1005 3969 protectorem,
1044 3878 1118 3945 te
1158 3871 1517 3946 scelerum
1554 3871 1938 3963 vindicem,
1973 3868 2272 3944 invoco!
2327 3869 2433 3944 uti

221 4003 542 4092 ruptores
576 3997 978 4092 foederum,
1032 3997 1504 4092 induciarum,
1560 4004 2080 4074 sacrosanctae
2113 3997 2324 4095 pacis
2361 4004 2436 4071 et

211 4119 465 4212 jurium
519 4123 929 4200 divinorum
982 4125 1601 4223 humanorumque
1651 4123 2119 4222 sempiternis
2175 4123 2433 4223 poenis

221 4245 527 4325 adficias.
569 4251 692 4326 Me
731 4274 910 4327 vero
950 4261 1023 4327 et
1059 4252 1249 4327 hunc
1268 4260 1587 4347 gnatum,
1630 4253 1753 4349 qui
1783 4255 2031 4349 justos
2067 4276 2433 4349 nunquam

225 4475 373 4486 *—

417 4531 474 4600 *)
498 4528 736 4586 Intvssnfi
756 4531 1029 4603 jegyzete
1055 4553 1065 4586 ε
1113 4534 1446 4590 Ambrosius
1470 4534 1593 4591 Kis.
