3293 5219
1263 1635 1664 1731 LIBER
1719 1634 2461 1732 VIGESIMUS·

948 2082 1269 2158 Selimus
1318 2085 1478 2180 jam
1535 2083 1704 2158 inde
1765 2084 1861 2157 ab
1918 2081 2124 2159 initio
2178 2104 2411 2158 novas
2453 2105 2575 2158 res
2633 2086 2975 2161 molieba-

739 2221 878 2285 tur.
923 2210 1115 2284 Nam
1155 2234 1358 2285 more
1398 2213 1752 2310 majorum
1784 2218 1855 2284 et
1894 2211 2140 2285 fanum
2164 2207 2478 2283 condere
2520 2209 2864 2303 debebat,
2904 2220 2971 2284 et

734 2359 1002 2412 novam
1041 2335 1366 2431 aliquam
1421 2335 1880 2434 provinciam
1938 2333 2033 2409 ad
2072 2334 2418 2409 ditionem
2459 2357 2667 2409 suam
2707 2335 2973 2432 adjice·

733 2485 836 2552 re,
876 2482 1065 2557 quae
1159 2460 1437 2535 reditus
1478 2461 1572 2535 ad
1629 2460 2081 2534 condendum
2134 2460 2383 2534 fanum
2421 2459 2976 2537 sacrificiorum-

731 2612 870 2685 que
907 2609 1120 2662 usum
1180 2586 1728 2684 suppeditaret;
1785 2594 1859 2661 et
1899 2607 2177 2662 summo
2234 2584 2508 2682 templo
2545 2585 2621 2659 in
2681 2587 2975 2664 civitate

731 2712 1218 2811 Adrianopoli
1295 2707 1796 2810 (Constantini
1871 2712 2129 2808 Magni
2207 2734 2392 2809 opus
2463 2711 2731 2805 ingens
2792 2708 2976 2809 erat)

729 2838 1104 2914 destructo
1146 2822 1366 2933 atque
1405 2846 1724 2929 vastate,
1746 2839 1820 2911 in
1848 2837 2176 2933 eJusdem
2213 2838 2378 2912 loco
2418 2837 2639 2933 longe
2678 2836 2967 2935 amplis-

727 2963 988 3038 simum
1042 2962 1415 3060 templum,
1452 2964 1955 3039 habitationes
2015 2963 2503 3053 sacerdotum,
2562 2962 2976 3038 diversoria

729 3090 1033 3187 publica
1068 3091 1565 3167 itinerantium
1604 3097 1825 3186 atque
1856 3090 2201 3186 gratuita,
2223 3087 2558 3179 balneaS‚
2599 3088 2969 3166 deductio-

724 3238 860 3290 nes
900 3240 1276 3314 aquarum,
1332 3220 1599 3308 fontes,
1638 3216 2015 3289 immensis
2072 3214 2482 3309 sumptibus
2540 3221 2764 3311 atque
2804 3238 2975 3313 ope-

729 3341 937 3418 ribus
995 3342 1454 3419 aedificanda
1527 3341 1792 3439 eoepit.
1830 3339 1997 3416 Hoc
2037 3338 2250 3414 modo
2325 3339 2703 3436 principes
2784 3342 2968 3416 Tur-

734 3491 981 3543 carum
1038 3469 1180 3543 viri
1253 3467 1598 3564 religioni
1655 3465 2200 3564 promovendae
2291 3472 2515 3561 atque
2589 3466 2974 3563 augendae

726 3593 982 3667 mirum
1018 3596 1094 3668 in
1149 3595 1436 3670 modum
1475 3592 1814 3686 student3
1888 3591 2376 3688 imperatores
2434 3597 2680 3665 autem
2718 3613 2969 3688 super·

727 3719 844 3793 bis
883 3720 1386 3817 mirandisque
1424 3719 1778 3816 operibus
1818 3724 1892 3792 et
1927 3739 2124 3791 nova
2152 3717 2424 3810 facere,
2462 3723 2537 3791 et
2570 3737 2809 3810 regna
2848 3715 2971 3792 do·

726 3866 906 3918 nare
979 3845 1097 3919 his
1190 3852 1748 3921 eensueverunt.
1848 3842 1998 3918 Sed
2073 3841 2503 3917 sacerdotes
2595 3842 2971 3936 negabant

733 3967 1084 4045 Selimum
1143 3972 1281 4046 rite
1322 3972 1638 4047 condere
1675 3969 2023 4064 templum
2084 3990 2171 4042 ac
2211 3990 2434 4043 saera
2473 3966 2969 4064 religiosaque

726 4093 917 4186 loca,
960 4096 1105 4170 nisi
1161 4105 1456 4193 sumptu
1511 4118 1749 4168 novae
1790 4102 1866 4169 et
1938 4116 2074 4193 per
2131 4118 2295 4169 eum
2351 4080 2767 4188 adquisitae
2804 4114 2967 4190 pro·

726 4221 1033 4297 vinciae.
1075 4224 1164 4297 In
1218 4222 1383 4295 imis
1460 4219 1951 4295 fundamentis
2011 4226 2311 4317 reperta
2372 4225 2489 4293 est
2525 4218 2685 4293 auri
2747 4226 2822 4291 et
2860 4240 2971 4290 ar·

726 4347 930 4440 genti
969 4347 1243 4443 signati
1302 4370 1445 4421 non
1503 4369 1739 4446 parva
1779 4346 2173 4442 quantitas.
2239 4344 2697 4420 Crediderim
2773 4363 2973 4416 more

721 4473 1182 4548 condentium
1241 4474 1465 4563 urbes
1507 4496 1596 4546 ac
1633 4480 2100 4548 monumenta
2149 4471 2495 4565 insignia,
2574 4469 2975 4545 conditoris

711 4598 994 4692 jactam
1031 4599 1389 4673 fuisseibi
1420 4601 1864 4673 memoriam.
1906 4597 2289 4693 Ungarica
2326 4595 2718 4691 expeditio,
2760 4617 2974 4691 quam
