3293 5219
2318 385 2475 463 325

238 623 520 676 summa
580 625 713 700 ora
770 601 1356 699 compleverant,
1416 624 1604 699 quae
1677 601 2132 679 flammarum
2194 612 2269 680 et
2307 604 2507 703 pilae

235 728 513 827 impetu
544 728 879 827 expulsa,
902 728 1287 824 grandinis
1310 730 1523 805 modo
1552 731 1628 804 in
1653 753 1903 805 omnes
1926 757 1973 830 p
2004 740 2206 806 artes
2248 728 2509 807 lethali

231 854 592 930 violentia
649 857 1287 953 dispergebantur.
1347 857 1767 954 Erupturus
1854 858 2149 932 tandem
2206 856 2501 934 Zrinius

233 979 405 1053 ‘cum
447 981 734 1073 suiS,ac
753 981 1082 1056 terribile
1123 982 1235 1056 sui
1259 983 1758 1081 spectaculum
1796 983 2191 1082 pugnando
2233 984 2497 1078 edens,

235 1108 435 1181 intra
470 1116 767 1206 pontem
788 1108 1158 1204 geminato
1196 1109 1346 1183 ictu
1382 1108 1581 1207 pilae
1603 1132 1695 1183 ex
1718 1111 2055 1210 sclopeto
2094 1109 2478 1208 trajicitur3

233 1235 489 1328 caede,
548 1236 770 1328 ferro,
824 1234 1138 1309 flammis
1179 1242 1336 1310 tota
1373 1258 1548 1311 arce
1587 1236 2056 1332 vagantibus.
2115 1233 2219 1313 At
2256 1239 2485 1313 maxi-

229 1385 354 1434 ma
431 1371 506 1438 et
559 1361 976 1437 incredibili
1032 1361 1402 1438 hominum
1477 1361 1690 1438 clade
1747 1363 2058 1440 victoria
2131 1362 2480 1460 constitit;

229 1516 372 1566 nec
448 1492 641 1564 enim
714 1488 863 1563 vivi
933 1489 1186 1581 modo,
1301 1488 1518 1563 etiam
1613 1490 1879 1565 mortui
1976 1492 2072 1566 ab
2141 1489 2481 1567 hostibus

229 1619 444 1694 velut
514 1638 799 1716 paenas
895 1617 1434 1714 exposcebant,
1532 1640 1693 1692 cum
1770 1617 1844 1691 in
1917 1617 2173 1693 turrim
2251 1640 2480 1715 quan-

228 1746 402 1821 dam
461 1768 805 1838 saxeam,
842 1745 1151 1842 pulvere
1189 1743 1588 1843 sulphureo
1628 1751 1704 1819 et
1748 1743 2153 1819 missilibus
2190 1741 2488 1841 ignibus

227 1877 713 1974 completam,
773 1872 1190 1972 desperatis
1218 1874 1375 1969 jam
1414 1873 1661 1966 rebus,
1705 1870 2076 1949 funiculos
2115 1872 2288 1969 igne
2327 1893 2488 1948 suc-

226 2025 498 2078 censos
556 2007 719 2076 arte
776 2000 1293 2075 collocassent.
1370 2001 1613 2096 Igitur
1652 2007 1873 2098 capta
1911 2024 2116 2093 arce,
2178 2022 2338 2076 cum
2375 1999 2480 2074 in·

229 2153 540 2205 numera
599 2128 983 2203 multitudo
1050 2128 1479 2225 irrupisset,
1578 2151 1717 2202 nec
1772 2150 2019 2203 arcem
2102 2127 2316 2201 modo
2392 2149 2481 2201 ac

229 2255 582 2354 oppidum
622 2253 1023 2352 opplesset,
1065 2254 1309 2328 mixtis
1348 2254 1801 2352 primoribus
1842 2278 1934 2329 ex
1974 2253 2150 2330 totis
2188 2254 2477 2346 castris,

232 2383 371 2457 sed
413 2380 682 2457 circum
721 2387 1095 2478 patentem
1136 2403 1496 2479 campum:
1537 2389 1686 2455 tum
1727 2388 2032 2476 repente
2070 2378 2472 2456 inflamma-

236 2510 343 2584 tis
381 2508 833 2609 pulveribus,
873 2505 1189 2605 disjecta
1226 2532 1362 2606 per
1402 2530 1658 2584 omnes
1694 2516 1949 2604 partes
1971 2504 2283 2583 missilia
2320 2508 2475 2582 tela

230 2645 309 2712 et
349 2652 561 2729 saxa,
619 2658 1207 2734 quoquoversum
1255 2636 1686 2730 inciderant,
1727 2636 2312 2712 confertissimos
2351 2632 2478 2711 110-

227 2772 391 2839 stes
448 2764 1023 2861 abstergebant;
1082 2787 1219 2837 nec
1278 2763 1601 2838 cominus
1659 2769 1960 2856 tantum,
2003 2763 2137 2839 sed
2194 2762 2475 2838 eminus

230 2893 455 2968 etiam
495 2891 754 2965 eadem
793 2890 1360 2990 periclitantium
1402 2912 1589 2983 sors,
1624 2890 1792 2965 dum
1831 2913 2021 2965 saxa
2055 2912 2189 2988 per
2228 2897 2473 2965 a‘erem

224 3018 639 3111 volitantia,
698 3018 1058 3115 ignesque
1116 3015 1440 3091 missiles
1498 3017 1778 3115 passim
1829 3016 2304 3113 corriperent,
2347 3017 2471 3091 ob-

223 3152 670 3243 ruerentque
727 3145 1101 3237 mortales,
1162 3143 1558 3219 velocitate
1616 3143 1789 3217 mali
1852 3167 2062 3219 omne
2119 3143 2466 3240 effugium

222 3273 775 3374 praeveniente,
818 3271 1087 3364 saucii,
1130 3271 1556 3365 semineces,
1596 3272 2091 3370 exspirantes,
2132 3270 2472 3364 ambusti,

224 3410 579 3498 artusque
638 3399 1173 3496 discerptorum
1233 3398 1542 3475 militum
1620 3422 1780 3474 cum
1853 3396 2142 3494 ingenti
2215 3405 2473 3494 strage

223 3550 633 3618 caesorum,
671 3526 1111 3601 horrendum
1156 3525 2149 3653 spectaculuuyvisebantur.

440 3655 606 3729 Hos
618 3654 857 3730 exitus
870 3654 1010 3732 duo
1023 3655 1350 3730 claustra
1364 3636 1926 3728 christianitatis
1945 3652 2472 3750 habuere3nam

222 3781 610 3876 Ungariae
648 3781 1097 3880 appendices
1153 3789 1431 3857 tantum
1491 3789 1951 3879 supererant,
2009 3780 2075 3854 si
2149 3779 2470 3878 priscum

219 3910 604 4008 imperium
644 3919 956 4009 spectes3
980 3910 1520 4003 munitionibus,
1560 3910 1785 3985 armis
1823 3907 2053 4007 paria.
2098 3904 2329 3983 Giula
2369 3908 2471 3981 vi-

230 4036 333 4110 ris
372 4038 765 4135 potentior,
806 4038 989 4113 duce
1030 4038 1341 4136 dempto
1406 4037 1659 4113 Duces
1700 4034 2076 4134 superbia,
2133 4034 2470 4126 saevitia,

224 4164 564 4257 avaritia,
640 4162 835 4241 haud
893 4164 1408 4257 discreverim,
1465 4164 1609 4238 nisi
1670 4163 1862 4261 quod
1920 4158 2041 4235 hic
2094 4163 2468 4236 maculosa

232 4291 400 4383 vita,
479 4294 792 4389 egregio
868 4294 1035 4386 fine,
1110 4293 1535 4368 tantundem
1591 4292 1855 4367 meruit
1909 4291 2149 4365 bonae
2202 4290 2468 4382 famae,

230 4427 575 4516 quantum
613 4420 740 4495 ille
760 4423 1020 4497 malae.
1041 4423 1128 4497 In
1169 4417 1476 4496 Croatia
1498 4427 1790 4496 vetusta
1810 4416 2149 4495 comitum
2184 4415 2468 4491 familia

227 4554 450 4642 ortus,
507 4550 745 4647 prima
784 4553 1101 4647 *Juventa
1159 4547 1427 4625 Turcis
1468 4546 1874 4646 permixtus
1931 4543 2139 4621 Petri
2179 4542 2459 4640 Kegle-

225 4673 389 4749 vicii
429 4676 746 4774 insignis
805 4677 1029 4772 ducis,
1098 4677 1271 4752 bani
1319 4674 1606 4776 Illyrici
1665 4672 1994 4751 consiliis
2033 4698 2120 4751 ac
2158 4696 2297 4774 opc
2337 4672 2460 4748 ad-
