3293 5219
734 323 891 398 534

726 540 981 615 simum
1022 545 1173 619 est,
1245 557 1512 631 magna
1587 533 2175 609 Christianorum
2212 535 2498 630 Regum
2572 534 2973 629 ignominia

726 664 1070 741 constitit.
1112 662 1325 736 nobis
1362 660 1681 734 adversa
1718 660 2013 735 fortuna
2072 659 2556 735 certissimam
2631 658 2974 755 gloriam,

725 794 867 867 hoc
904 813 1047 866 uno
1089 791 1564 885 Imperatore,
1602 787 1987 863 honestum
2028 786 2288 867 otium,
2331 809 2585 884 pacem
2611 841 2627 873 ,
2705 788 2974 862 securi-

724 928 968 1006 tatem,
1007 916 1248 991 finium
1308 913 1915 1011 propagationem
1950 913 2231 988 invidit.
2307 915 2675 988 Desertus
2730 923 2976 989 antem

729 1046 857 1119 ille
896 1046 971 1118 in
1012 1050 1215 1117 tanto
1264 1064 1507 1115 rerum
1566 1040 1983 1115 discrimine
2021 1041 2114 1114 ab
2154 1040 2525 1129 omnibus,
2587 1062 2728 1114 non
2766 1040 2857 1113 ob
2898 1039 2978 1113 id

733 1183 978 1247 tamen
1019 1169 1344 1245 deseruit
1381 1190 1586 1252 suos,
1629 1168 1763 1242 sed
1817 1168 1891 1241 in
1929 1175 2289 1266 perpetua
2328 1167 2640 1265 quadam
2716 1167 2978 1262 vigilia

725 1296 1105 1382 manendo,
1142 1296 1248 1370 ita
1284 1318 1368 1370 se
1407 1318 1538 1393 per
1576 1302 1859 1392 septem
1918 1303 1990 1368 et
2028 1294 2334 1391 triginta
2406 1317 2641 1368 annos
2701 1291 2967 1389 gessit,

723 1436 804 1501 ut
840 1424 1284 1522 sperandum
1323 1423 1439 1509 sit,
1482 1421 2065 1496 Maximilianum
2139 1421 2366 1496 filium
2403 1420 2665 1496 iisdem
2740 1421 2972 1495 vesti-

726 1553 872 1650 giis
907 1559 1290 1649 paternam
1328 1548 1644 1644 gloriam
1718 1556 2202 1645 persecutum,
2259 1570 2401 1622 non
2442 1573 2535 1623 ex
2574 1546 2974 1624 Pannonia

726 1678 981 1759 solum,
1023 1676 1157 1751 sed
1194 1699 1285 1749 ex
1327 1672 1656 1749 Thracia
1691 1674 2042 1749 universa
2099 1671 2687 1760 Christianorum
2765 1674 2974 1749 Prin-

726 1806 961 1902 cipum
1022 1801 1349 1877 dissidiis
1388 1802 1859 1876 adtollentem
1898 1801 1972 1875 in
2014 1826 2150 1878 nos
2188 1803 2388 1877 vires
2427 1804 2737 1892 hostem,
2777 1801 2979 1877 ultra

732 1932 1193 2029 Bosphorum
1233 1929 1813 2027 profligaturum.
2285 2012 2291 2017 ‚

936 2053 1120 2131 Cum
1157 2063 1399 2129 autem
1421 2062 1628 2128 tanta
1666 2053 1824 2127 eius
1866 2053 2118 2145 virtus,
2140 2055 2364 2129 animi
2386 2056 2524 2141 vis,
2546 2075 2723 2129 usus
2751 2053 2976 2128 rebus

723 2184 1008 2259 bellicis
1048 2189 1282 2269 esset,
1360 2180 1569 2277 pacis
1611 2181 1931 2269 artibus,
1990 2181 2345 2277 religione
2418 2205 2508 2255 ac
2582 2181 2860 2279 pietate
2896 2180 2975 2254 in

727 2311 961 2384 Deum
1000 2308 1481 2382 immortalem
1518 2329 1708 2380 unns
1749 2306 2064 2381 maxime
2103 2306 2466 2383 excelluit.
2545 2306 2731 2397 Quis
2774 2307 2970 2380 enim

723 2436 849 2510 illo
889 2428 1268 2508 sanctior?
1326 2433 1488 2528 quis
1526 2454 1762 2521 sacra,
1803 2432 2008 2518 ritus,
2050 2432 2667 2531 supplicationes,
2705 2455 2973 2531 preces

723 2560 1016 2662 publice
1091 2558 1576 2657 privatimque
1671 2557 2129 2635 constantius
2187 2557 2373 2634 tueri
2452 2581 2771 2657 unquam
2849 2571 2974 2636 aut

723 2689 981 2764 maiori
1021 2710 1180 2762 cum
1218 2687 1436 2761 laude
1475 2685 1768 2784 potuit?
1810 2685 2011 2760 Nihil
2051 2686 2180 2761 ille
2217 2709 2536 2783 unquam
2590 2686 2843 2762 facere
2890 2688 2967 2761 in

723 2816 1035 2890 animum
1073 2813 1378 2902 induxit,
1420 2813 1599 2888 nihil
1638 2814 1843 2911 prius
1881 2834 2291 2908 aggressus
2332 2821 2467 2898 est,
2491 2814 2733 2910 quina
2775 2814 2971 2889 divis

723 2943 946 3016 rebus
987 2940 1435 3037 auspicatus,
1478 2939 1724 3013 divino
1766 2962 2057 3035 semper
2116 2939 2512 3037 implorato
2534 2939 2809 3016 auxilio
2877 2942 2973 3016 ad

720 3069 934 3142 finem
973 3066 1417 3164 perduxerit.
1459 3063 1625 3156 Qua
1664 3066 1738 3138 in
1778 3088 1858 3139 re
1919 3065 2555 3141 commemoranda
2579 3123 2595 3156 ,
2634 3066 2710 3140 id
2778 3068 2972 3164 qnod

724 3194 938 3269 vobis
979 3215 1268 3289 quoque
1343 3215 1478 3290 pro
1521 3200 1770 3267 vestra
1807 3214 2090 3268 summa
2126 3192 2202 3266 in
2240 3193 2445 3268 illum
2487 3194 2970 3270 observantia

717 3344 856 3396 usu
897 3319 1150 3393 venire
1188 3318 1550 3414 intellig0,
1591 3342 1737 3394 non
1779 3319 1938 3394 sine
1997 3319 2270 3413 gemitu
2308 3327 2556 3395 tamen
2632 3326 2709 3394 et
2748 3318 2962 3395 lacri-

722 3448 857 3523 mis
897 3446 1072 3519 mihi
1114 3446 1369 3522 videor
1418 3445 1621 3519 illum
1663 3447 1736 3519 in
1774 3445 1915 3520 hoe
1990 3447 2453 3521 sanctissimo
2528 3447 2674 3521 Dei
2716 3448 2965 3546 optimi

721 3572 1027 3647 Maximi
1069 3571 1454 3650 domicilio,
1495 3572 1568 3644 iu
1608 3573 1723 3645 his
1780 3573 1967 3670 ipsis
2025 3574 2323 3670 inquam
2381 3574 2759 3650 subselliis
2798 3597 2959 3672 pro·

718 3699 1167 3774 cumbentem
1207 3699 1281 3772 in
1320 3721 1580 3792 genua,
1603 3708 1824 3795 atque
1847 3724 1938 3775 ex
1977 3700 2121 3775 imo
2146 3707 2442 3797 pectore
2480 3701 2808 3798 suspiria
2836 3704 2958 3778 du-

717 3835 1019 3916 centem,
1060 3832 1233 3898 vota
1273 3848 1403 3923 pro
1445 3835 1697 3901 vestra
1735 3829 1999 3918 salute,
2076 3836 2149 3903 et
2186 3828 2686 3903 incolumitate
2728 3831 2951 3905 susci-

717 3975 915 4049 pere,
955 3974 1213 4046 preces
1254 3953 1645 4042 effundere,
1696 3979 1783 4029 ac
1821 3956 1887 4029 si
1923 3956 2085 4031 fieri
2121 3964 2397 4051 posset,
2441 3954 2680 4031 Deum
2722 3958 2955 4044 vobiS,

717 4080 1134 4177 vestrisque
1187 4081 1410 4155 rebus
1469 4081 1864 4178 propitium
1921 4107 1962 4157 e
2015 4084 2221 4159 coelo
2280 4083 2671 4160 advocare.
2750 4086 2961 4161 Nunc

713 4208 895 4283 illud
932 4208 1095 4305 quis
1134 4208 1450 4302 ignorat,
1489 4210 1564 4283 in
1606 4203 2113 4308 componenda
2187 4212 2601 4307 Religionis
2678 4222 2955 4289 contro·

717 4335 986 4428 versia,
1025 4358 1107 4410 re
1145 4358 1290 4411 una
1327 4335 1642 4412 omnium
1682 4339 1999 4413 ‘maxima
2072 4347 2147 4413 et
2206 4339 2683 4435 gravissima,
2726 4365 2952 4438 quan-

717 4468 863 4535 tum
904 4483 1175 4560 operae
1233 4462 1598 4560 studiique
1673 4465 2041 4561 posuerit,
2122 4487 2306 4561 quas
2363 4465 2687 4542 rationes
2711 4524 2728 4558 ,
2767 4490 2952 4566 quae

720 4588 1028 4663 consilia
1063 4589 1270 4686 pacis
1310 4612 1597 4689 semper
1673 4591 1834 4682 otii,
1883 4601 1955 4667 et
1993 4592 2426 4668 concordiae
2499 4603 2710 4668 autor
2782 4595 2950 4671 inie-
