3293 5219
829 319 988 397 394

705 535 708 540 ’
825 562 1078 635 regem
1117 563 1421 639 puerum
1461 549 1683 638 atque
1740 540 2075 637 reginam
2116 542 2549 633 exacuebat,
2592 541 2715 636 qui
2754 555 3033 612 summas

827 664 969 741 sibi
1009 674 1265 763 partes
1326 668 1422 741 ad
1461 666 2055 742 inflammandum
2112 689 2387 761 regem,
2429 675 2503 741 et
2560 664 3030 739 administran-

829 792 993 866 dum
1036 793 1333 887 bellum,
1378 796 1471 870 ob
1512 794 1870 891 puerilem
1913 798 2234 866 aetatem
2271 792 2478 887 regis
2517 799 2591 865 et
2626 790 2913 885 reginae
2944 785 3031 859 ni-

829 919 1046 993 miam
1084 921 1424 1015 gratiam,
1445 920 1813 1018 pontificis
1853 920 2211 993 instructu
2234 917 2716 992 desumserat.
2740 918 2850 990 Ita
2885 935 3034 1010 pon·

825 1043 1008 1118 tifex
1068 1044 1475 1119 ministrum
1558 1045 1782 1139 longe
1859 1043 2343 1141 aptissimum,
2378 1101 2385 1106 .
2422 1050 2495 1116 et
2570 1039 3040 1134 Lotharingus

828 1169 1244 1268 pontificem
1321 1172 2031 1247 desideratissimum
2088 1171 2304 1244 nacti.
2380 1170 2569 1244 Nam
2628 1176 2702 1243 et
2754 1168 2875 1241 ille
2927 1164 3045 1238 fla-

826 1296 1346 1390 grantissimus
1388 1298 1482 1372 ad
1518 1298 1815 1390 bellum,
1857 1305 1930 1372 et
1982 1297 2103 1370 hic
2139 1296 2303 1394 pari
2346 1296 2589 1371 studio
2630 1315 3045 1370 conservan-

826 1420 965 1495 dae
1040 1429 1113 1496 et
1188 1422 1573 1518 augendae
1641 1423 2039 1518 potentiae,
2084 1421 2303 1496 alteri
2375 1420 2635 1496 alteris
2692 1416 3047 1518 praestitis

825 1547 1069 1643 operis
1127 1547 1670 1623 deserviebant.
1755 1548 2045 1646 Quippe
2104 1547 2613 1643 Lotharingus
2670 1542 3047 1620 innumeris

826 1672 1249 1769 eisdemque
1305 1673 1683 1749 immensis
1742 1675 2180 1750 sacerdotiis
2240 1676 2727 1762 onerabatur,
2786 1679 2856 1747 et
2899 1691 3048 1743 auc-

823 1798 1194 1872 toritatem
1236 1797 1439 1872 miris
1462 1799 2138 1895 artibuS,tanquam
2177 1798 2658 1874 clandestinis
2685 1795 3037 1880 cuniculis,

835 1923 1031 2020 apud
1069 1924 1272 2020 regis
1332 1932 1404 1998 et
1452 1924 1758 2021 reginae
1800 1947 2020 1999 aures
2077 1925 2584 2017 evendicabat,
2646 1923 2840 2021 quod
2874 1920 3037 1995 alias

828 2049 1116 2147 pacatis
1151 2051 1372 2123 rebus
1411 2052 1745 2127 obtinere
1786 2074 1932 2129 non
1970 2060 2286 2150 poterat.
2329 2049 2499 2126 Non
2541 2052 2855 2125 obscura
2891 2066 3039 2143 quo-

834 2200 974 2273 que
1014 2177 1212 2250 fama
1251 2177 1563 2271 emicuit,
1620 2179 2005 2277 imperium
2062 2176 2413 2275 gallicum
2470 2202 2617 2253 una
2673 2201 2828 2251 cum
2883 2175 3043 2247 duce

825 2291 1228 2380 Francisco
1291 2303 1556 2380 Guisio
1623 2309 1784 2403 jam
1844 2306 1965 2381 diu
2019 2314 2455 2405 conceptum
2512 2304 2835 2380 familiae
2885 2321 3044 2375 suae

824 2454 958 2529 per
998 2454 1159 2505 eum
1219 2431 1493 2528 parari.
1562 2430 1801 2527 Igitur
1856 2432 2229 2530 principes
2291 2431 2678 2530 sangvinis
2716 2428 3049 2505 acrefor-

824 2563 1065 2632 matae
1105 2554 1508 2652 religionis,
1568 2557 1693 2655 qui
1731 2557 1964 2655 priori
2003 2556 2204 2633 bello
2244 2558 2483 2655 pactis
2516 2563 2896 2653 utrumque
2949 2573 3045 2626 sc·

834 2682 982 2756 dati
1041 2690 1273 2777 erant,
1333 2684 1478 2757 sibi
1539 2691 1866 2759 metuere
1923 2693 2346 2782 coeperunt,
2405 2684 2599 2781 quod
2653 2682 2910 2758 foedus
2963 2680 3047 2752 ic·

822 2817 993 2900 tum,
1053 2810 1322 2883 bellum
1383 2816 1604 2906 atque
1663 2810 2063 2886 exercitum
2116 2810 2191 2884 in
2250 2809 2586 2908 proximo
2643 2818 2718 2883 et
2772 2810 2847 2884 in
2900 2828 3047 2881 con·

823 2935 1031 3031 tigua
1069 2934 1212 3008 sibi
1251 2935 1635 3032 provincia
1656 2945 2015 3030 paratum,
2056 2944 2129 3012 et
2168 2936 2240 3009 in
2276 2945 2618 3035 promptu
2659 2958 2848 3028 esse,
2886 2933 3050 3010 alia-

829 3084 967 3157 que
1008 3061 1275 3154 omnia,
1319 3085 1506 3158 quae
1563 3070 1988 3159 agerentur,
2047 3063 2236 3137 bene
2275 3059 2834 3159 intelligerent:
2874 3057 3048 3158 quod

824 3193 1045 3285 pacta
1112 3209 1256 3262 non
1314 3187 1724 3277 observari,
1786 3195 1859 3262 et
1896 3211 2147 3283 regem
2211 3185 2321 3263 VI
2381 3187 2614 3261 millia
2692 3186 3049 3262 Helvetio-

826 3337 983 3388 rum
1022 3314 1313 3389 noviter
1353 3312 1889 3411 conscripsisse
1932 3313 2285 3387 viderent.
2331 3311 2737 3411 Postquam
2782 3334 2952 3387 vero
2988 3315 3052 3382 ct

820 3438 1122 3515 nuncios
1147 3461 1235 3512 ac
1256 3435 1568 3530 litteras,
1593 3459 1781 3532 quae
1803 3436 1996 3523 ultro
2021 3437 2350 3533 citroque
2391 3436 2925 3525 commeabant,
2959 3436 3051 3508 in·

819 3575 1223 3664 tercepere,
1264 3564 1446 3638 nihil
1491 3563 1967 3640 dubitandum
2007 3564 2150 3639 rati
2207 3572 2395 3655 sunt,
2439 3586 2654 3637 unum
2695 3587 2879 3658 ergo
2916 3572 3053 3637 tan·

820 3703 993 3786 tum,
1032 3716 1122 3767 ne
1162 3691 1268 3767 uti
1306 3692 1591 3788 Belgae
1624 3691 1972 3788 imparati
1996 3690 3055 3789 opprimerentur,metuebant,

823 3819 1274 3917 primumque
1315 3817 1410 3892 ad
1448 3840 1703 3912 regem
1745 3816 2243 3912 querimonias
2286 3815 2599 3907 deferre,
2651 3823 2725 3889 et
2766 3825 2846 3892 ut
2884 3816 3056 3891 edic·

822 3954 972 4020 tum
1014 3946 1475 4035 observetur,
1501 3951 1798 4040 petere:
1841 3951 1991 4018 tum
2035 3941 2404 4039 flagitare,
2428 3948 2505 4014 ut
2526 3942 2762 4016 Italos
2802 3965 3058 4021 omnes,

822 4072 944 4169 qui
980 4071 1420 4145 seditionum
1463 4075 1720 4144 essent
1761 4077 2082 4162 autores,
2108 4075 2325 4165 atque
2346 4089 2701 4142 novarum
2721 4068 3061 4168 impositi·

819 4222 1033 4273 onum
1074 4222 1163 4272 ac
1204 4196 1664 4287 tributorum,
1726 4196 1964 4294 ipsam
2009 4219 2296 4293 quoque
2337 4195 2671 4291 reginam
2709 4202 3051 4293 tanquam

821 4348 1177 4399 novarum
1241 4347 1483 4398 rerum
1533 4322 1896 4421 cupidam,
1929 4331 2001 4397 et
2057 4323 2173 4397 cui
2229 4321 2543 4419 amplius
2584 4320 2892 4396 credere
2932 4346 3059 4396 uon

824 4458 1148 4545 possent,
1211 4450 1304 4523 ab
1367 4448 1539 4523 aula
1595 4456 1996 4536 amoveret,
2075 4448 2391 4545 denique
2467 4468 2775 4542 regnum
2833 4448 3057 4552 ipsum

820 4581 1220 4649 convocato
1269 4574 1577 4651 concilio
1628 4576 1872 4670 gentis
1911 4599 2004 4650 ex
2043 4574 2335 4670 publico
2394 4571 2712 4649 omnium
2752 4582 3057 4650 statuum
