3293 5219
877 290 978 366 22

878 508 1223 583 catricem
1263 508 1578 606 reliquit.
1619 507 2138 603 Beglerbegus
2175 508 2375 582 tristi
2411 508 2610 581 fama
2650 514 3085 604 expugnatae

876 634 1217 725 civitatis,
1234 644 1305 710 et
1326 636 1560 710 nostri
1586 633 1953 709 exercitus
1974 658 2271 710 numero
2296 643 2366 708 et
2384 637 2649 710 robore
2672 631 3075 731 praevalen-

875 760 992 851 tis,
1017 762 1229 836 simul
1269 761 1498 836 adulti
1538 761 1855 836 autumni
1898 762 1969 834 in
1993 761 2300 835 hiemem
2339 770 2411 836 et
2449 762 2798 835 hibernos
2835 759 3083 833 imbres

873 889 1352 986 praecipitem
1386 889 1858 963 mutationem
1879 889 2165 977 timens,
2192 897 2357 985 post
2381 887 2878 963 duodecimam
2907 885 3090 972 diem,

878 1037 1093 1111 quam
1138 1017 1556 1093 obsederat.
1618 1016 2148 1089 Temesvarum
2187 1015 2519 1111 reliquit3
2560 1014 2796 1088 triduo
2838 1012 3093 1087 Loson-

882 1140 995 1215 cio
1033 1141 1291 1216 iisdem
1335 1142 1676 1237 vestigiis
1716 1141 2142 1214 insistente.
2204 1149 2274 1214 et
2335 1141 2535 1215 velut
2575 1139 2956 1214 victoriam
2994 1161 3096 1211 ex-

871 1270 1295 1367 probrante.
1336 1269 1546 1343 modo
1588 1267 2053 1355 novissimos,
2079 1269 2289 1341 modo
2312 1269 2583 1343 effusos
2604 1290 2930 1364 carpere.
2973 1263 3097 1339 Eo·

876 1394 1037 1468 dem
1078 1393 1338 1468 itinere
1381 1395 1472 1468 ad
1541 1391 1812 1468 Fellak
1869 1396 2251 1469 castellum
2314 1395 2628 1481 diverso,
2689 1402 2760 1467 et
2818 1391 3097 1466 Kaidaz

874 1543 1020 1616 aga
1058 1520 1431 1617 praefecto
1473 1518 1824 1620 praesidii
1876 1520 1948 1592 in
1990 1522 2520 1617 praecedentes
2560 1519 2846 1616 equites
2889 1541 3099 1593 erum-

870 1653 1111 1745 pente,
1152 1645 1243 1719 ab
1284 1646 1750 1721 subsidiariis
1791 1653 1988 1720 retro
2032 1646 2346 1743 pellitur,
2370 1654 2443 1720 et
2481 1646 2728 1720 statim
2753 1669 2888 1742 per
2909 1654 3104 1741 terga

876 1771 1192 1847 hostiurn
1251 1780 1607 1868 occupato
1668 1781 1889 1870 ponte
1948 1774 2021 1845 in
2083 1773 2459 1848 castellum
2503 1773 2854 1870 irrumpit,
2899 1772 3080 1848 omni

882 1900 1022 1973 bus
1064 1906 1188 1972 aut
1227 1900 1485 1997 captiS,
1526 1900 1598 1972 in
1640 1901 1848 1996 queis
1889 1901 2185 1974 Kaidaz
2226 1926 2408 1997 aga,
2456 1911 2579 1976 aut
2625 1900 2890 1974 caesis.
2950 1899 3086 1974 Ulu

881 2049 1047 2099 man
1090 2025 1365 2119 begus,
1407 2025 1603 2100 mille
1646 2033 1720 2099 et
1759 2028 2176 2123 quingentis
2216 2050 2507 2102 suorum
2545 2026 2924 2125 plerisque
2964 2049 3109 2099 sau·

877 2151 1011 2226 ciis
1072 2150 1144 2224 in
1204 2176 1445 2226 arcem
1509 2163 1986 2252 pervaserat3
2047 2164 2299 2229 contra
2360 2154 2608 2229 statim
2657 2154 2944 2227 directa
2982 2161 3109 2227 tor-

882 2285 1165 2370 menta3
1226 2302 1359 2352 nec
1422 2279 1551 2353 ille
1613 2281 1906 2365 deerat,
1966 2283 2216 2356 fossas
2257 2291 2328 2355 et
2367 2304 2689 2376 aggeres
2726 2281 3110 2354 introrsum

876 2411 1183 2479 struere.
1227 2402 1375 2479 Sed
1416 2405 1593 2479 nihil
1639 2431 1872 2503 acque
1911 2409 2313 2504 premebat,
2355 2432 2565 2504 quam
2607 2408 2862 2480 fames.
2910 2405 3112 2481 Unde

873 2530 935 2604 si
973 2530 1360 2605 incolumis
1403 2556 1559 2605 cum
1603 2534 1756 2607 suis
1818 2534 2343 2626 dimitteretur,
2414 2557 2655 2607 arcem
2713 2531 3113 2606 dediturum

869 2657 1179 2733 nunciat.
1224 2658 1339 2730 Ad
1380 2660 1562 2734 haec
1605 2658 2124 2748 Castald11s‚in
2169 2663 2544 2737 arbitrium
2588 2660 2965 2759 principis,
3005 2657 3113 2756 qui

872 2782 1320 2859 clementissi
1331 2809 1486 2860 mus
1512 2796 1734 2876 esset,
1759 2811 1983 2884 seque
2020 2797 2092 2863 et
2113 2812 2352 2863 arcem
2378 2788 2697 2880 dederet,
2718 2784 3114 2883 respondit.

872 2910 983 2983 Eo
1022 2934 1403 3008 respons0‚
1449 2938 1604 2989 cum
1649 2915 2147 3011 captivitatem
2191 2915 2330 2990 sibi
2390 2924 2461 2989 et
2503 2915 2656 2989 suis
2697 2909 3114 2988 denunciari

867 3036 1087 3110 facile
1109 3037 1575 3134 intelligeret,
1600 3043 1693 3114 ad
1720 3039 2120 3136 Georgium
2148 3066 2545 3117 conversus
2584 3042 2827 3139 palam
2861 3060 3116 3138 preces

872 3162 2768 3263 etviresostendere,clampromissaobtendere:sise
2800 3173 3117 3240 ceteros-

871 3311 1009 3386 que
1030 3295 1138 3363 tot
1161 3289 1513 3365 militares
1530 3293 1730 3366 viros
1748 3293 2000 3367 salvos
2023 3293 2438 3385 dimitteret,
2475 3300 2750 3368 tantam
2777 3294 2976 3390 apud
2998 3293 3124 3370 So.

874 3415 1238 3513 lymanum
1280 3418 1437 3512 ejus
1477 3418 1810 3493 beneficii
1853 3419 2171 3515 gratiam
2208 3421 2386 3506 fore,
2426 3427 2501 3493 ut
2560 3420 2754 3492 haud
2793 3418 3016 3493 dubie
3054 3421 3122 3493 in

869 3541 1481 3618 Transsilvaniae
1495 3546 2029 3640 gubernatione
2043 3546 2412 3642 priorique
2426 3545 2862 3620 auctoritate
2884 3546 3120 3645 ipsum

866 3668 1236 3757 retineret,
1262 3669 1473 3742 modo
1499 3672 1710 3745 novis
1732 3671 2111 3746 beneficiis
2153 3697 2239 3745 ac
2278 3673 2542 3766 gratiis
2583 3673 2818 3748 locum
2842 3674 3120 3771 optima

870 3794 1261 3869 occasione
1275 3806 1597 3892 pararet.
1616 3796 1884 3873 Procul
1899 3799 2115 3874 dubio
2133 3808 2653 3874 concusserant
2679 3799 2863 3872 haec
2886 3797 3119 3874 Geor·

870 3921 1089 4017 gium,
1112 3929 1184 3996 et
1202 3929 1554 4019 reputans
1578 3947 1846 4014 secum,
1885 3952 2071 4024 quae
2116 3927 2308 4001 vires
2350 3936 2598 4002 essent
2645 3927 3112 4012 Ferdinandi,

874 4070 1058 4141 quae
1080 4049 1407 4146 potentia
1430 4060 1687 4127 contra
1711 4050 2112 4152 Solymani,
2134 4055 2372 4128 futura
2419 4033 2491 4128 et
2513 4053 2858 4158 graviora
2895 4064 3119 4128 metu·

868 4170 1058 4256 ebat3
1076 4180 1149 4246 et
1173 4184 1443 4264 ser0,ut
1465 4186 1579 4253 est
1601 4180 1672 4251 in
1697 4180 2752 4281 proverbio,sapiens,consilia
2777 4188 2945 4277 post
2964 4181 3117 4253 fac-

867 4300 1014 4367 tum
1058 4299 1324 4373 stolida
1365 4304 1812 4398 poenitentia
1854 4309 2254 4383 volutabat.
2306 4287 2666 4384 Hostibus
2707 4314 2945 4382 tamen
2989 4307 3114 4383 du-

870 4443 1071 4494 orum
1132 4430 1202 4495 et
1260 4428 1516 4522 viginti
1578 4432 1853 4506 dierum
1914 4435 2242 4509 induciae
2322 4461 2404 4508 cx
2470 4432 2758 4509 consilii
2816 4434 3110 4510 decreto

870 4545 1208 4622 hortante
1247 4549 1573 4648 Georgio
1614 4549 2036 4652 concessae,
2065 4564 2200 4635 sub
2243 4564 2500 4657 quibus
2542 4586 2674 4657 per
2714 4561 2898 4635 fidos
2938 4585 3115 4635 nun·
