3293 5219
2473 284 2628 364 391

377 497 452 572 in
495 496 796 584 Leodio,
837 496 908 570 in
953 496 1382 591 Hollandia‚
1425 503 1633 597 cnjus
1676 509 1897 597 caput
1935 510 2096 577 erat
2136 503 2626 596 Prederotus‚

378 623 492 698 vir
531 624 627 696 ab
667 621 1037 697 universis
1077 623 1257 698 mire
1315 633 1629 714 amatus,
1672 635 1744 702 et
1802 629 1923 724 qui
1964 653 2275 725 magnas
2316 653 2437 705 res
2479 655 2630 706 mo-

374 757 580 823 turus
603 754 824 846 atque
846 755 1200 844 gesturus
1241 751 1586 843 erat‚nisi
1611 752 1693 826 in
1732 753 1896 850 ipso
1938 754 2114 828 belli
2170 756 2436 830 ardore
2474 757 2628 830 fato

372 877 666 949 functus
721 874 1140 949 fuisset.1n
1179 875 1497 952 diversis
1570 903 1753 975 ergo
1811 881 2149 978 partibus
2190 883 2503 956 castella
2557 889 2632 956 et

374 1000 648 1099 oppida
688 1002 1259 1098 occupabantur,
1306 1010 1379 1076 et
1436 1005 1730 1101 praelia
1770 1006 2066 1100 fiebant,
2110 1009 2444 1104 quamvis
2483 1030 2630 1081 non

374 1125 903 1201 memorabilia.
1001 1123 1149 1199 Sed
1205 1127 1570 1202 tamenin
1614 1129 1864 1204 Frisia
1911 1132 2119 1225 justo
2161 1130 2443 1229 praelio
2523 1133 2626 1206 di-

375 1253 715 1328 micatum
757 1259 872 1326 est
933 1280 948 1324 ε
1009 1253 1370 1348 siquidem
1448 1254 1823 1330 Ludovico
1892 1258 2135 1331 comiti
2214 1259 2625 1346 Naxoviae‚

378 1380 596 1454 fratri
669 1378 1026 1477 principis
1102 1378 1571 1475 Aurangiae,
1668 1404 1914 1456 comes
1992 1382 2082 1456 de
2163 1382 2628 1481 Aremberga

373 1506 752 1602 generalis
829 1506 974 1579 dux
1037 1506 1351 1581 omnium
1412 1501 1788 1604 copiarum
1828 1508 2127 1600 Albani,
2197 1533 2356 1584 cum
2413 1535 2624 1586 exer-

371 1633 517 1708 citu
558 1633 654 1707 ad
696 1630 1161 1728 Gruningam
1220 1634 1558 1731 occurrit,
1602 1636 1725 1732 qui
1767 1636 2100 1732 peditatu
2138 1638 2616 1734 praestabat3

374 1766 588 1833 erant
665 1757 855 1831 enim
948 1757 1450 1855 Hispanorum
1530 1760 1972 1834 selectorum
2050 1769 2272 1858 atque
2330 1762 2625 1859 expedi-

369 1890 609 1957 torum
669 1881 815 1955 tria
873 1878 1104 1955 millia
1156 1890 1228 1955 et
1267 1882 1675 1979 quingenti.
1725 1883 1922 1960 Aere
1964 1895 2036 1961 et
2076 1893 2450 1960 cruentum
2488 1887 2626 1961 fuit

366 2009 727 2109 praelium
751 2006 1151 2082 Germanis
1194 2009 1644 2085 victoribus:
1687 2035 1855 2084 nam
1897 2010 2256 2108 Hispanis
2299 2012 2624 2086 obstina-

366 2135 655 2212 tissime
709 2135 1211 2232 pugnantibus
1270 2156 1524 2209 omnes
1587 2138 1684 2209 ad
1744 2160 1961 2211 unum
2020 2137 2399 2212 occidione
2451 2146 2624 2213 sunt

371 2263 619 2340 occisi.
665 2261 807 2352 Qui
864 2262 1052 2335 enim
1094 2261 1240 2334 vivi
1283 2261 1358 2335 in
1415 2285 1674 2336 manus
1737 2270 2116 2354 venerant,
2157 2263 2208 2336 ii
2249 2285 2538 2373 quoque
2577 2288 2623 2337 a

364 2389 673 2488 praelio,
713 2387 941 2462 veluti
980 2387 1133 2462 suis
1191 2396 1693 2485 parentarent5
1757 2411 1942 2485 quos
2002 2388 2340 2463 Albanus
2383 2391 2621 2485 quoti-

364 2515 486 2590 die
562 2512 998 2605 trucidabat,
1067 2510 1452 2611 -supplicio
1530 2513 1777 2588 affecti
1870 2521 2062 2589 sunt.
2181 2511 2450 2588 Comes
2529 2514 2619 2590 de

375 2642 843 2736 Aremberga
883 2640 1272 2713 confossus
1314 2639 1526 2713 vivus
1567 2640 1639 2713 in
1676 2648 2118 2738 potestatem
2140 2640 2461 2714 hostium
2499 2664 2620 2715 ve-

363 2770 492 2862 nit,
552 2767 685 2843 sed
742 2765 817 2838 in
892 2764 1157 2838 itinere
1221 2788 1312 2838 ex
1351 2766 1727 2860 gravitate
1809 2767 2186 2841 vulnerum
2273 2766 2617 2843 decessit.

368 2894 584 2971 Multi
622 2900 1018 2991 praeterea
1058 2891 1303 2984 ducoe,
1364 2899 1436 2965 et
1469 2892 1809 2967 illustres
1850 2892 1990 2967 viri
2053 2917 2139 2968 eo
2171 2895 2457 2992 praelio
2499 2893 2621 2967 de-

367 3019 672 3097 siderati
735 3025 924 3107 sunt,
985 3016 1265 3091 amissa
1321 3026 1685 3092 tormenta
1743 3043 1978 3093 aenea
2038 3027 2260 3117 atque
2319 3020 2619 3118 impedi·

365 3153 611 3221 menta
667 3144 930 3231 omnia,
972 3144 1308 3241 supellex
1352 3151 1714 3240 argentea
1754 3145 2037 3219 comitis
2080 3144 2622 3241 Arembergcn-

366 3274 491 3361 ais²
535 3280 609 3347 et
646 3269 999 3345 menstrui
1040 3269 1503 3366 stipendium.
1553 3272 1670 3343 Ex
1707 3270 2048 3345 hostibus
2088 3278 2385 3367 praeter
2425 3270 2617 3345 alios

365 3424 510 3475 non
565 3399 671 3473 ita
728 3394 979 3491 magni
1040 3394 1370 3486 nominis,
1430 3394 1819 3492 Adolphus
1868 3395 2103 3468 frater
2142 3393 2502 3469 Ludovici
2543 3402 2615 3469 et

367 3524 731 3621 Aurangii
814 3520 1282 3596 desideratus
1343 3530 1478 3596 est.
1543 3519 1881 3595 Albanus
1940 3519 2219 3593 amisso
2282 3519 2611 3595 exercitu

365 3664 602 3728 novas
643 3650 897 3748 copias
935 3649 1531 3739 conscribendas,
1558 3656 1631 3722 et
1668 3645 2022 3742 reliquias
2063 3647 2604 3721 contrahendas

364 3779 644 3853 statuit.
687 3777 877 3851 Nam
914 3774 1183 3872 partim
1223 3774 1356 3851 ira.
1417 3775 1683 3871 partim
1722 3779 1799 3848 ut
1840 3771 2311 3848 contraheret
2341 3772 2615 3869 copias,

369 3926 560 4001 quae
601 3902 1001 3976 distractae
1044 3907 1274 3992 erant,
1332 3899 1407 3972 in
1449 3901 1749 3974 diversa
1789 3899 1955 3973 loca
1998 3896 2485 3994 civitatesque
2523 3898 2621 3971 ad

378 4027 903 4105 custodiendos
947 4026 1282 4124 captivos
1322 4024 1678 4101 XXVIII
1734 4026 2065 4098 illustres
2127 4032 2200 4097 et
2253 4024 2624 4098 nobilissi-

364 4177 522 4231 mos
564 4153 765 4228 viros
806 4152 1090 4227 duobus
1129 4159 1410 4226 tantum
1451 4152 1710 4227 diebus
1754 4155 1826 4224 et
1857 4148 1932 4221 id
1957 4148 2388 4241 Brussellis,
2419 4146 2618 4223 Gan-

365 4280 538 4355 davi
581 4280 877 4369 XVIII,
934 4280 1009 4352 in
1067 4278 1236 4353 aliis
1298 4280 1724 4355 civitatibus
1784 4275 1996 4367 alios,
2056 4275 2297 4351 tribus
2358 4276 2620 4350 deinde

364 4407 648 4498 diebus,
724 4414 895 4504 post
967 4405 1245 4479 crudeli
1297 4414 1369 4479 et
1444 4402 1746 4502 indigno
1844 4402 2183 4499 exemplo
2260 4391 2619 4477 abductos

366 4530 730 4608 Gandavo
786 4532 1124 4607 comitem
1166 4529 1759 4627 Agamontanum
1818 4538 1890 4605 et
1947 4528 2285 4605 comitem
2326 4528 2617 4605 Horna-
