3293 5219
790 277 943 353 282

785 496 1033 586 ferire,
1073 493 1225 571 tela
1262 495 1601 584 missilia,
1642 495 2122 594 sulphuream
2141 496 2522 570 materiem
2560 498 2900 571 certatim
2935 495 3044 569 in-

786 644 1070 717 gerere.
1109 622 1335 698 Irrita
1373 621 1925 721 oppugnatione
1963 621 2236 695 milites
2266 622 2623 696 revocati.
2683 619 3049 697 Cecidere

786 770 876 821 ex
973 746 1432 821 caesarianis
1490 743 1655 835 DC,
1729 746 1984 843 plures
2044 744 2300 820 saucii.
2366 745 2556 820 Erat
2628 769 3052 844 propugna-

783 875 1028 950 culum
1062 874 1389 949 validum
1447 872 1759 948 materia
1800 880 2294 964 exstructum,
2351 894 2440 947 eo
2478 872 2821 948 fossores
2870 876 3042 949 sub·

786 1001 1185 1092 mittuntur,
1224 1008 1575 1098 terraque
1616 1007 1902 1096 egesta,
1941 998 2241 1073 funibus
2327 1006 2402 1074 et
2439 1000 2725 1075 catenis
2772 1000 3047 1077 robora

787 1125 1240 1223 vinciuntur3
1284 1148 1471 1222 quae
1507 1124 1638 1200 ubi
1674 1148 1950 1221 magna
1967 1123 2044 1198 vi
2082 1124 2346 1199 evulsa
2383 1132 2574 1218 sunt,
2613 1126 2850 1201 moles
2888 1150 3044 1202 cor·

786 1252 954 1346 ruit;
993 1251 1163 1326 inde
1204 1259 1469 1349 coepta
1509 1250 1752 1325 medio
1793 1250 1939 1325 diei
1979 1250 2312 1326 secunda
2332 1251 2811 1350 oppugnatio.
2852 1249 3044 1327 Cae-

787 1378 1109 1453 sarianis
1151 1378 1439 1474 glacies
1476 1401 1748 1473 magno
1787 1367 2166 1453 commodo
2203 1377 2373 1463 fuit,
2414 1377 2610 1475 quod
2646 1378 2812 1453 sine
2847 1380 3042 1478 peri-

781 1502 946 1599 culo
985 1503 1410 1597 transirent,
1470 1511 1548 1579 et
1604 1504 1915 1579 subinde
1951 1504 2125 1580 novi
2181 1504 2257 1580 in
2292 1505 2658 1603 praelium
2695 1507 3039 1593 succede·

778 1639 962 1724 rent3
1000 1632 1379 1729 perfracta
1396 1637 1641 1705 tamen
1661 1651 1804 1704 uno
1824 1629 1900 1705 in
1936 1629 2102 1705 loco
2122 1626 2390 1706 multos
2429 1630 2739 1706 militum
2777 1629 3041 1708 hausit.

782 1756 945 1832 Illis
985 1778 1175 1852 quae
1196 1754 1519 1831 maxima
1539 1755 1918 1854 praesidia
1939 1763 2172 1847 erant,
2195 1747 2334 1832 duo
2356 1755 2692 1851 ingentia
2725 1755 3039 1833 flumina,

782 1880 1135 1980 temporis
1172 1881 1441 1977 injuria
1479 1880 1556 1955 in
1593 1880 2043 1957 contrarium
2060 1903 2306 1977 versa3
2349 1881 2447 1955 ad
2482 1882 2672 1956 haec
2706 1882 2786 1956 vi
2825 1890 3039 1980 atque

784 2006 1245 2085 multitudine
1284 2009 1831 2107 superabantur
1866 2035 1883 2106 ;
1933 2030 2174 2106 neque
2210 2008 2716 2085 sustinuerunt
2755 2008 3037 2100 diutiuS,

785 2136 920 2211 sed
955 2133 1379 2211 interiorem
1418 2134 1494 2211 in
1551 2159 1801 2210 arcem
1843 2136 2159 2211 obscuro
2187 2138 2347 2233 jam
2385 2134 2531 2210 diei
2570 2156 2743 2210 sese
2780 2134 3036 2233 recipi-

783 2270 934 2355 unt,
971 2262 1184 2337 fossa
1260 2270 1336 2338 et
1408 2285 1614 2338 muro
1710 2262 2003 2338 etiamsi
2058 2262 2407 2356 validam,
2466 2262 2763 2337 minime
2801 2270 3036 2338 tamen

786 2389 1205 2464 duraturam
1244 2389 1607 2466 adversus
1642 2394 2012 2465 tormenta
2050 2388 2508 2488 praevalida,
2541 2396 2617 2464 et
2657 2387 2876 2486 aquis
2915 2388 3035 2462 ini·

786 2537 928 2613 quo
986 2515 1193 2589 coelo
1248 2514 1542 2612 gelatis,
1600 2515 2079 2591 Adsultatum
2136 2523 2253 2591 est
2309 2512 2594 2614 aliquot
2656 2515 2843 2607 dies,
2880 2538 3035 2612 pro-

784 2647 1335 2739 pugnatumque
1393 2640 1590 2717 haud
1668 2642 1927 2734 minus,
2007 2644 2174 2718 dum
2213 2643 2587 2742 Nemethy
2663 2642 3033 2741 superfuit.

783 2764 1197 2862 Postquam
1251 2766 1407 2863 pila
1460 2768 1809 2843 tormenti
1867 2767 2155 2862 cecidit,
2221 2768 2563 2844 induciae
2619 2768 2922 2866 petitae,
2959 2775 3029 2841 et

794 2890 942 2966 diei
982 2890 1250 2966 saltem
1292 2891 1509 2987 datis,
1549 2919 1690 2969 arx
1726 2903 1945 2993 pacto
1984 2896 2326 2971 traditur.
2366 2895 2562 2971 Nam
2582 2893 2864 2972 auxilia
2898 2901 3034 2969 tar·

789 3017 885 3092 da
929 3024 1163 3109 erant,
1206 3024 1281 3092 et
1317 3019 1659 3111 retinere,
1742 3021 1925 3096 duce
1964 3021 2263 3117 amisso,
2302 3022 2826 3121 desperabant.
2862 3018 3035 3095 Cae-

787 3141 1068 3218 sariani
1128 3165 1415 3241 quoque
1470 3168 1754 3222 moram
1811 3170 2100 3224 omnem
2140 3147 2637 3246 periculosam
2672 3146 3032 3221 rebantur.

787 3265 1269 3343 Conditiones
1305 3254 1512 3345 fuere
1549 3299 1565 3344 ε
1620 3278 1701 3347 ut
1736 3271 1925 3372 ipsis
1970 3273 2228 3366 salvis,
2288 3274 2663 3370 armisque
2701 3267 3034 3371 propriis,

789 3417 879 3469 ac
917 3392 1250 3468 vestibus
1272 3394 1482 3469 abire
1502 3394 1747 3490 liceat,
1825 3406 1899 3472 et
1935 3419 2202 3496 corpus
2241 3396 2614 3496 Nemethy
2658 3402 3034 3494 asportare

784 3541 972 3612 una3
1009 3524 1233 3615 utque
1288 3519 1364 3593 in
1402 3527 1662 3615 tutum,
1728 3521 2083 3619 adjuncta
2125 3522 2471 3598 comitiva
2493 3577 2512 3616 ,
2572 3522 3032 3597 deducantur.

781 3642 1319 3739 Quadringenti
1339 3668 1612 3741 omnes,
1625 3650 1865 3745 major
1884 3673 2063 3747 pars
2087 3649 2343 3744 saucii,
2360 3671 2630 3748 corpus
2651 3641 3016 3724 Nemethii

794 3769 1060 3846 mediis
1095 3771 1472 3869 tapetibus
1510 3776 2267 3870 gestantes,funebris
2304 3797 2621 3874 pompae
2658 3774 2738 3849 in
2772 3793 3033 3849 morem

785 3898 1109 3989 exivere,
1148 3898 1336 3985 truci
1382 3922 1473 3974 ac
1508 3900 1874 3978 minitanti
1912 3901 2119 3978 vultu
2155 3902 2427 4002 potius,
2466 3926 2689 3999 quam
2724 3903 3030 3986 moesto;

791 4023 898 4097 ibi
950 4028 1250 4119 reperta
1322 4036 1578 4106 111100
1655 4049 1840 4102 vasa
1910 4026 2064 4102 vini
2147 4025 2619 4119 nobilissimi,
2691 4021 3031 4125 pecuniae

799 4148 879 4223 X
952 4145 1186 4222 millia
1239 4171 1629 4227 nummum.
1716 4150 1957 4250 Capto
2034 4154 2337 4249 Tokajo
2410 4174 2549 4227 sua
2623 4159 2698 4227 et
2734 4148 3028 4226 aliorum

812 4271 1153 4371 opinione
1194 4273 1450 4370 citius,
1507 4301 1649 4352 arx
1694 4276 2022 4355 Serench
2058 4305 2107 4364 a
2141 4289 2355 4376 tergo
2392 4298 2543 4351 non
2600 4283 2762 4351 erat
2820 4269 3026 4349 relin-

805 4396 1120 4496 quenda,
1206 4400 1581 4478 Nemethii
1634 4403 2015 4501 praesidio
2066 4412 2291 4481 tenta.
2364 4403 2646 4478 Missus
2686 4420 2861 4497 ergo
2893 4395 3029 4471 Ba·

802 4524 1012 4600 lassa
1065 4548 1225 4601 cum
1282 4530 1631 4628 expedita
1669 4555 1908 4609 manu.
1970 4533 2094 4609 Illi
2133 4532 2356 4608 etiam
2394 4537 2773 4633 comperta
2805 4528 3025 4600 morte
