3293 5219
2355 342 2513 417 423

248 562 480 626 ceret.
503 550 651 626 Sed
672 551 996 626 Mathias
1025 551 1512 648 principatum
1537 550 1985 627 Sclavoniae
2007 555 2160 628 filio
2186 557 2504 632 donave-

252 686 374 752 rat
414 678 681 775 amplis
720 677 1159 775 privilegiis,
1203 700 1415 773 quem
1455 666 1788 752 etiam'in
1828 703 2058 775 regno
2103 681 2505 757 succedere

249 803 509 893 voluit,
568 803 635 877 si
688 811 1161 899 praematura
1219 810 1454 878 morte
1512 812 1956 896 praeventus
2013 830 2158 880 non
2219 807 2506 882 fuisset.

247 928 439 1007 Cum
478 952 657 1005 vero
700 930 923 1025 paulo
961 938 1133 1027 ante
1171 938 1480 1006 mortem
1520 954 1870 1026 proceres
1909 933 2274 1030 petiisset,
2316 940 2396 1007 ut
2434 931 2512 1004 fi-

247 1058 430 1130 lium
467 1056 543 1130 in
581 1078 836 1153 regem
876 1064 1359 1145 assumerent,
1402 1058 1819 1131 maluerunt
1855 1060 2284 1154 praesentia
2321 1082 2511 1133 com·

250 1181 493 1273 moda,
550 1188 632 1257 ut
669 1181 855 1279 ipsis
906 1189 1056 1257 tum
1113 1181 1522 1269 videbatur,
1579 1191 1943 1277 spectare,
1984 1207 2201 1282 quam
2241 1184 2512 1259 diutur-

251 1331 427 1381 nam
465 1331 557 1381 ac
595 1315 1023 1404 perpetuam
1061 1308 1554 1382 securitatem.
1597 1308 1790 1382 Nam
1828 1309 1904 1382 in
1945 1311 2402 1407 amplissimo
2441 1318 2514 1383 et

251 1431 816 1531 opulentissimo
857 1456 1090 1529 regno
1128 1435 1272 1533 ipsi
1311 1433 1684 1525 florentes,
1728 1433 1895 1507 dum
1937 1434 2248 1531 quisque
2287 1458 2509 1531 auge·

255 1581 335 1631 re
375 1557 784 1652 potentiam
823 1558 1138 1649 student,
1183 1558 1425 1633 debile
1465 1583 1555 1632 ac
1611 1558 2163 1654 langvefactum
2202 1540 2552 1653 regnum‘

249 1682 578 1780 posteris
616 1682 1218 1771 transmittentes,
1264 1683 1473 1757 brevi
1538 1704 1715 1756 suos
1754 1690 1977 1779 atque
2016 1684 2338 1780 patriam
2375 1684 2508 1758 ini-

248 1808 603 1883 micorum
659 1810 998 1883 servituti
1070 1810 1465 1884 tradidere.
1527 1808 1764 1902 Adeo,
1814 1810 1890 1883 in
1929 1786 2231 1905 longum
2270 1810 2510 1884 differ-

251 1959 351 2027 re,
393 1933 591 2032 quod
627 1941 909 2009 mature
966 1959 1201 2033 aeque
1242 1937 1431 2012 bene
1473 1936 1843 2033 praestari
1892 1943 2161 2033 potest,
2219 1938 2504 2034 pericu-

242 2058 487 2136 losum
525 2066 660 2134 est.
689 2060 1031 2136 -Mathias
1093 2063 1283 2137 enim
1321 2062 1740 2138 Johannem
1797 2062 2045 2151 filium,
2085 2062 2151 2135 si
2205 2071 2507 2155 mature,

247 2187 353 2259 uti
393 2186 648 2261 facere
668 2194 977 2283 poterat,
1000 2188 1142 2261 sibi
1165 2187 1637 2283 sublegisset,
1662 2186 1998 2261 omnibus
2040 2187 2272 2279 malis,
2287 2212 2510 2285 quae-

245 2333 532 2407 cunque
591 2311 952 2387 hactenus
991 2314 1334 2411 perpessi
1378 2335 1666 2403 sumus,
1726 2319 1853 2387 aut
1882 2312 2230 2409 deinceps
2276 2316 2507 2411 patie-

248 2460 430 2529 mur,
467 2460 604 2512 nos
643 2439 966 2513 liberare
1003 2440 1391 2537 potuisset.
1421 2437 1772 2514 Attamen
1809 2439 1971 2535 ipse
1995 2437 2505 2534 reprehensio-

246 2587 338 2639 ne
376 2570 603 2656 caret,
654 2564 870 2661 quod,
923 2588 1113 2662 quae
1150 2564 1315 2661 ipse
1356 2564 1453 2638 ad
1493 2564 2054 2663 perpetuitatem
2090 2564 2304 2659 regni
2342 2589 2501 2663 per-

244 2691 468 2764 ficere
551 2711 697 2763 non
774 2691 1009 2787 potuit
1045 2718 1061 2762 :
1138 2691 1453 2780 monuit,
1549 2691 1832 2780 suasit,
1909 2690 2211 2788 petivit3
2291 2698 2366 2766 et
2440 2692 2506 2765 si

249 2826 515 2892 contra
551 2818 910 2907 facerent,
949 2816 1323 2911 praedixit
1382 2816 1643 2907 omnia,
1686 2838 1877 2912 quae
1916 2836 2231 2889 evenere
2270 2815 2506 2910 mala3

246 2944 356 3018 illi
397 2938 580 3016 mihi
621 2941 958 3018 omnibus
998 2941 1180 3016 dir-is
1218 2942 1874 3039 imprecationibus
1916 2942 2361 3017 exsecrandi
2401 2942 2506 3014 vi-

249 3070 534 3161 dentur,
576 3069 700 3166 qui
738 3068 1053 3165 patriam
1073 3066 1642 3164 flagitiosissimi
1678 3072 2032 3163 quaestus
2072 3088 2301 3141 causa
2342 3091 2507 3164 pro·

249 3196 616 3271 didernnt.
659 3195 836 3268 Mox
876 3195 1088 3286 enim,
1125 3195 1252 3268 ubi
1291 3193 1619 3268 Mathias
1662 3191 2008 3282 excessit,
2048 3213 2181 3287 per
2222 3215 2506 3266 omnem

246 3322 630 3397 licentiam
679 3329 899 3416 atque
957 3320 1333 3394 libidinem
1385 3317 1825 3407 diffluentes,
1866 3315 1993 3388 alii
2032 3313 2343 3389 aliorum
2382 3315 2504 3389 bo·

250 3472 349 3522 na
386 3468 525 3545 per
584 3446 729 3518 vim
774 3452 846 3518 et
904 3444 1149 3518 dolum
1204 3443 1557 3518 invadere
1614 3444 2035 3536 coeperunt,
2095 3438 2223 3511 alii
2263 3438 2506 3534 publi-

248 3596 412 3649 cum
454 3569 823 3647 aerarium
863 3570 1277 3668 depeculati
1315 3576 1506 3658 sunt,
1548 3566 1676 3641 alii
1714 3563 2138 3663 provincias
2177 3563 2508 3660 pecuniis

248 3698 759 3774 vendiderunt.
823 3699 1085 3793 Itaque
1145 3696 1507 3771 Viennam
1565 3700 1788 3788 atque
1826 3687 2206 3764 Austriam
2243 3689 2508 3786 turpis-

248 3826 437 3901 sime
475 3823 895 3916 amisimus;
935 3828 1200 3918 postea
1258 3820 1407 3893 alia
1447 3827 1670 3913 atque
1717 3812 1887 3906 alia,
1930 3820 2003 3887 et
2046 3815 2205 3908 jam
2244 3813 2509 3902 omnia,

252 3947 797 4048 propemodum.
820 3949 943 4022 Ita
965 3969 1154 4043 quae
1176 3944 1552 4018 securiora
1574 3948 1650 4016 et
1688 3938 2145 4015 diuturniora
2184 3945 2372 4030 sunt,
2394 3928 2531 4021 iis,

253 4097 447 4173 quae
470 4073 565 4147 ad
589 4081 877 4169 tempus
928 4070 1385 4168 speciosiora
1422 4066 1784 4156 videntur,
1807 4070 1976 4138 sunt
1996 4062 2508 4159 praeferenda.

249 4201 485 4276 Pauci
521 4201 714 4274 inter
762 4221 1015 4291 omnes
1072 4195 1349 4292 reperti
1388 4200 1574 4282 sunt,
1616 4190 1740 4287 qui
1797 4189 1874 4262 in
1914 4210 2294 4262 commune
2333 4209 2503 4262 con·

250 4328 499 4402 sulere
543 4326 975 4420 voluissent3
1014 4332 1095 4398 ut
1131 4321 1354 4398 facile
1395 4324 1814 4417 appareret,
1856 4337 2002 4387 non
2043 4314 2333 4404 virtute,
2376 4311 2508 4386 sed

253 4461 466 4544 metu,
497 4460 828 4549 tempore
856 4449 1178 4524 Mathiae
1218 4447 1422 4542 regis
1447 4467 1576 4520 eos
1618 4444 1689 4515 in
1714 4439 1952 4514 officio
2008 4438 2261 4514 fuisse.
2304 4438 2509 4529 Quos

253 4580 596 4662 Mathias,
636 4589 714 4652 ut.
753 4577 847 4650 ad
889 4577 1178 4648 civilem
1221 4574 1560 4662 vitam,et
1601 4566 1941 4640 virtutum
1985 4567 2350 4638 culturam
2390 4586 2503 4637 re-
