3293 5219
2318 337 2474 415 329

246 558 491 654 scripti
529 567 720 635 sunt.
758 557 1104 635 Andreas
1124 558 1448 637 Balassa
1474 554 1702 658 (cum)
1725 564 1842 640 his
1863 561 2196 661 Sigetum
2214 579 2479 634 versus

252 686 642 784 profectus,
718 710 878 764 cum
938 687 1537 788 exploratoribus
1601 690 1941 768 similiter
2011 688 2240 766 turcis
2314 711 2482 763 con-

246 812 504 903 currit,
599 812 899 892 meliore
970 816 1285 915 primum
1358 817 1695 914 fortuna;
1768 819 1960 896 unde
2037 816 2484 917 quibusdam

245 961 534 1017 suorum
570 940 852 1040 praeda
907 943 1283 1043 occupatis
1303 999 1321 1034 ‚
1399 943 1474 1019 in
1530 946 1975 1023 contrarium
2029 968 2292 1038 versa,
2364 944 2475 1021 fu-

239 1088 360 1141 sus
434 1068 883 1167 fugatusque
938 1093 1165 1168 aegre
1222 1070 1483 1166 evasit,
1551 1073 1848 1149 amissis
1918 1072 2312 1165 militibus,
2367 1071 2473 1146 in-

237 1199 347 1268 ter
401 1216 533 1272 eos
589 1194 996 1272 Francisco
1039 1197 1278 1275 Docio
1336 1198 1564 1275 nobili
1624 1201 2120 1277 adolescente.
2179 1201 2265 1275 In
2300 1221 2474 1295 par-

234 1320 425 1397 tibus
465 1320 879 1399 Gassoviae
918 1333 1394 1402 senescentes
1432 1348 1557 1402 res
1596 1326 1920 1403 adventu
1943 1324 2266 1402 Simonis
2286 1325 2471 1401 For-

234 1448 422 1542 gach
465 1450 830 1526 excitatae
886 1458 1076 1544 sunt,
1118 1476 1355 1551 neque
1415 1454 1604 1529 enim
1665 1476 1756 1529 ea
1809 1460 2252 1551 tempestate
2289 1452 2473 1528 mili-

230 1579 412 1658 taris
473 1577 582 1653 rei
638 1580 834 1654 fama
892 1578 1084 1656 alius
1121 1580 1429 1678 peritior
1486 1580 1924 1658 habebatur.
2000 1581 2469 1656 Frustratum

229 1717 451 1785 autea
506 1729 596 1782 ac
651 1727 785 1801 spe
859 1704 1171 1800 ductum,
1229 1714 1379 1784 tum
1437 1730 1572 1784 sua
1626 1715 1907 1784 tantum
1962 1705 2474 1783 defendentem

228 1859 490 1913 caesar
561 1832 946 1934 promissis
984 1842 1060 1909 et
1096 1835 1380 1910 crebris
1437 1834 1704 1911 litteris
1762 1842 2045 1922 evocat,
2103 1858 2193 1910 ac
2231 1830 2462 1909 Sven-

227 1965 340 2039 dio
380 1963 661 2039 socium
717 1985 806 2037 ac
869 1960 1364 2038 consiliarium
1401 1959 1582 2038 belli
1621 1962 1904 2038 addidit
1919 1958 2009 2062 ²²⁸).
2052 1958 2458 2058 Georgium

226 2093 593 2169 Bebecum
631 2090 726 2166 ab
766 2087 1163 2189 Solymano
1184 2089 1514 2168 ‚Johanni
1551 2091 1651 2167 II.
1691 2091 2054 2184 donatum,
2093 2113 2320 2189 supra
2356 2112 2469 2163 re-

223 2220 545 2295 tulimus.
600 2220 690 2294 In
751 2216 1192 2294 cassoviano
1264 2224 1505 2295 tractu
1561 2241 1817 2312 arces,
1873 2216 2191 2293 castella
2247 2223 2472 2314 atque

226 2345 503 2445 oppida
537 2343 886 2438 habebat,
926 2352 1001 2422 et
1036 2344 1485 2423 commodum
1524 2352 1684 2421 erat
1738 2344 1813 2420 in
1850 2350 2107 2444 partes
2141 2343 2464 2419 trahere.

226 2470 375 2547 Sed
439 2471 855 2568 angebatur
910 2470 1189 2547 amissa
1245 2469 1732 2564 Senderovia,
1789 2479 1870 2547 ut
1906 2453 2222 2547 diximus
2260 2496 2307 2547 a
2342 2494 2470 2546 no-

222 2599 398 2676 stris
456 2604 835 2697 occupata.
909 2599 1116 2697 Ergo
1172 2599 1386 2675 modo
1442 2623 1673 2696 agere
1728 2623 1861 2699 per
1916 2596 2220 2676 nuncios
2273 2595 2467 2676 ultro

220 2727 551 2826 citroque
590 2736 1103 2823 commeantes,
1162 2727 1376 2803 modo
1419 2726 1697 2804 bellum
1733 2729 2117 2806 intentare.
2173 2726 2470 2804 Postre-

219 2879 412 2930 mum
466 2852 680 2930 irrita
714 2876 851 2953 spe
890 2853 986 2929 ad
1022 2853 1384 2932 auxilium
1443 2854 1798 2932 turcicum
1838 2854 2189 2953 confugit.
2264 2853 2470 2929 File-

227 2981 524 3075 ciensis‚
597 2980 1117 3081 nogradiensis
1172 2991 1249 3060 et
1317 2983 1770 3060 seceniensis
1822 2984 2004 3082 begi
2058 2983 2156 3058 ad
2207 2979 2472 3088 castel-

216 3110 366 3184 lum
443 3108 846 3185 Zabatcam
921 3132 1081 3186 cum
1158 3108 1442 3186 duobus
1517 3108 1842 3186 millibus
1917 3115 1992 3185 et
2046 3107 2471 3207 quingentis

218 3234 587 3335 equitibus
639 3235 718 3310 in
773 3234 1043 3313 castris
1117 3243 1351 3313 erant.
1432 3233 1731 3314 Svenda
1787 3236 2170 3313 dubitante
2244 3241 2320 3311 et
2376 3232 2472 3309 ad

216 3363 509 3461 praelia
563 3368 802 3459 cauto,
878 3362 1130 3440 Simon
1185 3364 1540 3464 Forgach
1599 3365 1949 3442 disseruit
2012 3361 2469 3440 celeritatem

216 3488 407 3588 ipsis
459 3490 732 3584 utilem,
807 3496 882 3566 et
943 3513 1104 3567 cum
1156 3499 1372 3592 parte
1426 3493 1793 3569 fortunam
1850 3489 2196 3590 experiri,
2269 3493 2469 3564 ante-

210 3608 440 3716 'quam
479 3616 736 3715 copiae
772 3619 1096 3694 turcicae
1136 3617 1524 3713 confluant,
1567 3642 1657 3694 ac
1678 3616 1983 3695 Tartari
2017 3616 2217 3693 bello
2256 3627 2470 3691 acce-

221 3746 424 3839 dant3
482 3747 803 3840 futurum
862 3746 1075 3839 enim,
1130 3754 1211 3822 ut
1263 3747 1491 3846 paulo
1528 3755 1700 3847 post
1736 3768 1960 3846 pares
1998 3768 2143 3820 non
2181 3744 2349 3837 sint,
2388 3751 2463 3820 et

221 3872 599 3971 paucitate
654 3895 951 3950 suorum
992 3874 1391 3965 cedendum
1448 3876 1566 3969 sit,
1605 3883 1681 3950 et
1735 3882 1847 3951 tot
1885 3873 2099 3948 simul
2137 3872 2340 3948 bella
2375 3896 2468 3950 ex

221 4000 607 4077 moenibus
663 3998 1075 4078 Oassoviae
1148 4011 1452 4101 spectet,
1528 4003 1654 4078 vix
1730 4002 1983 4078 sedem
2056 3997 2237 4076 belli
2301 4023 2470 4101 pro·

216 4134 699 4231 puguaturus.
773 4131 891 4206 Ita
947 4131 1300 4207 concubia
1372 4138 1586 4206 nocte
1641 4127 2095 4205 Senderovia
2134 4127 2277 4218 (ibi
2314 4135 2459 4203 sta·

234 4416 375 4424 ——ra
408 4420 413 4422 Α
450 4419 489 4425 --
512 4419 639 4426 -ᾐ

439 4547 493 4621 ¹¹¹)
521 4544 784 4618 Forgaelch
811 4543 873 4601 S.
915 4548 1224 4618 J’cgyzetc:
1280 4549 1423 4610 Nem
1447 4545 1566 4626 tigy
1596 4548 1739 4608 mint
1764 4514 1994 4619 socium,
2047 4543 2274 4617 hanem,
2318 4545 2472 4618 bogy

224 4638 487 4716 uegeto'je
510 4638 573 4697 es
597 4636 837 4696 tanacsa
862 4638 1089 4715 legyen.
