3293 5219
2385 287 2542 367 483

522 501 837 577 Selimus
858 525 949 575 ex
974 502 1286 577 consilio
1309 502 1569 576 summi
1608 503 1984 599 pontificis
2025 502 2399 601 (muphthi
2419 531 2545 581 vo-

294 629 502 717 cant)
530 636 604 702 et
623 627 1051 720 antistitum,
1056 628 1422 724 justitium
1444 652 1534 702 ac
1556 629 2142 725 supplicationes
2181 631 2539 727 publicas,

295 776 484 852 quas
527 762 739 828 extra
778 755 1033 828 urbem
1072 754 1147 826 in
1187 755 1410 828 certis
1450 753 1635 827 locis
1675 754 2052 848 religiosis
2095 756 2345 831 facere
2384 780 2545 831 mos

291 879 717 974 est,indicit;
757 902 1303 977 concursusque
1325 880 1657 953 universi
1693 880 1945 975 populi
1983 880 2539 983 innumera-fre-

289 1005 587 1102 quentia
599 1005 694 1078 ad
712 1004 1649 1102 supplicationesfiebat.Et
1667 1004 2274 1103 eodemtempore
2292 1008 2539 1081 nunci-

296 1153 416 1204 um
456 1138 926 1227 expugnatae
968 1129 1521 1222 Famaugustae
1561 1129 1869 1227 accepit.
1926 1131 2026 1205 Vi
2065 1132 2254 1205 enim
2297 1132 2539 1207 dolum

297 1276 588 1350 quoque
611 1254 1012 1352 Mustapha
1041 1255 1415 1350 adjecerat
1455 1279 1470 1345 3
1527 1254 1867 1330 triremes
1901 1236 1975 1331 et
2011 1280 2243 1332 naves
2283 1281 2541 1333 omnes

294 1379 369 1452 in
409 1369 639 1454 altum
677 1381 1074 1455 instructas
1117 1381 1430 1474 dimisit,
1469 1382 1774 1475 vulgato
1813 1405 2105 1457 rumore
2144 1386 2298 1459 suis
2337 1386 2541 1460 auxi-

302 1504 405 1579 lia
460 1507 893 1600 missurum,
971 1508 1095 1603 qui
1152 1508 1225 1580 in
1281 1506 1712 1605 propinquo·
1757 1530 1917 1582 cum
1975 1508 2537 1584 christianorum

297 1629 542 1707 classe
580 1633 939 1730 praelium
969 1633 1219 1706 inituri
1258 1640 1549 1727 essent3
1590 1639 1742 1706 tum
1765 1634 2186 1731 displodere
2226 1610 2540 1710 tormen-

295 1765 374 1832 ta
407 1759 652 1833 omnia
681 1761 913 1854 jubet,
937 1768 1010 1833 et
1042 1760 1321 1856 quaein
1345 1760 1629 1856 praelio
1670 1767 2086 1854 agerentur,
2109 1785 2538 1859 repraesen-

296 1890 498 1978 tare3
540 1883 706 1958 dein
746 1886 1061 1960 navibus
1101 1884 1511 1974 ostentatis,
1540 1892 1613 1958 et
1652 1884 1871 1959 editis
1911 1886 2240 1961 laetitiae
2279 1888 2537 1984 signis,

296 2007 532 2083 victas
573 2007 1138 2084 christianorum
1180 2010 1488 2101 classes,
1509 2009 1561 2083 J
1565 2009 1929 2085 ohannem
1971 2010 2349 2087 Austrium
2376 2037 2541 2109 cap·

296 2142 447 2208 tum
487 2135 979 2230 significabat.
1042 2136 1274 2210 Hisce
1315 2158 1495 2231 ergo
1537 2133 2098 2212 difficultatibus
2138 2139 2332 2230 victi,
2373 2162 2539 2214 con·

299 2283 526 2335 sensu
565 2262 879 2337 omnium
918 2262 1460 2336 conditionibus
1500 2259 1833 2335 honestis
1854 2262 2247 2337 finiendum
2269 2264 2538 2338 bellum

298 2393 732 2461 statuerunt.
791 2384 1099 2461 Galend.
1141 2387 1463 2483 Augusti
1504 2387 1840 2461 induciae
1880 2389 2161 2483 factae3
2237 2397 2539 2485 postero

295 2510 411 2583 die
451 2511 753 2585 obsides
793 2513 1129 2611 utrinque
1170 2513 1323 2588 dati
1378 2521 1451 2588 et
1488 2513 1814 2611 accepti3
1888 2521 2040 2589 tum
2080 2515 2538 2590 conditiones

293 2636 647 2731 firmatae,
705 2648 783 2713 ut
840 2641 1074 2714 salvis
1134 2641 1508 2738 personis,
1567 2642 1834 2731 armis,
1895 2643 2158 2735 rebus,
2218 2644 2538 2741 quinque

295 2764 676 2838 tormentis
717 2765 993 2857 aeneis,
1034 2789 1124 2839 ac
1180 2767 1388 2862 equis
1447 2765 1706 2856 tribus,
1769 2767 1843 2838 in
1883 2763 2181 2842 Cretam
2220 2768 2535 2843 insulam

293 2909 552 2964 securo
575 2899 977 2965 commeatu
1000 2890 1565 2988 deportarentur
1587 2914 1605 2974 ς
1654 2885 1972 2964 Graecis
1995 2899 2237 2965 autem
2258 2914 2394 2968 sua
2411 2916 2538 2990 pa-

295 3013 677 3106 trimonia,
719 3015 1017 3107 civitas,
1046 3001 1302 3110 leges,
1343 3039 1432 3089 ac
1468 3015 1657 3089 ritus
1699 3025 2333 3092 conservarentur.
2390 3018 2539 3092 De·

293 3139 460 3212 inde
499 3139 923 3215 triremibus
964 3139 1264 3235 aliquot,
1305 3147 1379 3212 et
1413 3138 1728 3212 navibus
1767 3139 1936 3212 aliis
1975 3140 2048 3211 in
2084 3149 2374 3234 portum
2414 3141 2538 3215 ad-

291 3263 548 3355 ductis,
639 3265 913 3339 milites
992 3263 1506 3341 conscendere.
1584 3263 1728 3336 Die
1786 3264 1876 3339 V.
1935 3263 2257 3358 Augusti
2349 3265 2536 3339 Bra-

288 3388 622 3485 gadenus
697 3412 856 3472 cum
917 3387 1187 3463 Astore
1244 3388 1572 3462 Baleono
1650 3395 1869 3484 atque
1964 3388 2135 3461 aliis
2230 3388 2537 3463 ducibus

289 3514 601 3608 egressi,
660 3515 756 3588 ab
811 3513 1213 3611 Mustapha
1277 3512 1353 3586 in
1406 3510 1908 3605 tabernaculo,
1950 3512 2309 3610 depositis
2366 3522 2536 3588 ante

286 3639 487 3714 fores
560 3639 764 3736 prius
841 3640 1089 3731 armis,
1145 3660 1289 3713 non
1364 3638 1659 3733 ingrato
1736 3637 1981 3730 vultu,
2066 3646 2145 3712 ut
2227 3661 2537 3735 appare-

286 3763 456 3856 bat,
532 3766 812 3862 recepti
887 3773 961 3839 et
998 3764 1261 3839 sedere
1310 3764 1544 3860 Jussi3
1603 3764 1978 3861 variisque
2049 3763 2244 3838 ultro
2319 3763 2535 3838 citro-

290 3911 432 3984 que
507 3888 785 3963 habitis
862 3890 1341 3980 sermonibus,
1416 3889 1671 3986 injecit
1710 3887 2112 3986 Mustapha
2169 3888 2537 3963 stantibus

286 4012 596 4087 induciis
670 4015 1191 4112 Bragadenum
1247 4014 1539 4090 Turcas
1616 4015 1974 4112 captivos,
2033 4014 2228 4111 quod
2289 4022 2539 4088 tamen

288 4137 392 4214 ita
466 4163 614 4215 non
671 4149 855 4233 erat,
893 4141 1379 4218 interfecisse.
1436 4142 1537 4216 Et
1610 4146 1916 4238 repente
1991 4163 2073 4213 se
2159 4139 2233 4212 in
2308 4138 2539 4236 pedes

287 4265 705 4361 projiciens,
780 4267 1041 4342 vinciri
1101 4291 1374 4358 omnes,
1436 4288 1598 4341 cum
1656 4264 1801 4362 ipsi
1861 4265 2086 4337 armis
2162 4272 2542 4355 carerent,

287 4391 519 4484 jubet.
616 4391 813 4466 Dein
891 4392 1325 4489 singillatim
1402 4391 1645 4466 educti
1719 4397 1890 4463 ante
1967 4390 2543 4480 tabernaculum,

289 4511 452 4607 ipso
568 4512 1014 4608 insectante,
1154 4515 1528 4590 frustatim
1617 4513 1944 4587 dissecti.
2097 4511 2543 4606 Bragadeno

2076 4635 2220 4709 31*
