3293 5219
780 280 935 356 216

778 497 1136 596 praelium
1173 498 1462 592 ingens.
1522 494 1934 594 Superatus
1975 503 2218 570 autem
2254 504 2404 569 tum
2445 494 2765 570 Selimus
2804 497 2883 570 in
2924 519 3038 568 ar-

775 644 932 697 cem
976 619 1236 696 Conha
1309 624 1491 718 fuga
1546 622 1903 715 pervasit,
1969 645 2181 717 quem
2257 622 2571 719 Bajazet
2657 644 3039 718 oppugna-

768 757 976 825 turus
1008 750 1500 847 prosequitur.
1546 747 1991 847 Solymanus
2032 749 2318 824 interea
2356 748 2622 823 anxius
2663 771 2859 838 esse,
2900 747 3033 822 sed

771 875 901 950 ubi
916 875 1139 951 etiam
1178 899 1370 974 qnae
1426 883 1828 972 agerentur
1877 876 1973 950 ab
2034 873 2309 949 Selimo
2390 874 2833 971 accepisset,
2890 896 3036 948 non

768 1024 855 1077 se
912 1001 1266 1076 continuit
1341 997 2016 1099 Constantinopoli.
2095 1003 2183 1076 In
2241 1000 2502 1074 Asiam
2578 999 2767 1073 enim
2827 1008 3036 1076 trans

772 1130 1187 1225 Bosporum
1270 1128 1682 1224 trajiciens.
1756 1127 2027 1202 castris
2083 1127 2390 1224 positis,
2449 1126 2723 1201 Amhat
2759 1128 3034 1223 begum

774 1251 1207 1350 magistrum
1286 1254 1611 1351 equitum
1664 1250 2227 1350 (beglerbegum
2289 1249 2582 1347 vocant)
2623 1252 3043 1341 Anatoliae,

770 1379 1155 1478 suppetias
1215 1380 1659 1475 praemittit3
1739 1402 1957 1456 unum
2035 1404 2127 1454 ex
2207 1380 2481 1454 veziris
2537 1378 3033 1453 Mehemetum

781 1504 1137 1602 subsequi
1182 1506 1421 1602 jubet.
1479 1504 1767 1580 Horum
1843 1506 2210 1579 exercitus
2266 1504 2665 1600 Bajazetes
2723 1528 3005 1602 exspec

778 1637 939 1705 tare
979 1637 1259 1705 nonest
1299 1652 1548 1722 ausus3
1573 1631 1650 1703 in
1688 1629 2071 1705 Persidem
2097 1630 2492 1721 contendit,
2533 1631 2732 1705 illius
2772 1631 2868 1704 iis
2914 1654 3034 1704 ve-

770 1754 1017 1850 stigiis
1076 1756 1656 1852 insequentibus.
1698 1756 1961 1853 Neque
2018 1746 2226 1854 prius
2282 1758 2627 1847 constitit,
2687 1779 2905 1852 quam
2963 1756 3036 1829 in

770 1881 1091 1955 Esdrom
1130 1881 1224 1955 ab
1247 1880 1437 1978 Ajas
1458 1884 1712 1971 bassa,
1736 1885 1944 1980 cujus
1967 1907 2279 1980 poenam
2303 1883 2377 1957 in
2398 1907 2480 1958 se
2503 1882 2889 1973 convertit,
2930 1883 3024 1955 ob

766 2006 1316 2111 miserationem
1374 2010 1699 2082 refectus
1758 2017 1893 2082 est.
1939 2008 2116 2084 Inde
2173 2011 2550 2105 profectus
2608 2010 2682 2082 in
2779 2009 3027 2082 arenis

771 2131 1124 2222 Arabiae,
1166 2133 1349 2208 duos
1388 2132 1581 2208 filios
1623 2132 1698 2206 in
1735 2140 1995 2208 tenera
2014 2140 2259 2208 aetate
2298 2133 2733 2221 existentes,
2771 2157 3010 2229 neque

774 2258 1350 2334 molestissimae
1373 2284 1461 2334 ac
1478 2257 1993 2335 velocissimae
2005 2261 2435 2356 agitationis
2456 2261 2826 2357 patientes
2837 2262 3025 2335 ultro

779 2384 933 2460 vita
967 2384 1236 2482 privat.
1304 2385 1541 2460 Persa
1580 2384 1879 2460 tandem
1954 2386 2346 2483 profugum
2381 2386 2691 2460 honeste
2731 2385 3027 2483 excipit,

770 2520 843 2585 et
915 2513 1321 2587 honorifico
1401 2513 1473 2585 in
1571 2513 1734 2586 loco
1812 2512 2095 2586 habuit.
2192 2512 2478 2586 Deinde
2574 2510 3028 2613 Solymanus

773 2640 1078 2712 crebras
1118 2647 1193 2713 et
1248 2660 1563 2732 magnas
1603 2637 2023 2735 legationes
2095 2639 2191 2713 ad
2229 2639 2539 2715 Persam
2562 2664 2722 2715 cum
2763 2639 3027 2737 amplis

768 2761 1191 2838 muneribus
1227 2764 1762 2861 necquicquam
1839 2764 2168 2858 mittere3
2210 2773 2581 2862 postremo
2623 2774 2878 2841 tamen
2913 2788 3032 2863 pa-

761 2886 952 2963 triae
990 2889 1345 2984 potestati
1388 2912 1470 2963 se
1493 2890 1932 2965 traditurum
1953 2914 2035 2965 se
2057 2891 2357 2988 recepit,
2416 2892 2480 2965 si
2517 2891 2725 2989 prius
2768 2894 2863 2968 de
2902 2895 3025 2968 im-

780 3013 1036 3110 pensis
1097 3013 1560 3092 satisfactum
1674 3017 1890 3092 foret.
1984 3016 2197 3091 Haec
2255 3018 2547 3114 quidem
2654 3019 3028 3116 prioribus

768 3138 979 3213 annis
1018 3146 1190 3214 acta
1246 3148 1433 3215 sunt.
1476 3141 1639 3215 Nos
1681 3142 1754 3215 in
1811 3143 2006 3218 hunc
2075 3165 2340 3217 annum
2401 3144 2643 3219 omnia
2666 3122 3009 3222 'consulto

766 3265 1341 3358 reservavimus,
1417 3277 1496 3343 ut
1532 3268 1900 3364 integram
1941 3270 2163 3343 simul
2200 3271 2588 3347 historiam
2646 3277 2883 3350 semel
2920 3299 3025 3349 rc·

768 3398 1436 3483 praesentaremus.

984 3532 1218 3626 Igitur
1259 3540 1542 3631 apartu
1566 3535 1903 3632 Virginis
1926 3561 2119 3612 anno
2141 3537 2374 3630 primo
2423 3547 2496 3613 et
2535 3543 3011 3639 sexagesimo

772 3678 1005 3754 snpra
1044 3657 1710 3753 quingentesimum
1767 3669 1988 3757 atque
2045 3663 2530 3756 millesimum,
2585 3689 2810 3743 unum
2849 3693 3009 3768 pur-

767 3789 1196 3878 puratorum
1217 3779 1294 3871 *J
1354 3804 1440 3855 eo
1497 3782 1842 3878 ablegat,
1905 3784 2029 3880 qui
2087 3787 2507 3863 muneribus
2566 3797 2643 3865 et
2698 3795 3010 3889 pecunia

767 3913 995 4003 pacta
1035 3905 1330 3998 tradita,
1390 3915 1834 4004 potestatem
1893 3917 2153 3986 nactus
2206 3913 2633 4009 Bajazetem
2705 3921 3009 4014 primum

770 4039 846 4104 et
881 4037 1148 4129 postea
1187 4055 1323 4108 sex
1363 4030 1642 4108 liberos
1665 4039 2180 4131 strangulavit.
2235 4037 2338 4113 At
2376 4049 2623 4118 cetera
2678 4045 3010 4121 christia-

768 4155 964 4230 nitas
1021 4157 1210 4232 haec
1265 4166 1545 4236 tantum
1620 4160 1885 4236 intueri
1978 4187 2066 4239 ac
2118 4163 2408 4259 videre;
2505 4168 3015 4248 Ferdinandus

1098 4370 1176 4382 0-

955 4436 1018 4509 ὕ)
1046 4437 1286 4496 Ιεενέυῇ
1309 4443 1580 4516 Jegyzete
1604 4464 1617 4499 ε
1645 4444 1872 4502 Pertaff
1911 4448 2087 4504 bassa
2110 4447 2245 4517 suit,
2273 4466 2470 4505 sorore
2499 4449 2802 4521 Solymani
2828 4459 3010 4520 natus,

770 4524 948 4584 Luffti
979 4527 1189 4584 bassae
1217 4527 1385 4585 filins.
1796 4569 1804 4574 -
