3293 5219
788 294 942 385 212

785 528 1385 600 convulneratum
1425 528 1716 617 captum
1756 515 2176 592 amiserunt.
2202 512 2681 608 Simulatque
2711 513 2807 587 ad
2825 514 3051 587 trire-

781 675 937 725 mes
976 649 1330 748 pervenit,
1392 647 1486 721 ad
1538 653 1775 719 ortum
1833 642 2020 716 lucis
2058 640 2351 714 litteras
2428 638 2524 712 ad
2616 639 3049 714 ‚Johannem

781 779 870 851 de
909 777 1281 852 Alarcone
1322 771 1747 873 quaestorio
1789 769 2031 843 officio
2072 769 2501 861 fungentem
2542 765 2785 853 mittit,
2817 766 3044 861 jubet

782 904 1185 1002 praefectis
1244 900 1447 998 loqui
1487 906 1562 972 et
1601 897 1865 987 dicere,
1918 918 1999 968 se
2039 895 2114 967 in
2188 891 2617 966 triremibus
2662 892 3043 967 salvatum

780 1050 970 1113 esse,
1013 1027 1208 1123 quod
1244 1026 1523 1099 intrare
1563 1029 1736 1121 post
1774 1019 2136 1118 praelium
2185 1038 2331 1091 non
2368 1017 2717 1112 potuerit,
2761 1017 2901 1090 sed
2938 1017 3041 1091 ad

780 1162 1069 1229 noctem
1126 1174 1293 1227 sese
1370 1157 1753 1225 crescente
1827 1154 2043 1220 aestu
2099 1143 2380 1218 marino
2435 1151 2842 1234 venturum,
2922 1144 3033 1217 in-

787 1281 1006 1355 terim
1065 1301 1235 1352 sese
1294 1297 1686 1371 arcemque
1747 1294 2016 1367 magno
2074 1273 2316 1345 animo
2375 1276 2904 1353 sustentarent,
2964 1278 3042 1343 et

781 1405 1063 1479 amissa
1127 1401 1493 1501 superiori
1568 1401 1688 1473 die
1763 1398 2082 1498 scapha,
2142 1420 2334 1494 quae
2391 1396 2696 1470 duorum
2754 1397 3042 1472 dierum

783 1531 1196 1628 portionem
1235 1529 1620 1617 afferebat,
1684 1550 1843 1600 cum
1884 1525 2068 1598 nihil
2121 1525 2199 1597 in
2236 1523 2557 1596 navibus
2599 1522 2695 1595 ad
2732 1545 3042 1597 vescen-

783 1656 952 1730 dum
989 1654 1463 1752 reperiretur,
1491 1655 1812 1726 mitteret
1850 1652 2119 1725 victum
2160 1657 2234 1722 et
2272 1649 2688 1744 stragulam
2730 1660 3042 1725 vestem.

778 1779 880 1855 At
915 1778 1234 1854 maxima
1272 1789 1388 1853 est
1463 1786 1628 1852 orta
1664 1777 1859 1851 inter
1917 1774 2192 1849 milites
2250 1798 2341 1848 ex
2381 1774 2639 1849 timore
2681 1777 3041 1865 confusio,

773 1904 1220 2005 praesertim
1278 1928 1439 1979 cum
1498 1904 2045 1980 intellexissent
2104 1901 2463 1975 Alvarum
2539 1924 2685 1974 non
2742 1902 3041 1993 adesse,

776 2055 990 2135 quem
1069 2053 1203 2125 per
1261 2031 1505 2105 omnia
1558 2029 2124 2130 propugnacula
2215 2037 2676 2123 quaerentes,
2752 2029 2819 2101 si
2899 2052 3043 2125 qua

773 2163 987 2253 parte
1003 2157 1391 2253 ingressus
1403 2159 1616 2248 foret,
1631 2157 1937 2232 nuncius
1951 2153 2391 2229 cumlitteris
2412 2154 2864 2250 supervenit,
2905 2154 3041 2228 sed

767 2292 1019 2360 tamen
1074 2283 1305 2356 nihilo
1349 2282 1763 2357 sedatiores
1824 2288 1993 2356 sunt
2033 2279 2323 2361 redditi,
2388 2277 2563 2374 quin
2624 2280 2832 2353 multi
2892 2288 3038 2354 sta·

776 2410 908 2485 tim
946 2411 1455 2508 profugerunt,
1496 2409 1625 2483 alii
1667 2407 1962 2501 singuli,
2007 2414 2082 2482 et
2122 2406 2247 2480 alii
2272 2404 2780 2501 quadraginta
2822 2407 3038 2481 simul

786 2544 861 2613 et
899 2537 1169 2628 semel,
1213 2560 1304 2612 ex
1349 2535 1615 2633 quibus
1660 2533 1854 2609 Piali
1896 2533 2260 2607 intellexit
2310 2530 2675 2605 Alvarum
2716 2531 2793 2604 in
2834 2533 3032 2606 navi·

774 2665 915 2736 bus
956 2685 1147 2736 esse.
1186 2665 1236 2739 ‚J
1244 2662 1577 2736 ohannes
1619 2662 2086 2746 Ammonius,
2115 2667 2189 2734 et
2230 2659 2525 2755 quidam
2567 2682 2657 2732 ex
2698 2660 3032 2756 praefec-

770 2787 869 2861 tis
929 2808 1089 2860 cum
1149 2809 1235 2860 eo
1296 2787 1639 2861 navicula
1697 2786 2017 2881 quadam
2076 2784 2170 2859 ad
2229 2783 2589 2858 Alvarum
2650 2795 3029 2879 venerunt,

778 2934 964 3009 quos
1002 2912 1132 2985 ille
1173 2913 1424 2986 verbis
1465 2913 1886 3008 castigavit,
1946 2920 2021 2987 et
2059 2914 2320 2986 volens
2362 2910 2611 2985 statim
2651 2911 2724 2982 in
2767 2915 3031 2988 castel·

767 3038 922 3111 lum
998 3037 1313 3125 reverti,
1374 3038 1690 3133 quinque
1749 3038 2157 3134 maJoribus
2245 3037 2629 3111 tormentis
2684 3038 3032 3114 triremes

773 3162 1188 3260 oppugnari
1233 3171 1543 3260 coeptae
1585 3174 1773 3254 sunt,
1834 3189 1921 3237 ac
1959 3187 2345 3238 remanere
2387 3170 2689 3239 coactus
2731 3173 2867 3239 est.
2936 3166 3032 3240 At

774 3287 911 3380 illi,
982 3288 1106 3385 qui
1144 3290 1218 3363 in
1258 3290 1570 3365 castello
1629 3299 1702 3366 et
1740 3293 1975 3367 veteri
2018 3315 2189 3366 arce
2228 3300 2818 3388 permanserantt
2860 3317 3029 3369 con·

770 3416 1071 3506 sultare,
1113 3415 1390 3507 timere,
1436 3418 1676 3490 omnia
1717 3426 2049 3492 extrema
2089 3426 2551 3514 exspectare,
2597 3427 2670 3492 et
2708 3419 3022 3516 primum

771 3542 1067 3640 quidem
1127 3542 1580 3638 Roderigum
1623 3545 1987 3641 Zapatam
2038 3544 2112 3616 in
2153 3542 2407 3617 ducem
2448 3566 2608 3617 cum
2649 3552 3026 3641 potestate

768 3669 1049 3763 eligere
1091 3695 1106 3740 ε
1148 3669 1280 3742 sed
1334 3691 1498 3742 mox
1558 3669 1875 3763 singulis
1935 3667 2457 3744 dilabentibus.
2519 3670 2816 3764 quidam
2877 3673 3024 3744 ele-

777 3801 946 3868 vato
970 3794 1266 3880 vexi110‚
1286 3795 1479 3891 quod
1502 3802 1618 3868 est
1640 3793 1933 3889 signum
1974 3795 2451 3884 induciarum,
2498 3802 2571 3867 et
2609 3796 2705 3869 ab
2749 3797 3023 3870 'l'urcis

770 3918 1096 3993 vicissim
1119 3919 1372 3994 eodem
1391 3919 1603 3992 modo
1626 3942 1988 4016 responso
2004 3919 2202 4010 dato,
2219 3919 2267 3994 J
2276 3919 2619 3993 ohannes
2635 3919 2723 3993 de
2745 3920 3021 4011 Funes‚

770 4046 823 4122 J
828 4046 1160 4121 ohannes
1184 4044 1257 4118 di
1278 4044 1524 4136 Zaias‚
1548 4047 1601 4123 J
1607 4046 1940 4119 ohannes
1980 4046 2070 4120 de
2096 4044 2393 4140 Aquila,
2435 4053 2508 4119 et
2529 4043 3025 4123 Sebastianus

772 4167 1319 4268 Neapolitanus
1361 4171 1769 4246 exiverunt.
1829 4170 2235 4267 Postquam
2312 4168 2511 4272 Piali
2550 4194 2643 4245 ex
2682 4174 3022 4270 profugis

762 4294 1133 4371 intellexit
1188 4296 1546 4373 Alvarum
1604 4299 1680 4370 in
1757 4297 2181 4372 triremibus
2245 4319 2433 4378 esse,
2495 4297 2567 4371 in
2608 4321 2814 4397 spem
2895 4302 3018 4376 ad-

761 4421 1021 4497 ductus
1099 4424 1356 4498 eodem
1399 4447 1690 4521 quoque
1750 4424 1867 4498 (lie
1946 4433 2020 4498 et
2058 4426 2353 4498 navium
2430 4435 2504 4500 et
2559 4428 2853 4503 castelli
2891 4454 3016 4528 po·

756 4548 1010 4637 flandi,
1052 4552 1676 4647 oppugnationem
1755 4551 2092 4625 omnibus
2152 4551 2390 4625 edicit.
2434 4550 3011 4650 Universi·ergo
