3293 5219
2359 358 2516 434 293

266 573 946 664 acTemesiensem,
986 571 1348 668 quomodo
1402 572 1892 668 periculosum
1932 575 2202 649 bellum
2260 599 2514 671 gesse·

262 700 417 790 rint,
455 723 728 795 magna
766 707 929 773 erat
952 699 1294 774 invectio.
1330 699 1741 774 Bosnensis
1777 700 1952 775 item
1992 698 2341 799 Cruppae
2382 726 2505 777 ex-

262 833 630 924 pugnatae
685 826 1158 921 arguebatur.
1197 824 1584 902 Postremo
1624 819 1853 927 {brevi
1911 836 2278 904 oratorem
2335 852 2497 902 cum

265 950 628 1026 mandatis
684 951 1075 1024 missurum
1151 941 1608 1048 Byzantium.
1672 951 1861 1027 Fine
1934 953 2114 1026 belli
2167 954 2513 1052 princeps

271 1077 690 1151 Florentiae
784 1077 1150 1151 Viennam
1240 1077 1460 1165 venit,
1538 1100 1699 1152 cum
1756 1087 1979 1153 antea
2054 1078 2512 1178 Hippolytus

266 1203 398 1278 dux
477 1203 876 1279 Ferrariae
951 1203 1351 1296 adfuisset3
1428 1204 1792 1302 dataeque
1870 1208 2244 1302 conjuges,
2337 1207 2506 1280 huie

263 1330 620 1420 Barbara,
657 1330 768 1403 iili
802 1330 856 1406 ,J
860 1329 1165 1422 ohanna,
1224 1332 1535 1426 illigata,
1576 1341 1656 1407 ut
1693 1335 2111 1421 memoravi,
2154 1333 2497 1411 Johanni.

264 1454 539 1529 Eadem
616 1463 1074 1555 tempestate,
1118 1482 1263 1555 qua
1318 1458 1503 1533 haec
1549 1459 1624 1532 in
1681 1458 2039 1554 Ungaria,
2098 1460 2170 1533 in
2246 1459 2508 1534 Melita

261 1604 541 1678 quoque
578 1582 824 1658 insula
863 1591 1076 1658 atrox
1114 1584 1387 1658 bellum
1425 1585 1846 1678 gerebatur.
1908 1584 2172 1659 Rhodo
2213 1586 2514 1674 amissa,

262 1705 571 1782 Carolus
645 1709 736 1783 V.
775 1708 1107 1784 Melitam
1181 1710 1702 1784 rhodiensibus
1759 1710 2109 1786 militibus
2186 1710 2512 1785 dederat,

260 1834 372 1931 qui
408 1858 615 1907 mare
674 1835 942 1910 Turcis
999 1839 1345 1911 infestum
1383 1836 1816 1928 reddebant,
1878 1845 1951 1910 et
1985 1837 2321 1933 proximo
2362 1860 2488 1909 an-

258 1987 342 2039 no
380 1960 780 2058 Nauplium
818 1961 893 2034 in
933 1961 1125 2035 Mari
1162 1961 1427 2037 Jonico
1468 1986 1737 2059 capere
1757 1962 2169 2059 proditione
2208 1964 2500 2037 frustra

261 2096 814 2164 attentaverant.
854 2088 1091 2183 Igitur
1132 2085 1575 2186 Solymanus
1596 2088 1733 2178 his,
1758 2098 1830 2163 et
1868 2088 2373 2187 Hispanorum
2424 2088 2500 2162 in

261 2215 554 2289 Africae
630 2237 762 2288 ora
832 2215 1226 2290 insultibus
1283 2214 1649 2306 irritatus,
1726 2215 2102 2310 ingentem
2177 2214 2497 2288 classem

260 2341 489 2433 mittit,
526 2340 602 2414 in
640 2365 786 2439 qua
821 2342 1029 2415 fuere
1069 2329 1527 2416 CXXXVII
1577 2341 1937 2432 triremes,
1977 2347 2275 2437 praeter
2314 2340 2503 2413 alias

262 2468 656 2558 onerarias,
696 2475 771 2541 et
805 2469 1085 2563 majora
1158 2467 1586 2564 minoraque
1643 2466 1968 2563 navigia,
2027 2464 2303 2539 Pertan
2341 2466 2514 2539 bas-

265 2617 347 2667 sa
383 2593 600 2685 duce3
664 2592 1049 2690 Dragutus
1126 2591 1429 2668 Africae
1485 2595 1909 2692 praefectus
1965 2593 2304 2668 triremes
2341 2591 2513 2666 duo-

263 2720 506 2811 decim,
542 2718 864 2793 biremes
902 2721 1400 2815 majoresque
1430 2744 1662 2794 naves
1729 2721 1995 2794 multas
2037 2716 2363 2793 adduxit.
2421 2720 2508 2792 In

264 2847 598 2940 ingressu
671 2843 981 2938 primum
1035 2851 1293 2940 portus
1349 2866 1496 2917 una
1554 2844 1871 2941 insignis
1932 2844 2275 2918 oneraria
2346 2843 2514 2916 sub-

263 2993 499 3045 mersa
537 2967 843 3044 Galend.
884 2968 936 3046 ,J
941 2969 1091 3043 unii
1127 2969 1395 3044 classis
1472 2970 1777 3068 appulit,
1855 2979 2500 3068 expugnatumque

268 3103 576 3172 castrum
598 3094 854 3170 Sancti
892 3096 1121 3187 Ermi,
1158 3096 1235 3169 in
1273 3120 1415 3195 quo
1457 3096 1856 3191 octingenti
1896 3096 2333 3172 occubuere.
2372 3091 2513 3168 Ca-

268 3232 486 3299 strum
525 3222 780 3299 Sancti
819 3222 1206 3297 Michaelis
1259 3230 1333 3296 et
1369 3224 1715 3320 oppidum
1734 3231 1938 3297 terra
1975 3223 2309 3320 marique
2346 3228 2505 3295 tan-

272 3358 349 3422 ta
382 3351 470 3441 vi,
508 3357 865 3446 tantaque
885 3348 1448 3446 perseverantia
1487 3356 1936 3446 oppugnata,
1974 3356 2055 3424 ut
2081 3351 2240 3444 jam
2278 3348 2354 3420 in
2392 3370 2515 3422 ex-

272 3483 490 3550 tremo
526 3476 817 3578 fuerint.
856 3476 1051 3549 Nam
1090 3476 1511 3573 superiores
1551 3476 1645 3548 ob
1687 3474 1943 3549 clades
1980 3473 2515 3549 cunctationem

277 3624 480 3697 quam
534 3590 897 3701 praelium
936 3602 1254 3700 Hispani
1313 3602 1705 3692 malebant,
1763 3610 1835 3676 et
1891 3600 2157 3675 classis
2212 3599 2514 3674 multum

273 3728 457 3802 infra
491 3728 866 3819 turcicam,
904 3735 1158 3824 utpote
1194 3727 1399 3823 regis
1437 3727 1854 3825 Hispaniae
1909 3726 2254 3801 triremes
2291 3749 2517 3800 nona-

277 3853 488 3946 ginta,
527 3853 1024 3927 Melitensium
1046 3877 1200 3947 sex,
1222 3853 1658 3929 Lusitaniae
1697 3854 1899 3951 regis
1957 3851 2297 3949 galiones
2336 3850 2516 3943 duo;

278 3979 416 4052 dux
450 3981 844 4055 universae
885 3980 1150 4055 classis
1208 3982 1380 4057 Don
1423 3981 1744 4055 Garsias
1802 3988 1985 4069 erat,
2018 3980 2516 4073 amissamque

277 4105 552 4182 facilius
589 4107 1036 4204 recuperari,
1079 4106 1405 4181 sterilem
1443 4105 1758 4182 insulam
1796 4129 1886 4180 ac
1931 4108 2088 4201 jam
2126 4110 2516 4179 vastatam.

279 4230 477 4305 Italis
514 4256 791 4329 anceps
832 4230 1214 4308 consilium
1235 4232 1700 4331 displicebat,
1755 4256 1925 4307 nam
1950 4236 2212 4329 jugum
2250 4230 2517 4305 Italiae

279 4358 746 4447 metuebatur,
791 4358 927 4432 sed
963 4358 1037 4433 in
1077 4381 1162 4433 eo
1205 4358 1598 4433 discrimen
1635 4359 1848 4451 verti,
1889 4359 1955 4433 si
1993 4360 2070 4432 in
2108 4358 2282 4441 alto,
2324 4355 2519 4453 quod

277 4481 774 4577 periculosum,
816 4508 912 4558 an
948 4491 1154 4561 terra
1188 4483 1758 4561 subveniretur?
1815 4483 2123 4559 Ascanii
2162 4481 2517 4558 Corvien-

273 4604 381 4677 sis
415 4609 681 4682 romani
722 4610 1093 4685 sententia
1146 4609 1588 4707 praevaluit,
1632 4612 1755 4707 qui
1813 4610 2096 4684 censuit
2136 4607 2353 4682 avido
2427 4608 2517 4681 de
