3293 5219
799 216 960 294 408
983 219 996 223 ’

799 433 989 508 diem
1044 433 1313 507 adesse
1369 454 1514 505 non
1570 431 1827 530 potuit.
1887 428 2177 505 Idcirco
2236 429 2534 531 Arabes
2593 437 2667 505 et
2738 429 3031 508 victoria

797 559 994 650 elati,
1053 567 1125 633 et
1178 559 1556 657 praesenti
1634 559 2024 634 occasione
2080 557 2273 648 freti,
2335 554 2624 631 Gemen
2702 557 3029 655 oppidum

796 693 871 761 et
925 708 1190 777 arcem,
1285 686 1478 781 quod
1529 693 1746 784 caput
1819 692 1892 759 et
1946 683 2375 781 metropolis
2415 689 2531 757 est
2585 683 3028 781 provinciae,

793 812 1147 887 invadunt
1183 819 1404 908 atque
1426 807 1743 909 capiunt.
1784 812 2072 906 Maj0re
2112 831 2292 906 ergo
2330 809 2837 905 indignatione
2877 811 3030 884 sub-

793 943 1106 1033 sequuta
1161 933 1537 1011 chausium
1593 937 1964 1012 Mehemet
2020 934 2319 1009 dimittit
2372 934 2469 1008 ad
2543 934 3028 1010 suffocandum

791 1062 1283 1158 Mustapham,
1344 1063 1467 1159 qui
1535 1087 1696 1138 cum
1736 1064 2031 1139 litteras
2089 1068 2163 1136 et
2220 1060 2671 1137 sudariolum
2731 1062 3025 1157 nigrum.

788 1188 982 1284 quod
1021 1189 1313 1285 signum
1349 1192 1770 1288 praesentis
1815 1191 2068 1265 mortis
2127 1211 2297 1265 esse
2338 1187 2551 1280 solet,
2592 1188 3020 1286 accepisset,

783 1339 928 1391 non
983 1315 1112 1389 ille
1169 1317 1530 1391 cervicem
1607 1317 1971 1415 praebuit,
2028 1324 2108 1391 ut
2161 1316 2498 1414 plerique
2539 1311 2687 1395 alii,
2749 1315 2882 1389 sed
2955 1337 3027 1388 se

782 1448 1167 1516 venturum
1246 1442 1343 1515 ad
1417 1439 1767 1516 Selimum
1843 1439 2245 1537 respondit,
2316 1440 2486 1513 huic
2581 1460 2664 1512 se
2741 1447 2817 1515 et
2885 1462 3019 1514 non

785 1568 1203 1642 Mehemeto
1261 1567 1644 1658 cervicem,
1684 1568 1749 1641 si
1789 1568 1895 1642 ita
1949 1563 2170 1659 volet,
2212 1572 2744 1664 porrecturum.
2801 1565 3028 1660 Igitur

787 1693 982 1769 albis
1019 1693 1355 1768 vestibus
1411 1691 1709 1767 indutus
1769 1694 1862 1767 ad
1920 1690 2267 1768 Selimum
2309 1715 2470 1767 cum
2532 1691 2881 1782 venisset,
2921 1713 3027 1764 su·

783 1818 1144 1893 dariolum
1183 1817 1374 1892 collo
1398 1817 1920 1911 circumnectit,
1943 1841 2033 1892 ac
2070 1819 2189 1891 En
2208 1815 2723 1915 potentissime
2748 1839 3025 1904 caesar,

781 1943 1036 2041 inquit,
1073 1943 1218 2018 tuis
1257 1966 1372 2016 me
1416 1935 1795 2034 manibus,
1857 1944 1922 2017 si
1959 1944 2186 2034 lubet,
2255 1942 2561 2016 confice.
2616 1942 2786 2038 Ego
2826 1950 2901 2017 te
2938 1943 3024 2014 ab

782 2069 1249 2145 incunabulis
1285 2068 1360 2142 in
1397 2068 1591 2142 ulnis
1645 2070 1829 2144 meis
1866 2070 2161 2161 nutrivi,
2210 2077 2431 2167 atque
2474 2068 2810 2145 educavi.
2870 2069 3023 2161 Ego

782 2217 898 2267 me
935 2217 1069 2290 pro
1124 2201 1198 2268 te
1233 2193 1593 2286 hostibus,
1633 2193 1709 2268 in
1748 2195 1879 2270 illa
1916 2218 2169 2294 pugna
2209 2195 2572 2270 acerrima
2612 2218 2772 2269 cum
2808 2196 3027 2272 fratre

781 2319 1116 2420 opposui,
1172 2342 1432 2432 manus
1489 2343 1696 2395 meas
1718 2321 2079 2418 sangvine
2118 2321 2439 2396 hostium
2479 2321 2726 2412 imbui,
2766 2329 2840 2396 te
2877 2343 3024 2395 con·

779 2446 1098 2543 servavi3
1138 2453 1264 2520 aut
1302 2445 1502 2522 vitae
1544 2454 1673 2521 aut
1720 2448 1925 2521 necis
1962 2456 2038 2522 te
2059 2469 2281 2521 unum
2322 2445 2706 2530 arbitrum.
2745 2454 2822 2521 te
2862 2469 3017 2520 auc·

776 2579 1012 2650 torem
1054 2572 1400 2670 deposco.
1461 2571 1646 2647 Mihi
1687 2573 1946 2649 horum
2005 2574 2440 2649 alterutrum
2495 2595 2630 2671 pro
2669 2572 3017 2648 beneficio

775 2698 1017 2773 fuerit.
1064 2698 1245 2772 Tibi
1267 2721 1444 2774 vero
1466 2700 1853 2798 imperium
1867 2701 2049 2775 deus
2073 2700 2536 2798 omnipotens
2554 2698 3011 2785 fortunatum,

778 2831 852 2898 et
890 2824 1070 2898 felix
1103 2847 1273 2899 esse
1331 2826 1534 2899 velit.
1608 2829 1728 2902 Ita
1767 2828 2171 2922 imperator
2226 2825 2576 2924 precibus
2632 2824 3022 2900 venerandi

776 2948 976 3024 senis
1002 2957 1410 3024 commotus
1433 2957 1569 3044 est,
1591 2961 1834 3027 utnon
1857 2952 2093 3026 solum
2116 2952 2341 3025 vitam
2362 2951 2430 3025 ei
2453 2951 2860 3042 donaverit,
2897 2947 3015 3024 sed

774 3074 1106 3149 nnumin
1172 3097 1548 3151 numerum
1606 3078 2005 3154 vizirorum
2073 3077 2465 3168 censuerit,
2540 3078 2707 3151 loco
2747 3087 3018 3174 postre-

774 3222 965 3273 mum
1003 3222 1144 3296 pro
1207 3188 1434 3291 more,
1491 3202 1625 3275 sed
1684 3226 1935 3278 amore
1994 3202 2184 3277 inter
2221 3202 2521 3299 primos,
2584 3200 2714 3296 qui
2773 3200 3018 3276 deinde

772 3324 1048 3400 bellum
1091 3325 1165 3398 in
1205 3322 1458 3423 Cypro
1507 3327 1789 3421 gessit:
1848 3325 2406 3401 crudelissimus
2472 3333 2546 3400 et
2620 3325 3016 3424 perfidissi-

769 3471 929 3525 mus
971 3450 1292 3525 omnium
1333 3451 1842 3527 barbarorum.
