3293 5219
2347 290 2502 373 399

251 508 419 588 Rex
458 536 638 588 vero
702 514 1156 609 legationem
1213 509 1414 586 misit
1453 509 1545 585 ad
1584 510 1958 610 principes
2028 509 2499 603 Germaniae,

252 664 347 714 ne
385 638 665 715 auxilia
707 639 968 715 darent
1004 639 1389 732 hostibus3
1431 638 1654 713 aliam
1714 638 1912 711 misit
1947 637 2043 711 ad
2101 645 2501 715 caesarem,

248 789 340 839 ne
380 765 841 863 permitteret
879 762 1300 839 Germanos
1341 765 1417 836 in
1456 763 1805 838 auxilium
1844 763 2163 838 hostium
2205 786 2499 845 suorum

244 892 645 990 proficisci.
689 889 978 966 Caesar
1049 893 1402 989 generale
1462 891 1774 965 edictum
1829 890 2025 981 facit,
2066 892 2497 987 singillatim

249 1018 473 1092 etiam
513 1017 612 1092 ad
649 1017 1020 1115 principes
1077 1017 1360 1110 scribit,
1436 1040 1528 1090 ne
1589 1015 1753 1113 quis
1794 1015 1867 1090 in
1909 1013 2203 1092 Gallias
2244 1021 2495 1095 adver-

244 1167 374 1218 sus
413 1150 670 1242 regem
724 1144 1106 1242 suppetias
1145 1143 1431 1218 laturus
1469 1141 2002 1242 proficiscatur,
2060 1145 2197 1218 sub
2253 1169 2493 1244 poena

245 1270 474 1343 bandi
512 1267 939 1367 imperialis.
1016 1268 1232 1359 Quod
1256 1292 1414 1344 cum
1437 1268 1618 1342 nihil
1660 1270 1854 1366 apud
1870 1266 2288 1348 Germanos
2327 1296 2492 1372 pro-

244 1398 541 1487 ficeret,
616 1419 756 1472 non
850 1394 1367 1470 dissimulabat
1441 1395 1918 1477 vehementer
1958 1418 2039 1472 se
2081 1422 2311 1496 aegre
2348 1401 2494 1475 fer—

244 1546 349 1614 re,
405 1522 722 1618 ideoque
798 1528 1055 1595 contra
1093 1543 1369 1610 omnes,
1428 1521 1551 1616 qui
1591 1518 1965 1596 Condensi
2004 1523 2352 1600 auxilium
2392 1534 2498 1602 tu·

244 1649 533 1741 lissent,
595 1646 932 1722 Viennae
987 1647 1308 1722 bandum
1391 1642 1523 1744 (uti
1579 1643 1877 1747 vocant)
1928 1648 2311 1747 imperiale
2387 1676 2498 1728 so-

241 1773 444 1848 lenni
521 1773 936 1847 ceremonia
1012 1773 1284 1847 edicit:
1374 1779 1448 1847 et
1504 1772 1727 1870 paulo
1766 1781 1941 1871 post
2001 1775 2273 1850 indicto
2333 1800 2502 1852 con-

244 1906 472 1974 ventu
532 1898 627 1972 ad
666 1897 1098 1973 Eufordiam
1145 1921 1280 1994 per
1338 1898 1632 2001 legatos
1694 1899 2163 1994 conqueritur
2222 1901 2311 1976 de
2352 1924 2494 1977 non

247 2025 773 2101 observatione
849 2024 1197 2114 mandati,
1258 2033 1332 2099 et
1389 2024 1891 2099 executionem
1967 2025 2189 2100 bandi
2247 2036 2494 2123 postu-

244 2152 478 2226 labat.
505 2150 683 2243 ,Qua
741 2174 822 2224 re
879 2174 1022 2225 non
1061 2173 1300 2247 parva
1339 2150 1722 2225 commoda
1779 2173 2043 2225 caesar
2078 2140 2300 2229 tacite
2393 2157 2501 2253 pi-

245 2278 622 2368 scabatur,
699 2276 762 2349 si
841 2298 967 2350 res
1043 2276 1554 2369 successisset,
1629 2276 1735 2351 uti
1790 2278 2127 2353 nimirum
2204 2282 2499 2357 auxiliis

247 2401 809 2494 Germanorum,
884 2401 1079 2489 bona
1152 2402 1591 2498 praesertim
1669 2400 2015 2491 Palatini,
2090 2398 2219 2477 uti'
2269 2430 2501 2504 nuper

248 2526 484 2604 Gotta
577 2535 793 2625 capto
850 2527 1196 2632 Johanne
1257 2525 1659 2620 FridericO,
1716 2528 2127 2624 expugnari
2162 2540 2496 2628 possent,

249 2657 458 2752 cujus
503 2653 681 2729 ditio
724 2654 820 2728 ad
860 2652 1194 2726 Rhenum
1236 2652 1380 2726 sita
1415 2658 1530 2726 est
1570 2652 1667 2726 ad
1703 2652 2182 2729 Brabantiam
2224 2658 2318 2731 ab
2358 2683 2503 2737 una

250 2789 487 2881 parte,
530 2780 626 2855 ab
668 2780 907 2855 altera
947 2801 1122 2851 vero
1163 2779 1353 2852 inter
1394 2778 1739 2854 ditionem
1761 2778 2213 2857 Ferdinandi
2249 2784 2507 2862 fratris

251 2910 388 3002 sui,
419 2929 608 3005 quae
683 2905 1136 3002 superiorem
1176 2912 1462 3001 partem
1503 2904 1720 3000 regni
1759 2913 2064 3003 spectat.
2153 2908 2497 2988 Pontifex

253 3033 448 3107 enim
485 3032 581 3105 ad
653 3031 844 3105 hanc
897 3055 1052 3106 rem
1089 3028 1568 3105 vehementer
1606 3031 2058 3107 sollicitabat
2097 3058 2501 3135 caesarem,

249 3157 684 3258 promittens
741 3156 1034 3248 auxilia,
1092 3163 1165 3231 et
1229 3157 1627 3232 ostendens
1693 3155 1799 3231 illi
1856 3159 2176 3234 maxima
2234 3166 2501 3240 emolu-

256 3291 526 3375 menta,
568 3307 657 3356 ne
696 3283 888 3357 hanc
929 3281 1384 3358 occasionem
1425 3283 1815 3368 amitteret,
1856 3305 2001 3379 qua
2039 3283 2298 3360 liberis
2347 3291 2500 3365 suis

251 3410 684 3510 prospicere
758 3417 1036 3508 posset,
1097 3432 1255 3483 cum
1309 3409 1644 3486 omnibus
1704 3413 1924 3504 atque
2002 3409 2318 3506 singulis
2375 3414 2501 3490 vix

251 3538 680 3613 sufficerent
715 3543 1072 3634 paternae
1113 3535 1465 3621 ditionesz„
1505 3533 1723 3609 simul
1762 3535 2347 3613 commoditatem
2386 3541 2495 3614 rei

250 3667 445 3740 bene
502 3662 895 3759 gerendae,
933 3668 1241 3760 propter
1300 3661 1747 3735 vicinitatem
1806 3661 2052 3758 Belgii
2093 3669 2164 3736 et
2203 3663 2499 3740 ditionis

253 3787 709 3865 Ferdinandi
780 3787 1060 3879 fratris,
1121 3811 1212 3862 ex
1271 3787 1535 3884 quibus
1613 3785 1892 3860 auxilia
1946 3790 2205 3884 procul
2281 3789 2500 3865 dubio

253 3923 461 3991 esset
497 3918 952 4010 accepturus¹
1000 3913 1175 3985 Jam
1213 3932 1390 3987 vero
1431 3912 1505 3985 in
1540 3911 1805 3986 iisdem
1841 3914 2245 4010 provinciis
2285 3939 2493 3992 exer-

254 4043 479 4118 citum
557 4039 1044 4132 conscribere,
1121 4038 1517 4113 Helvetios
1585 4037 1930 4112 finitimos
2004 4063 2338 4134 evocare,
2408 4067 2500 4120 ex

253 4169 484 4245 Italia
522 4164 800 4242 auxilia
821 4166 1139 4259 mittere,
1178 4164 1453 4240 nullius
1495 4164 1777 4239 laboris
1823 4168 2346 4264 propemodum
2389 4192 2501 4245 es-

255 4318 358 4374 se.
397 4295 788 4392 Principes
844 4302 1087 4370 tamen
1138 4293 1423 4391 imperii
1482 4293 1950 4390 respondent,
2008 4294 2189 4371 nihil
2228 4321 2331 4390 se,
2368 4320 2505 4372 nec

258 4447 412 4517 eos,
455 4421 691 4520 quiin
750 4418 1028 4495 Galliis
1070 4421 1230 4495 sive
1289 4421 1433 4513 uni,
1495 4421 1654 4496 sive
1712 4420 1928 4494 alteri
1983 4422 2184 4519 parti
2224 4423 2502 4498 auxilia

253 4552 563 4640 ferrent,
611 4555 869 4623 contra
923 4547 1223 4623 decreta
1280 4547 1574 4647 imperii
1623 4545 2103 4624 committere.
2147 4547 2338 4625 Nam
2395 4547 2504 4630 ita
