3293 5219
671 303 833 389 404
856 361 865 376 ·

674 536 748 602 et
784 524 1067 601 familia
1086 523 1675 623 inAquitaniam,
1696 522 2081 600 vitabundi
2104 522 2349 598 omnia
2384 522 2929 621 praesidiorum

671 656 857 742 loca,
897 675 1061 726 cum
1097 651 1356 750 paucis
1418 658 1851 743 evaserunt3
1913 648 2315 723 cardinalis
2336 655 2578 723 autem
2600 645 2927 724 Odettus

675 776 1223 854 Castillonaeus
1245 778 1318 852 in
1343 777 1720 873 Angliam,
1742 775 2361 875 persequentibus
2383 797 2545 848 eum
2567 774 2927 850 militibus

668 927 903 1000 usque
922 903 1018 976 ad
1038 927 1255 996 mare,
1271 903 1620 1002 profugit,
1642 902 1972 977 evocatis
1987 909 2228 976 autem
2251 925 2345 976 ex
2364 900 2773 998 Aquitania
2790 926 2928 1000 per

668 1052 919 1125 regem
958 1028 1189 1126 copiis
1239 1028 1312 1101 in
1366 1028 1845 1123 Burgundiae
1873 1035 1947 1102 et
1980 1026 2372 1101 Picardiae
2390 1027 2604 1119 fines,
2646 1026 2919 1124 quibus

670 1153 1091 1230 Condacum
1114 1163 1189 1228 et
1210 1154 1453 1229 socios
1473 1160 1733 1252 petere
1775 1161 2159 1246 statuerat,
2180 1150 2331 1226 illis
2355 1159 2556 1227 tutus
2576 1159 2925 1250 receptus

667 1280 828 1374 fuit3
887 1289 962 1354 et
998 1280 1274 1379 oppida
1311 1289 1532 1376 atque
1574 1281 1919 1355 civitates
1959 1279 2227 1376 partim
2252 1287 2517 1378 sponte
2558 1278 2630 1352 in
2665 1286 2928 1377 partes

671 1429 919 1482 eorum
935 1406 1701 1503 accesserunt,partim
1725 1406 1797 1479 vi
1821 1414 2039 1501 atque
2061 1412 2373 1496 metu,ac
2391 1401 2929 1478 confluentibus

672 1558 764 1610 ex
821 1533 1157 1608 omnibus
1218 1532 1555 1630 partibus
1619 1531 1715 1607 ad
1772 1553 1902 1607 eos
1953 1529 2389 1623 hominibus,
2431 1529 2553 1626 qui
2611 1531 2928 1606 tutiores

667 1683 750 1733 se
789 1658 864 1731 in
903 1657 1128 1731 armis
1185 1681 1402 1753 quam
1441 1658 1517 1731 in
1554 1658 1869 1733 urbibus
1910 1664 2283 1755 putarent,
2333 1656 2590 1754 copias
2630 1663 2927 1731 contra-

666 1791 950 1859 xerunt.
1047 1784 1243 1857 Nam
1298 1783 1537 1858 edicto
1595 1784 1719 1858 diu
1778 1792 1950 1859 ante
2012 1784 2347 1858 confecto
2406 1805 2541 1880 per
2579 1781 2928 1856 Lotarin-

670 1932 842 2003 gum
864 1932 956 1984 ex
984 1909 1357 1984 sententia
1431 1908 1548 1982 Pii
1588 1909 1680 1983 V.
1723 1908 2088 2007 pontificis
2146 1908 2447 1983 maximi
2483 1916 2558 1982 et
2593 1904 2930 2004 Philippi

668 2034 874 2130 regis
914 2033 1473 2131 Hispaniarum,
1515 2041 1590 2108 et
1623 2042 1776 2109 tum
1817 2034 2125 2133 primum
2157 2034 2651 2132 promulgato,
2693 2040 2931 2107 cater-

669 2158 896 2234 vatim
938 2159 1100 2251 viri,
1145 2137 1514 2250 mulieres,
1537 2159 1895 2256 puerique
1954 2159 2357 2235 severitate
2386 2180 2676 2255 poenae
2707 2157 2923 2232 relic-

672 2286 768 2360 tis
810 2285 1150 2361 domibus
1193 2269 1740 2383 profugiebant,
1801 2293 1874 2364 et
1928 2284 2001 2359 in
2039 2284 2266 2359 urbes
2306 2285 2401 2359 ab
2460 2282 2927 2358 adversariis

671 2420 1091 2508 occupatas,
1141 2419 1267 2486 aut
1304 2412 1378 2486 in
1417 2419 1667 2486 castra
1705 2432 1787 2484 se
1847 2410 2329 2509 recipiebant.
2371 2406 2769 2485 Condaeus
2808 2434 2924 2486 er-

669 2562 768 2634 go
807 2559 1093 2612 omnem
1167 2535 1670 2613 conserendae
1745 2537 2040 2634 pugnae
2111 2534 2576 2611 occasionem
2617 2558 2926 2632 quaere-

667 2665 816 2737 bat.
862 2662 959 2736 At
1014 2663 1203 2758 regii
1261 2687 1353 2737 ex
1410 2661 1800 2757 Lotaringi
1859 2671 1934 2737 et
2001 2662 2308 2758 reginae
2368 2660 2679 2738 consilio
2721 2658 2917 2736 Con·

665 2789 926 2862 daeum
1000 2810 1303 2884 carpere
1397 2796 1677 2862 tantum
1754 2795 1829 2863 et
1923 2787 2339 2883 defatigare
2417 2787 2907 2863 conabantur.

666 2916 930 3006 Itaque
967 2935 1103 3009 per
1158 2912 1469 2986 hiemem
1508 2913 1709 2986 levia
1747 2911 2035 3010 praelia
2090 2914 2449 3011 pleraque
2487 2913 2691 2986 facta
2732 2919 2925 3004 sunt,

667 3045 740 3111 et
778 3036 1054 3136 oppida
1113 3045 1337 3133 atque
1375 3039 1600 3113 urbes
1660 3038 1756 3112 ab
1793 3046 2109 3134 utraque
2146 3048 2361 3136 parte
2416 3047 2866 3137 expugnata.

880 3161 982 3235 At
1035 3161 1109 3236 in
1165 3163 1555 3260 Hispaniis
1607 3163 2044 3237 admirabile
2101 3164 2277 3261 quid
2315 3164 2603 3257 accidit,
2642 3170 2717 3239 et
2754 3164 2921 3260 dig-

665 3308 835 3362 num
896 3287 1091 3384 quod
1146 3288 1243 3363 ad
1296 3289 1806 3386 posteritatem
1872 3290 2438 3366 transmittatur.
2532 3286 2925 3388 Philippus

665 3412 857 3487 enim
893 3437 1026 3487 rex
1070 3411 1598 3512 Hispaniarum
1619 3416 1909 3490 unicum
1930 3416 2257 3491 habebat
2295 3416 2522 3491 filium
2562 3438 2653 3490 ex
2683 3415 2927 3514 prima

663 3554 894 3614 uxore
914 3537 1214 3614 lusitani
1235 3540 1438 3636 regis
1458 3540 1937 3633 filia,nomine
1968 3539 2337 3635 Carolum,
2361 3543 2486 3640 qui
2522 3542 2599 3617 in
2638 3541 2762 3616 avi
2797 3563 2923 3616 no-

666 3687 833 3738 men
873 3688 1249 3761 regnaque
1289 3677 1773 3744 successurus
1814 3678 1996 3763 erat,
2054 3693 2291 3765 eaque
2320 3672 2478 3765 jam
2520 3675 2787 3760 aetate,
2842 3676 2926 3743 ut

664 3790 1204 3866 matrimonium
1280 3791 1390 3867 illi
1467 3804 1880 3890 pararetur.
1985 3794 2360 3892 Siquidem
2435 3794 2926 3869 Maximiliani

669 3916 1003 3992 caesaris
1042 3918 1537 4016 primogenita
1579 3946 1670 3997 ex
1724 3904 1989 3997 Caroli
2021 3922 2113 3997 V.
2154 3920 2312 3996 filia
2349 3919 2679 4019 Philippi
2715 3919 2929 4016 regis

669 4063 927 4117 sorore
966 4052 1163 4137 nata,
1208 4046 1571 4142 patruelis
1609 4047 1950 4143 patrueli,
1991 4070 2182 4122 novo
2223 4053 2297 4121 et
2334 4045 2663 4121 inaudito
2701 4068 2931 4141 gene·

666 4191 747 4241 re
787 4170 1127 4244 connubii
1168 4172 1539 4271 desponsa
1577 4166 1734 4247 fuit.
1827 4170 2044 4247 Hunc
2115 4172 2336 4247 talem
2376 4171 2959 4247 adolescentem·

666 4297 742 4372 in
779 4293 961 4369 flore
1001 4297 1269 4372 aetatis
1305 4307 1520 4395 pater
1556 4298 1795 4395 primo
1834 4298 2202 4395 captivum
2240 4298 2439 4392 fecit,
2479 4298 2773 4373 tandem
2808 4298 2919 4371 in-

669 4422 919 4498 audito
975 4444 1208 4518 usque
1285 4423 1425 4497 huc
1479 4424 1668 4499 inter
1726 4424 2172 4500 christianos
2231 4425 2569 4522 exemplo
2605 4424 2922 4499 necavit.

667 4548 860 4623 Nam
901 4547 1143 4622 media
1179 4556 1389 4623 nocte
1429 4550 1835 4626 cubiculum
1878 4551 2270 4647 ingressus
2308 4548 2919 4626 filiumdormien-
