3293 5219
2303 376 2458 452 133

202 595 361 669 lore
401 593 719 683 trabunt,
765 600 891 668 aut
925 592 1382 691 parentibus,
1425 591 1641 682 natis,
1684 590 2271 689 conjugibusque
2308 593 2435 669 ho-

210 723 341 797 stis
381 720 839 797 immanitate
880 719 1204 818 spoliati,
1246 719 1369 793 vix
1410 726 1771 815 angustos
1810 740 2037 815 agros
2075 717 2149 791 in
2185 742 2448 818 perpe·

204 858 312 923 tue
369 870 705 923 moerore
781 855 1111 938 tuentur,
1189 847 1511 922 debitam
1582 869 1871 944 precor.
1931 846 2099 919 Non
2155 846 2448 941 abnego

203 983 507 1050 aetatem
568 973 759 1049 hanc
815 973 1339 1071 imperitiorem
1381 972 1714 1061 consilio,
1774 980 2208 1067 rectoreque
2265 972 2446 1046 indi-

208 1124 375 1196 gere
419 1128 436 1171 :
518 1109 600 1175 at
652 1122 912 1174 nomen
952 1122 991 1173 e
1054 1107 1312 1175 centra
1366 1100 1674 1195 regium,
1732 1098 2080 1195 ducisque
2133 1100 2209 1173 in
2247 1101 2446 1175 bello

197 1227 638 1323 praesentia,
676 1225 1063 1324 plurimum
1107 1227 1201 1300 ad
1243 1226 1836 1323 consequendam
1876 1226 2256 1300 victoriam
2296 1250 2443 1302 mo·

190 1354 391 1427 menti
432 1351 685 1435 habet,
710 1376 851 1449 quo
871 1361 1261 1451 postquam
1294 1361 1418 1427 tuo
1452 1355 1671 1449 Jussu
1710 1353 1999 1447 fungar,
2041 1360 2210 1430 tuos
2239 1351 2436 1428 haud

198 1477 396 1554 dubie
438 1477 902 1552 incredibilis
926 1478 1234 1570 laetitia,
1257 1479 1350 1552 ad
1373 1478 1763 1553 ineundam
1784 1501 2107 1574 pugnam
2146 1502 2432 1577 promp-

196 1603 432 1696 titudo,
477 1602 765 1679 hostem
804 1629 846 1678 e
886 1604 1185 1679 diverso
1227 1612 1486 1696 metus,
1526 1603 2071 1702 trepidatieque
2109 1604 2435 1680 invadet.

204 1726 472 1821 Cetera,
535 1753 727 1826 quae
788 1729 881 1804 ad
946 1753 1068 1805 res
1123 1729 1632 1829 procurandas
1689 1730 2178 1828 pertinebunt,
2239 1752 2433 1805 eom-

210 1856 614 1931 modissime
672 1857 801 1931 alii
841 1856 1066 1934 duces
1124 1858 1228 1932 tui
1285 1881 1515 1954 penes
1573 1881 1690 1933 me
1751 1856 2086 1948 adhibiti,
2163 1865 2433 1949 aetate,

209 1981 503 2078 ingenie,
547 1983 1029 2080 experientia,
1073 2006 1314 2057 rerum
1352 1992 1736 2079 gestarum
1766 1984 2008 2080 gloria
2061 1983 2434 2059 nobilissi-

206 2107 299 2196 mi,
370 2109 889 2207 praestabunt.
981 2108 1306 2200 Quorum
1383 2109 1662 2184 monita
1721 2119 2055 2200 secutus,
2147 2108 2433 2207 reliqua

203 2256 363 2328 quae
403 2234 716 2325 viribus,
740 2235 1151 2331 vigilantia,
1173 2234 1684 2331 industriaque
1705 2235 2157 2332 perficienda
2197 2245 2429 2328 erunt,

204 2365 265 2432 et
365 2361 533 2459 ipse
632 2359 934 2435 sedulus
1061 2361 1323 2452 ebibe,
1415 2362 1710 2458 Deique
1822 2386 1999 2460 epe,
2112 2362 2428 2437 subditis

199 2486 344 2577 tuis,
383 2486 636 2583 quoad
676 2489 838 2583 ejus
881 2487 1040 2562 fieri
1080 2487 1645 2585 poterit,otium,
1672 2487 2010 2585 quietem,
2057 2489 2425 2564 incolumi·

186 2618 562 2711 tatemque,
642 2614 777 2688 tibi
821 2638 994 2689 vere
1049 2615 1520 2713 posterisque
1578 2616 1723 2691 tuis
1764 2617 2101 2691 omnibus
2164 2639 2425 2714 peren-

188 2761 326 2813 nem
382 2739 586 2838 apud
648 2748 951 2815 cunctos
1009 2742 1361 2817 mortales
1421 2744 1712 2818 laudem
1774 2766 2207 2840 comparare
2251 2765 2436 2819 con--

193 2866 476 2941 tendam.
560 2868 658 2941 Ni
717 2892 894 2942 vere
953 2869 1245 2958 feceris,
1306 2894 1494 2966 quae
1554 2880 1671 2945 est
1731 2870 1966 2946 hostis
2024 2872 2420 2963 calliditas,

192 3015 354 3089 quae
389 2994 465 3068 in
525 2996 753 3069 rebus
792 2995 1143 3090 gerendis
1202 2997 1571 3091 celeritas,
1632 2995 2119 3096 laborumque
2158 3007 2232 3074 et
2273 3023 2418 3074 me-

191 3121 546 3201 lestiarum
601 3122 1034 3197 bellicarum
1096 3124 1626 3223 insuperabilis
1681 3126 2061 3225 patientia,
2139 3126 2423 3224 pericu-

192 3245 312 3322 lum
364 3251 524 3341 erit,
570 3274 662 3324 ne
721 3273 870 3326 nen
927 3250 1161 3325 solum
1219 3250 1670 3347 Ungariam.
1751 3276 1968 3349 quam
2036 3252 2424 3349 potissima

194 3383 379 3467 parte
406 3378 574 3472 jam
668 3374 918 3468 habet,
959 3376 1092 3450 sed
1196 3375 1591 3453 Austriam.
1656 3378 2186 3453 nobilissimam
2244 3401 2421 3473 gen-

190 3496 268 3572 tis
298 3508 467 3578 tuae
486 3503 1001 3594 hereditatem,
1043 3503 1209 3578 dein
1266 3505 1626 3602 reliquam
1672 3504 2167 3587 Germaniam,
2206 3506 2417 3580 brevi

190 3618 492 3728 tempore
533 3632 752 3706 nobis
773 3629 1032 3726 pulsis,
1072 3654 1252 3708 suae
1291 3632 1763 3707 dominationi
1803 3631 2215 3728 subjiciat“.
2272 3631 2417 3707 His

187 3757 624 3855 preloquutis
682 3758 1121 3833 adolescens
1177 3768 1567 3856 postquam
1645 3758 2144 3853 conticuisset,
2201 3767 2417 3857 pater

187 3878 248 3955 in
280 3882 461 3959 hunc
502 3885 794 3961 modum
851 3887 1287 3983 respondet:
1331 3884 1694 3979 „Gratum
1751 3886 1966 3962 nobis
2005 3885 2416 3978 est,Ferdi-

186 4010 423 4102 nande,
478 4012 676 4109 quod
751 4014 1121 4109 ingenium
1179 4016 1537 4110 majorum
1594 4024 1916 4104 tuorum,
1978 4013 2101 4110 qui
2157 4037 2291 4112 pro
2330 4039 2410 4093 re

189 4130 572 4214 christiana
608 4139 1072 4236 subditisque
1150 4142 1326 4234 suis,
1366 4163 1511 4216 non
1549 4141 1871 4237 vigilias,
1908 4164 2052 4216 nen
2089 4141 2411 4232 labores,

191 4281 313 4334 non
329 4270 678 4361 sumptus,
700 4287 846 4339 nen
870 4264 1294 4340 discrimina
1312 4266 1467 4339 ulla
1487 4265 2102 4353 detrectaverunt,
2127 4287 2219 4339 ex
2237 4274 2311 4341 te
2334 4266 2409 4341 in

189 4386 396 4479 prime
445 4390 859 4485 Juventutis
915 4397 1089 4465 tuae
1143 4390 1349 4482 flere,
1391 4414 1535 4466 non
1574 4394 1892 4467 obscura
1929 4392 2216 4467 futurae
2255 4392 2399 4468 vir-

189 4512 340 4586 tutis
377 4524 811 4612 argumenta
849 4516 1139 4591 elucere
1197 4517 1882 4611 animadvertimus;
1928 4519 2401 4617 praecipuum

198 4638 437 4737 quippe
475 4665 983 4740 summumque
1041 4645 1113 4716 in
1170 4644 1497 4742 principe
1554 4645 1711 4719 viro
1751 4657 1884 4740 est,
1924 4654 2003 4722 ut
2042 4646 2403 4723 sincerum
