3293 5219
2157 321 2479 388 LXXVII

208 487 511 583 quidem
555 491 812 585 putavi
868 492 942 567 id
1003 494 1379 572 oblivione
1438 498 1576 572 mei
1635 500 2004 579 accidisse
2044 499 2249 604 (quid
2287 507 2478 582 enim

206 612 384 687 mihi
426 615 731 698 certius.
775 641 990 714 quam
1052 643 1166 694 me
1221 621 1611 719 plurimum
1671 626 1812 701 abs
1870 635 1940 703 te
1980 625 2304 729 amari)‘?
2343 634 2477 709 sed

204 749 328 817 aut
371 742 939 819 tabellariorum
979 746 1199 845 culpa
1234 747 1530 840 factum,
1569 759 1698 826 aut
1736 775 1898 829 meo
1939 756 2255 850 quodam
2294 758 2473 850 fato,

207 865 419 943 cuius
482 893 627 966 ego
670 871 813 945 vim
855 873 1081 948 rebus
1134 872 1319 948 meis
1376 874 1715 952 omnibus
1771 878 2041 973 infesti,
2084 883 2209 957 vix
2250 905 2473 980 posse

202 990 471 1070 videor
507 995 666 1072 ulla
703 997 992 1073 ratione
1049 1000 1405 1094 effugere.
1474 1003 1586 1077 lta
1634 1024 1795 1078 cum
1833 1005 2075 1084 animo
2124 1031 2465 1107 angerer,

202 1127 274 1195 et
312 1120 497 1196 mihi
538 1130 738 1199 totus
778 1121 919 1198 hoc
969 1124 1258 1200 nomine
1296 1125 1812 1227 displicerem;
1852 1136 2306 1210 commodum
2345 1136 2465 1213 lit-

205 1254 418 1322 terae
458 1270 672 1323 meae
694 1247 985 1324 Vienna
1025 1272 1071 1323 a
1110 1248 1202 1325 V.
1225 1247 1310 1325 C.
1350 1249 1643 1327 Joanne
1683 1250 2007 1333 Cratone
2046 1260 2471 1357 afferuntur,

203 1371 278 1447 in
336 1372 630 1471 quibus,
690 1397 852 1449 cum
909 1374 1062 1450 alia
1099 1384 1351 1470 erant,
1412 1401 1601 1475 quae
1658 1403 1776 1455 me
1833 1382 2027 1457 scire
2083 1408 2248 1461 mea
2302 1410 2467 1485 per-

205 1499 462 1594 magni
500 1499 875 1576 interesse
904 1499 1401 1599 existimabat,
1444 1511 1593 1578 tum
1651 1501 1836 1580 illud
1891 1506 2251 1607 imprimis
2291 1512 2470 1587 Kal.

208 1625 437 1700 Maiis
493 1625 929 1724 pervesperi
985 1626 1080 1702 ad
1137 1648 1221 1702 se
1263 1625 1357 1701 N.
1403 1628 1723 1723 venisse,
1762 1632 1867 1707 tui
1915 1632 2280 1711 hominem
2320 1646 2468 1713 stu-

209 1752 734 1844 diosissimum,
778 1753 903 1850 qui
959 1774 1120 1828 cum
1174 1752 1406 1846 illum,
1465 1762 1542 1830 et
1597 1758 1830 1833 multa
1885 1760 2037 1835 alia
2093 1761 2186 1836 de
2223 1786 2359 1857 me,
2401 1773 2475 1838 et

208 1888 453 1955 utrum
491 1902 585 1956 eo
642 1886 977 1979 tempore
1015 1879 1354 1956 Viennae
1413 1905 1712 1978 agerem
1769 1895 2293 1983 percunctatus
2353 1913 2463 1965 es-

208 2015 342 2101 set,
379 2006 572 2084 illud
610 2007 853 2103 etiam,
889 2016 1187 2107 praeter
1226 2031 1435 2085 suam
1474 2014 2104 2108 exspectationem
2143 2017 2466 2093 addidis-

210 2143 341 2227 set,
400 2135 657 2212 datum
712 2158 884 2212 esse
941 2137 1082 2210 abs
1138 2143 1212 2211 te
1270 2135 1414 2211 sibi
1468 2134 1545 2212 in
1600 2140 1990 2230 mandatis,
2043 2151 2123 2218 ut
2180 2152 2468 2220 centum

209 2261 386 2337 mihi
440 2261 653 2339 aurei
706 2262 908 2338 numi
964 2261 1325 2358 Vngarici
1382 2250 1965 2361 numerarentur,
2007 2268 2271 2366 quibus
2330 2293 2469 2368 pro

211 2387 481 2464 viatico
542 2388 871 2488 acceptis
893 2443 911 2478 ,
967 2410 1084 2464 me
1138 2388 1374 2487 primo
1452 2411 1746 2489 quoque
1825 2401 2154 2492 tempore
2227 2394 2472 2471 isthuc

209 2515 716 2591 transferrem.
756 2513 972 2609 Quod
1011 2514 1302 2613 quidem
1338 2514 1448 2591 ita
1487 2515 1663 2591 mihi
1713 2517 1984 2594 accidit
2037 2528 2354 2617 gratum,
2390 2530 2471 2596 ut

212 2641 578 2740 voluptati
615 2651 883 2738 tamen,
925 2665 1146 2740 quam
1185 2664 1542 2718 summam
1575 2645 1810 2744 coepi,
1850 2645 2237 2723 molestiae
2274 2646 2470 2724 idem

208 2767 547 2845 nonnihil
584 2768 1000 2868 asperserit
1041 2795 1056 2841 :
1100 2768 1225 2845 vix
1264 2768 1456 2846 enim
1502 2770 1667 2847 fieri
1702 2793 1930 2870 posse
1965 2779 2163 2871 puto,
2202 2781 2285 2850 ut
2318 2796 2466 2850 non

205 2894 445 2970 eidem
502 2893 720 2971 simul
774 2893 1068 2972 litteras
1126 2894 1224 2971 ad
1260 2917 1379 2971 me
1417 2894 1713 2973 dederis
1755 2924 1772 2971 ε
1812 2921 2119 2996 quarum
2175 2900 2467 2998 quidem

205 3020 607 3115 desiderio,
647 3044 792 3099 non
847 3022 941 3099 ob
997 3045 1161 3099 eam
1216 3022 1452 3099 solam
1501 3046 1847 3100 caussam
1903 3023 2209 3117 afficior,
2269 3027 2467 3125 quod

205 3147 385 3224 mihi
422 3171 722 3248 semper
756 3155 931 3225 tuae
969 3147 1262 3226 litterae
1317 3148 1888 3228 iucundissimae
1926 3152 2288 3246 accidunt,
2328 3153 2467 3230 sed

205 3274 402 3374 quod
440 3297 680 3373 neque
719 3274 939 3352 etiam
961 3275 1288 3353 incertus
1327 3297 1656 3354 mearum
1681 3298 1927 3354 rerum
1947 3278 2178 3355 variis
2199 3288 2459 3357 aestuo

202 3403 443 3481 curis:
477 3395 788 3501 q‘uarum
826 3402 1118 3501 quidem
1155 3425 1307 3480 una
1343 3411 1462 3479 est
1496 3402 1842 3497 maxima,
1863 3412 1944 3480 ut
1968 3404 2106 3480 tibi
2131 3406 2466 3505 poscenti

203 3551 443 3606 meam
503 3550 806 3628 operam
864 3528 1121 3604 videar
1177 3527 1374 3604 haud
1431 3527 1783 3604 defuisse.
1842 3527 2129 3626 Itaque,
2170 3551 2313 3627 quo
2349 3552 2464 3606 me

201 3664 511 3748 vertam,
551 3678 697 3730 non
754 3650 1018 3746 habeo,
1076 3652 1254 3728 mihi
1306 3653 1472 3752 ipse
1517 3651 1829 3746 invisus,
1869 3651 1986 3728 cui
2021 3675 2147 3729 res
2185 3675 2463 3746 omnes,

201 3804 391 3880 quae
446 3787 860 3880 temporum
896 3779 1164 3857 iniuria
1200 3803 1337 3878 per
1391 3801 1476 3855 se
1522 3778 1723 3855 haud
1758 3778 1947 3855 satis
1985 3785 2158 3855 sunt
2193 3777 2465 3870 laetae,

200 3910 340 3986 hoc
376 3905 674 3983 nomine
712 3905 1102 3983 videantur
1141 3905 1499 3982 duriores.
1543 3901 1695 3981 Sed
1713 3904 1906 3981 hanc
1940 3903 2180 4004 ipsam
2217 3913 2463 3982 tamen

199 4059 245 4110 a
278 4058 398 4111 me
435 4033 714 4110 factam
769 4032 1129 4110 iacturam
1181 4031 1565 4132 temporis,
1604 4040 1681 4108 et
1716 4054 1852 4130 spe
1893 4038 2100 4108 certa
2137 4031 2458 4108 sarciam

199 4158 625 4260 praesentis
672 4158 983 4249 visendi,
1021 4167 1098 4235 et
1132 4156 1425 4234 colendi
1478 4155 1609 4251 tui,
1649 4164 1725 4232 et
1760 4154 1986 4232 officii
2043 4155 2461 4252 sedulitate,

200 4288 542 4364 omnibus
579 4285 895 4383 agendis
933 4285 1179 4380 rebus,
1219 4304 1407 4381 quas
1445 4281 1825 4381 pertinere
1850 4280 1949 4357 ad
1974 4286 2179 4358 tuam
2218 4284 2458 4381 digni-

200 4423 448 4505 tatem,
488 4411 966 4506 commodum,
1006 4410 1606 4504 voluntatemque
1645 4406 2109 4483 existimabo.
2147 4409 2452 4485 Interim

203 4542 463 4618 crebro
504 4537 600 4613 ad
638 4545 713 4613 te
749 4539 1021 4614 litteris
1059 4535 1456 4627 mittendis,
1495 4543 1571 4609 et
1616 4531 1986 4607 desiderio
2044 4542 2166 4610 tuo
2206 4555 2455 4610 occur-
