3293 5219
2170 306 2489 371 LXXXV

253 504 529 568 exstant
580 494 896 567 traditae
941 521 952 563 :
998 493 1367 567 feliciores
1427 502 1694 581 tamen,
1736 493 1797 564 si
1842 492 2072 565 nostri
2132 490 2490 587 corporis,

252 628 681 717 nostraeque
718 621 966 715 gentis
1026 619 1471 713 contigisset
1531 642 1772 693 rerum
1812 643 1856 691 a
1905 616 2309 691 Maioribus
2358 639 2489 689 no-

252 746 411 820 stris
446 746 840 844 praeclare
881 755 1257 840 gestarum
1300 742 1722 842 Scriptores
1763 744 2060 832 habere,
2101 767 2192 817 ne
2232 742 2327 816 ab
2366 766 2489 816 ex-

246 874 410 948 teris
450 875 693 949 avitus
756 875 1003 969 gentis
1063 881 1363 947 nostrae
1422 871 1779 969 splendor
1837 877 2040 945 esset
2088 868 2490 967 petendus3

248 1007 311 1071 et
360 999 800 1093 praesertim
855 1000 950 1073 ab
1012 999 1142 1084 iis,
1203 1020 1390 1095 quos
1454 997 1978 1093 Hungarorum
2056 1019 2264 1069 arma
2318 996 2487 1068 olim

247 1124 659 1219 fatigarunt,
704 1127 847 1223 qui,
889 1135 965 1200 ut
1005 1133 1183 1201 sunt·
1233 1124 1534 1221 ingenia
1587 1123 1911 1199 humana
1961 1122 2058 1196 ad
2098 1144 2304 1195 suam
2346 1122 2490 1195 cui-

252 1273 376 1346 que
416 1251 807 1326 levaudam
847 1251 1142 1350 culpam
1185 1251 1405 1325 nimio
1446 1253 1616 1350 plus
1655 1249 1994 1335 facunda,
2037 1246 2236 1324 haud
2275 1245 2492 1320 dubie

249 1376 522 1470 gloriae
578 1379 829 1470 gentis
885 1387 1186 1453 nostrae
1263 1377 1655 1453 scribendo
1715 1375 2045 1450 nonnihil
2104 1373 2491 1469 decerpse-

250 1512 416 1579 runt.
476 1504 692 1579 Vnus
751 1504 941 1578 inter
1000 1506 1490 1602 paucissimos
1549 1502 1835 1579 exstitit
1890 1500 2285 1597 Indigena,
2347 1523 2492 1595 qua

250 1631 557 1724 generis,
615 1653 761 1726 qua
801 1630 1126 1722 honoris,
1169 1653 1314 1729 qua
1363 1629 1744 1705 doctrinae
1784 1628 2183 1728 splendore
2222 1630 2493 1715 clarus,

248 1753 929 1830 Reverendissimus
972 1756 1418 1831 Franciscus
1444 1756 1790 1847 Forgach
1834 1755 1923 1828 de
1949 1751 2309 1852 Ghymes,
2341 1753 2490 1827 An-

252 1881 452 1956 tistes
515 1881 683 1957 olim
729 1881 1296 1972 Varadinensis,
1356 1883 1480 1978 qui
1536 1881 1635 1955 ad
1691 1902 1818 1955 res
1859 1880 1973 1955 sui
2012 1880 2180 1955 aevi
2220 1880 2492 1955 descri-

253 2007 521 2083 bendas
560 2007 777 2083 fidem
821 2030 1176 2082 summam
1221 2016 1296 2081 et
1335 2007 1830 2103 eloquentiam
1872 2006 2071 2082 haud
2110 2005 2492 2100 vulgarem

249 2136 531 2227 adtulit3
574 2134 701 2229 qui
738 2134 845 2207 ita
883 2133 1249 2208 hominum
1312 2134 1524 2223 vitas,
1584 2134 2189 2229 singulorumque
2234 2132 2494 2231 priori-

256 2261 369 2333 *vns
405 2257 959 2334 succedentium
1001 2258 1351 2343 ordinem,
1395 2259 1498 2333 ita
1556 2257 1905 2346 locorum,
1942 2260 2048 2334 ita
2088 2270 2491 2356 temporum

249 2385 500 2459 seriem
541 2393 659 2458 est
698 2386 1144 2478 complexus,
1190 2391 1262 2457 et
1301 2392 1447 2457 tam
1512 2385 1896 2460 moderata
1953 2386 2048 2459 ad
2107 2384 2490 2458 Historiae

127 2611 132 2620 '
250 2531 562 2584 normam
625 2510 914 2583 dicendi
971 2509 1206 2606 copia,
1262 2517 1341 2583 ut
1397 2509 1576 2583 nihil
1636 2510 2083 2586 adfectatum
2122 2512 2194 2583 in
2236 2532 2325 2583 eo
2367 2533 2493 2607 ap-

249 2661 501 2733 parere
561 2636 917 2710 videatur.
997 2635 1189 2727 Quia
1246 2660 1462 2724 ver0,
1523 2635 2015 2712 Serenissime
2091 2637 2491 2734 Princeps!

251 2762 646 2838 Historiam
707 2784 917 2837 suam
996 2763 1090 2836 ab
1150 2786 1237 2836 eo
1295 2771 1624 2861 tempore
1687 2764 1985 2844 orditur,
2049 2786 2192 2859 quo
2249 2762 2494 2859 Regni

250 2886 675 2983 Hungariae
726 2887 1133 2983 amplitudo
1190 2887 1548 2965 inclinari.
1611 2888 2335 2985 Transilvaniaeque
2377 2888 2494 2961 de-

250 3034 366 3086 cus
405 3013 860 3108 potissimum
922 3010 1284 3086 deflorere
1344 3013 1610 3110 coepit,
1652 3015 1886 3089 eritne
1947 3014 2240 3089 lectioni
2282 3010 2490 3087 Sere-

250 3137 492 3211 nitatis
538 3138 855 3212 Vestrae
914 3137 1106 3212 ullus
1173 3138 1362 3211 alius
1406 3138 1826 3214 Historicus
1885 3138 2192 3214 utilior?
2232 3148 2328 3228 ut,
2370 3138 2492 3234 qui

253 3263 485 3341 divino
543 3277 719 3340 nutu
778 3266 1086 3338 easdem
1145 3265 1481 3339 habenas
1520 3267 1943 3341 moderatur
1979 3267 2148 3357 iam,
2191 3289 2492 3362 quarum

255 3390 699 3476 varietatem,
743 3415 832 3465 ac
872 3390 1451 3465 vicissitudinem
1514 3392 1692 3474 totis
1753 3392 2012 3488 viginti
2071 3392 2354 3467 duobus
2414 3388 2491 3461 li-

253 3516 393 3590 bris
435 3516 758 3592 Illustris
800 3518 918 3590 hic
961 3519 1116 3606 Vir,
1164 3518 1654 3592 meritissimis
1694 3519 2086 3608 coloribus,
2127 3528 2201 3590 et
2239 3515 2492 3608 imagi-

258 3643 481 3730 nibus,
525 3645 840 3718 seclusis
897 3646 1159 3741 procul
1213 3648 1470 3719 favore
1527 3654 1601 3720 et
1659 3647 1848 3740 odi0‚
1888 3645 2101 3720 testis
2143 3645 2495 3731 oculatus,

250 3767 450 3845 immo
491 3793 673 3867 pars
713 3771 876 3868 ipse
918 3771 1303 3845 multarum
1344 3794 1587 3846 rerum
1613 3772 2035 3871 expressit?
2076 3770 2494 3869 Perspiciet

252 3895 406 3971 inde
445 3895 834 3972 Serenitas
883 3897 1173 3984 Vestra,
1215 3898 1385 3992 quid
1427 3896 1960 3973 florentissima
1999 3898 2187 3971 haec
2225 3898 2490 3994 Regna

255 4046 292 4097 e
327 4025 520 4099 felici
578 4033 777 4099 statu
839 4024 1263 4117 dimoverit3
1328 4023 1605 4100 videbit
1660 4034 1909 4124 rectas
1966 4048 2209 4100 rerum
2249 4024 2492 4098 mode-

252 4150 637 4226 randarum
677 4153 1041 4245 rationes;
1086 4152 1447 4240 advertet,
1490 4176 1707 4247 quam
1748 4152 1847 4226 sit
1884 4174 2006 4226 res
2047 4152 2268 4249 plena
2304 4152 2492 4249 peri-

251 4278 380 4351 culi
436 4281 785 4376 pietatem
829 4301 975 4352 non
1015 4278 1283 4370 colere,
1330 4279 1640 4354 dissidia
1679 4280 1871 4353 inter
1910 4302 2087 4354 suos
2126 4280 2330 4353 alere
2369 4300 2492 4375 po-

250 4401 384 4476 tius
413 4427 632 4500 quam
672 4427 1041 4496 coercere,
1067 4411 1520 4480 aestuantem
1548 4407 1900 4479 honorum
1925 4404 2492 4502 divitiarumque

252 4531 709 4630 cupiditatem
752 4556 893 4605 non
934 4532 1350 4626 refrenare;
1393 4556 1757 4629 quaenam
1802 4532 2090 4605 scelera
2119 4561 2131 4602 z
2162 4512 2492 4634 peruica-
