3293 5219
2326 277 2520 342 LVII

246 476 323 539 et
351 468 560 562 pacis
616 473 690 536 et
728 462 909 539 belli
964 463 1239 537 artibus
1299 461 1599 536 clarus“
1648 457 1813 558 106);
1874 465 1952 537 es
2008 462 2436 538 kfllbnbsen
2479 485 2518 533 e

238 587 772 692 jegyzesekrffl
814 615 831 662 t
880 586 1176 687 „Atque
1234 614 1387 662 non
1446 586 1693 662 solum
1732 588 1794 662 is
1832 588 2134 664 facilem
2187 613 2264 662 se
2302 611 2515 686 prae-

246 713 417 787 buit
450 712 746 811 seriptis
802 712 1056 787 fratris
1116 711 1500 789 tradendis
1542 739 1559 784 ε
1600 712 1731 785 sed
1769 736 2057 786 severus
2097 713 2316 787 etiam
2356 736 2514 784 cen-

249 864 393 931 sor,
449 838 511 911 si
566 836 753 937 quid
810 834 940 909 ille
997 836 1296 936 scripsit
1355 860 1607 912 errore
1666 835 1943 930 falsuS,
2003 837 2208 935 quod
2265 836 2517 910 minus

245 962 626 1061 scriptoris
663 960 859 1037 aeris
899 987 1081 1036 eura
1118 960 1535 1062 postularet
1565 956 1841 1060 (neque
1882 961 2079 1036 enim
2118 960 2238 1036 his
2275 962 2514 1060 impo-

248 1088 401 1163 suit
450 1098 857 1162 extremam
914 1081 1255 1184 manum)
1313 1090 1652 1185 apposita
1707 1098 1879 1160 nota
1935 1085 2376 1179 emendavit,
2435 1110 2514 1160 re

234 1212 688 1314 fideliter‚ut
721 1226 921 1314 qesta
961 1226 1142 1306 erat,
1180 1211 1538 1309 emplicata
1567 1240 1590 1285 .·
1630 1211 1836 1311 quod
1875 1209 2234 1288 facillime
2271 1210 2517 1311 potuit

248 1340 410 1439 ipse
447 1347 848 1438 praestare,
891 1346 977 1413 ut
1013 1348 1359 1411 strenuus
1397 1362 1628 1412 manu
1667 1336 2001 1435 gerenda
2028 1361 2129 1430 re,
2154 1336 2262 1410 sic
2286 1335 2512 1408 omni-

245 1465 377 1540 bus
416 1464 750 1565 inyemois
804 1462 1099 1556 artibus,
1141 1474 1225 1535 ut
1247 1460 1639 1559 praeclare
1684 1473 1925 1558 posset
1982 1487 2171 1560 quae
2219 1462 2514 1559 yesserit

245 1590 572 1684 scribere,
595 1586 1060 1686 perpolitus“
1088 1581 1244 1685 ¹⁰⁷).
1286 1586 1549 1689 Ennyi
1587 1585 1752 1662 r61a
1790 1587 1878 1660 itt
1913 1585 2104 1685 eleg.
2165 1582 2516 1659 Emleket

243 1715 526 1791 allitott
576 1715 754 1789 neki
811 1716 1131 1789 testvere
1189 1713 1522 1788 Ferencz
1572 1710 1782 1813 jelen
1841 1712 2191 1788 torteneti
2226 1710 2509 1786 mfi'vei-

248 1843 391 1916 ben
417 1898 440 1933 ‚
494 1843 909 1943 egyszerfl‚
970 1842 1328 1940 nyiigott,
1381 1838 1858 1940 targyilagos
1916 1834 2512 1912 elbeszellesevel

253 1994 438 2042 azon
496 1992 710 2066 nagy
767 1964 1189 2060 tetteknek,
1248 1961 1686 2065 melyekkel
1743 1962 2092 2062 Forgaeh
2149 1962 2411 2039 Simon
2470 1986 2516 2034 a

252 2093 440 2168 haza
497 2090 655 2167 ele&
712 2090 1071 2190 bajnokai
1132 2091 1211 2163 es
1268 2089 1576 2183 honfiai,
1638 2090 1805 2188 ugy
1843 2087 2034 2162 haza
2089 2087 2228 2163 sok
2255 2084 2514 2186 jelesei

253 2216 444 2311 kint,
485 2215 872 2316 maganak
911 2213 1381 2290 halhatatlan
1435 2224 1663 2289 nevet
1696 2214 1942 2289 vivott
1978 2212 2080 2286 ki.

470 2407 598 2498 ¹⁰⁶)
632 2411 801 2496 Opp.
834 2410 1053 2492 Varia,
1086 2408 1134 2473 I.
1168 2408 1319 2475 230.
1354 2406 1394 2473 l.

472 2518 597 2607 ¹⁰⁷)
632 2519 736 2585 De
769 2519 1095 2584 Historiae
1138 2516 1471 2583 Laudibus
1512 2515 1716 2604 (Opp.
1749 2514 1948 2581 Varia
1978 2514 2062 2580 ΙΙ.
2102 2511 2299 2600 761.).
