3293 5219
790 332 942 407 5:2ss

783 547 1035 640 simus,
1073 548 1146 623 in
1187 571 1401 647 quem
1478 572 1692 625 unum
1767 549 1872 623 ita
1909 550 2117 624 Deus
2193 546 2661 629 immortalis,
2738 567 3029 618 summa

786 674 1027 749 omnia
1059 674 1456 774 divinaque
1530 676 1976 766 contulerat,
2033 682 2148 764 ut,
2208 673 2400 770 quod
2439 672 2634 748 votis
2693 669 3032 747 omnibus

777 800 1175 898 optandum
1245 802 1459 877 nobis
1533 801 2165 899 expetendumque
2239 800 2414 881 fuit,
2481 799 2548 874 si
2608 797 2881 872 diutius
2923 821 3012 873 eo

782 925 1143 1023 Principe.
1183 922 1733 1022 Christianique
1771 926 1975 1000 orbis
2016 926 2478 999 moderatore
2515 923 2621 1000 uti
2667 924 3025 1009 licuisset,

786 1052 999 1125 huius
1055 1050 1270 1124 unius
1343 1051 1741 1148 auspiciis,
1782 1052 2070 1143 virtute,
2146 1050 2545 1140 felicitate,
2588 1059 2716 1125 aut
2753 1051 3028 1125 nullius

783 1186 1170 1276 praeterea
1223 1185 1331 1252 tot
1382 1178 1739 1253 malorum
1777 1179 1962 1263 finis,
2034 1201 2222 1276 quae
2261 1201 2397 1253 nos
2454 1178 2578 1253 diu
2634 1199 3030 1276 oppresse-

784 1314 970 1388 runt,
1010 1303 1459 1380 imminentia
1494 1314 1782 1401 urgent,
1821 1306 2043 1380 fuerit
2094 1306 2528 1403 sperandus.
2570 1305 2688 1379 lta
2725 1304 2896 1378 dum
2936 1328 3029 1378 ex

784 1434 925 1505 hoc
962 1429 1122 1504 loco
1163 1429 1253 1505 de
1291 1431 1448 1506 eius
1487 1432 1777 1506 eximiis
1817 1432 2156 1507 laudibus
2215 1433 2461 1507 dicere
2536 1431 2839 1505 instituo
2918 1430 3034 1519 (id

784 1558 956 1632 mihi
1009 1558 1589 1633 imbecillitatem
1665 1583 1984 1635 mearum
2063 1560 2321 1635 virium
2395 1558 2836 1655 agnoscenti
2861 1614 2877 1644 ,
2955 1565 3031 1631 et
3099 1560 3110 1577 “

784 1695 1209 1761 cunctanter
1282 1696 1357 1761 et
1393 1687 1796 1784 prudenter
1869 1687 2008 1762 fuit
2064 1683 2456 1783 agendum)
2537 1692 2646 1760 tot
2699 1684 3025 1781 undique

785 1834 907 1886 res
945 1821 1094 1885 tam
1132 1811 1322 1885 inter
1360 1835 1444 1887 se
1484 1812 1742 1886 variae
1783 1811 2053 1887 dicenti
2127 1818 2538 1896 occurrunt,
2578 1819 2690 1886 tot
2726 1810 3029 1908 expedi-

781 1938 1043 2028 tiones,
1083 1945 1194 2011 tot
1231 1937 1430 2013 bella
1466 1961 1599 2035 pro
1660 1938 1950 2013 tuendis
2013 1938 2309 2036 Imperii
2346 1937 2635 2025 finibus,
2686 1961 2823 2035 pro
2867 1933 3032 2010 Ma-

780 2064 1043 2138 iestate
1082 2060 1488 2137 Christiani
1541 2064 1853 2139 nominis
1894 2073 2283 2163 suscepta,
2352 2065 2456 2140 uti
2496 2063 2683 2139 illud
2739 2064 3035 2161 quidem

784 2217 924 2266 nou
964 2191 1349 2289 desperem
1390 2193 1588 2276 fore,
1663 2201 1743 2267 ut
1779 2193 2005 2268 animi
2044 2194 2185 2268 mei
2224 2193 2543 2269 studium
2618 2193 2694 2267 in
2755 2191 3034 2287 optime

784 2319 875 2392 de
914 2340 1027 2410 me
1068 2318 1400 2393 meritum
1458 2317 1876 2416 Principem
1928 2318 2333 2411 declarem,
2373 2321 2479 2395 uti
2517 2320 2720 2394 nulla
2759 2317 3030 2392 oratio-

790 2444 907 2518 nis
945 2443 1160 2538 copia
1215 2454 1436 2541 atque
1491 2444 1826 2531 artificio,
1902 2450 2270 2519 tantarum
2308 2468 2551 2519 rerum
2592 2443 3035 2540 magnitudi-

794 2594 959 2646 nem
1000 2568 1255 2660 videar
1294 2578 1726 2664 assecutus,
1799 2570 1875 2645 id
1915 2594 2088 2646 vero
2131 2571 2420 2648 minime
2479 2592 2800 2669 unquam
2841 2572 3035 2645 futu-

784 2720 940 2771 rum
979 2703 1248 2793 putem.
1292 2695 1438 2771 Sed
1492 2721 1605 2772 me
1642 2696 1828 2772 illud
1865 2706 2106 2772 tamen
2166 2697 2243 2772 in
2281 2722 2361 2773 re
2399 2708 2549 2774 tam
2586 2697 2802 2795 gravi
2842 2697 3035 2770 diffi-

785 2819 1052 2916 cilique
1090 2821 1534 2912 consolatur,
1576 2823 1770 2920 quod
1829 2823 2026 2921 apud
2066 2846 2194 2899 eos
2235 2824 2437 2900 viros
2510 2824 2743 2898 verba
2813 2823 3036 2913 facio,

788 2948 1053 3046 quibus
1112 2971 1253 3045 quo
1310 2950 1612 3048 propius
1671 2950 1877 3026 licuit
1933 2951 2375 3027 domesticas
2465 2951 2622 3026 eius
2691 2950 3032 3036 virtutes,

784 3073 1304 3166 fortitudinem,
1343 3076 1804 3172 sapientiam,
1847 3077 2415 3172 magnitudinem
2442 3076 2664 3152 animi
2685 3082 3031 3173 spectare

786 3196 956 3299 (etsi
1028 3199 1249 3295 longe
1327 3200 1620 3298 lateque
1677 3201 1932 3275 harum
1989 3204 2188 3277 fama
2253 3211 2666 3301 pervagata
2721 3205 2876 3290 est)
2935 3223 3028 3275 eo

786 3326 957 3401 mihi
996 3327 1385 3424 aequiores
1422 3328 1707 3403 futuros
1766 3352 2010 3426 spero.
2089 3332 2207 3404 Ita
2245 3320 2487 3404 autem
2565 3331 3034 3405 statuendum

786 3460 922 3541 est,
963 3451 1294 3551 quisquis
1331 3452 1456 3527 ille
1494 3453 1782 3527 futurus
1821 3454 1937 3544 sit,
2001 3455 2147 3552 qui,
2186 3464 2266 3530 ut
2304 3455 2618 3530 maxime
2692 3455 2787 3528 ab
2826 3455 3037 3549 inge·

788 3579 910 3653 nio
969 3584 1044 3652 et
1086 3578 1181 3652 ab
1222 3579 1639 3672 eloquentia
1678 3591 2003 3678 paratus,
2056 3602 2141 3654 se
2180 3581 2554 3656 existimet
2590 3603 2814 3679 posse
2856 3602 3033 3654 con·

784 3701 994 3801 sequi
1033 3702 1360 3792 dicend0‚
1383 3727 1570 3801 quae
1610 3704 1735 3780 ille
1775 3707 2084 3782 vivendo
2105 3709 2366 3804 gessit,
2405 3732 2566 3783 eum
2604 3709 2824 3806 plane
2862 3730 3034 3782 sua-

783 3854 941 3905 rum
980 3830 1238 3906 virium
1277 3831 1617 3921 oblitum,
1696 3855 1857 3906 cum
1914 3833 2242 3931 suscepti
2281 3857 2328 3908 a
2366 3855 2449 3907 se
2507 3833 2825 3908 muneris
2874 3856 3030 3908 ma·

783 3955 1255 4050 gnitudinem,
1330 3964 1478 4029 tum
1555 3956 1747 4054 apud
1823 3981 2006 4054 quos
2063 3959 2294 4034 verba
2348 3959 2578 4033 faciat
2648 3958 3029 4053 ignorare.

790 4079 1077 4153 Haeret
1106 4078 1294 4152 enim
1334 4079 1560 4157 infixa
1599 4083 1868 4158 vestris
1908 4084 2191 4174 animis,
2212 4092 2435 4181 atque
2473 4084 2680 4174 ade0,
2709 4093 2789 4159 ut
2825 4085 3034 4160 nulla
3111 4133 3116 4136 -

787 4205 886 4281 sit
924 4205 1399 4282 diuturnitate
1438 4209 1791 4307 temporis
1830 4209 2257 4286 obsoletura
2286 4267 2303 4301 ,
2378 4210 2812 4286 immortalis
2851 4211 3033 4287 Fer-

785 4331 1081 4407 diuandi
1120 4355 1211 4406 ac
1249 4331 1499 4407 divina
1536 4334 1791 4420 virtus,
1838 4336 2077 4411 lumen
2114 4336 2410 4433 ingenii,
2442 4334 2699 4409 invicti
2718 4360 2808 4410 ac
2846 4338 3034 4411 celsi

783 4459 1005 4535 animi
1045 4460 1302 4533 robur.
1361 4459 1661 4555 religiO,
1738 4463 2143 4560 sapientia,
2184 4486 2412 4560 quae,
2488 4464 2552 4536 si
2595 4463 2750 4538 ulla
2791 4464 2863 4537 vi
2903 4477 3034 4541 aut

788 4586 1117 4660 ubertate
1174 4585 1528 4658 orationis
1603 4586 1958 4684 explicari
2016 4588 2357 4684 possint:
2420 4597 2566 4662 tum
2625 4589 2783 4664 eius
2851 4613 3026 4665 esse
