3293 5219
2307 302 2458 381 201

227 522 514 598 nondum
553 528 1039 618 compareret,
1057 518 1153 595 ad
1188 522 1428 596 lucem
1454 542 1680 618 posse
1702 544 1783 595 se
1822 518 2066 596 redire
2121 523 2449 621 reliquos

226 650 466 725 milites
542 646 639 721 ad
712 645 1246 744 recipiendum3
1338 648 1654 722 navibus
1714 647 2095 740 onerariis,
2153 656 2232 724 ut
2289 663 2440 725 sta-

223 776 330 851 tim
346 771 925 874 proficiscantur,
949 782 1064 847 est
1082 773 1566 849 commissum.
1592 773 1972 849 Triremes
1997 799 2144 850 non
2184 776 2439 851 exive-

223 908 390 993 rant,
426 908 502 975 ut
539 907 706 975 erat
742 900 1181 991 conclusum,
1221 899 1416 997 quod
1454 907 1749 975 ventum
1800 901 2247 977 contrarium
2284 902 2420 979 ha-

225 1027 555 1121 buissent,
597 1033 672 1100 et
709 1024 1198 1100 credidissent
1236 1027 1379 1099 cito
1421 1048 1779 1119 casurum,
1799 1050 1893 1102 ne
1928 1028 2252 1124 remiges
2290 1054 2424 1128 per

226 1160 715 1252 tempestatem
744 1145 1177 1227 ‘conflictati
1194 1152 1268 1225 in
1308 1175 1552 1250 opere,
1609 1152 1676 1226 si
1713 1175 1889 1228 usus
1930 1161 2151 1245 esset,
2193 1152 2451 1230 defice-

224 1285 382 1353 rent.
438 1275 830 1375 Reliquum
873 1300 1082 1352 omne
1126 1284 1413 1376 tempus
1454 1279 1528 1351 in
1585 1279 1950 1355 mandatis
2011 1280 2168 1355 sine
2209 1283 2454 1378 quiete

224 1411 717 1501 consumptum
759 1410 891 1476 est.
920 1399 1028 1477 Ac
1085 1410 1257 1500 post
1314 1404 1633 1479 celocem
1690 1404 2104 1500 ingreditur
2160 1406 2323 1504 ipse
2381 1415 2455 1484 et

224 1553 365 1605 cnm
417 1551 501 1605 eo
597 1528 928 1603 Alvarus
1004 1530 1094 1603 de
1153 1526 1420 1620 Sande,
1491 1536 1565 1603 et
1653 1530 1851 1605 ultra
1904 1552 2121 1604 unam
2179 1530 2438 1606 horam

226 1653 733 1732 Gnimaranum
788 1654 1279 1730 trierarchum
1320 1656 1649 1731 triremis
1688 1656 2112 1753 praetoriae
2145 1681 2451 1755 exspec-

223 1790 464 1872 tantes,
521 1804 684 1858 cum
720 1805 865 1856 non
884 1788 1365 1878 compareret,
1395 1789 1864 1859 revertuntur
1885 1782 1981 1857 ad
2074 1785 2444 1862 triremem

224 1907 708 1998 conscensuri;
764 1927 947 2003 quos
973 1902 1473 1981 Guimaranus
1512 1914 1592 1981 ut
1627 1910 1889 2003 procul
1926 1911 2332 2009 prospexit,
2374 1921 2448 1988 et

221 2032 533 2123 clamore,
579 2038 652 2106 et
690 2041 903 2126 nutu,
942 2039 1022 2107 ut
1077 2041 1644 2127 reverterentur,
1705 2043 1778 2109 et
1831 2036 2296 2132 festinarent,
2342 2040 2440 2114 si-

222 2159 547 2253 gnificare
602 2157 881 2256 coepit3
958 2156 1321 2254 siquidem
1383 2160 1650 2233 classis
1707 2161 1989 2236 turcica
2034 2167 2195 2259 jam
2252 2187 2419 2240 con-

222 2284 645 2381 spiciebatur
691 2283 767 2356 in
804 2283 968 2380 ipso
1009 2285 1298 2358 omnino
1324 2285 1738 2383 crepusculi
1758 2293 2109 2384 tempore.
2149 2286 2437 2365 Pialius

223 2411 392 2485 enim
440 2404 840 2509 :superiori
935 2409 1074 2503 die,
1135 2411 1546 2508 quindecim
1645 2412 1950 2487 millium
2043 2414 2284 2511 spatio
2346 2415 2440 2490 ab

222 2534 600 2612 christiana
643 2532 906 2612 'classe
946 2535 1251 2632 distans,
1300 2537 1701 2614 Mustafam
1756 2537 2209 2637 praefectum
2262 2539 2445 2615 miti-

222 2664 567 2739 lenensem
607 2671 681 2738 et
718 2663 1189 2739 Vluchalium
1253 2661 1546 2761 apulum
1587 2666 2050 2761 transfugam
2089 2665 2449 2763 peritissi-

223 2810 362 2862 mos
400 2792 555 2884 ejus
595 2791 824 2865 maris
865 2791 942 2864 in
978 2813 1122 2865 una
1143 2790 1394 2866 celoce
1435 2790 1530 2865 ad
1561 2790 2093 2889 speculandum
2123 2791 2448 2887 miserat,

222 2923 282 2986 et
313 2915 545 2990 omnia
585 2917 979 3015 explorata
1037 2917 1462 3009 retulerant,
1539 2917 2167 3015 decreveramque
2224 2917 2440 2993 simul

221 3063 364 3114 enm
415 3051 671 3117 exortu
726 3043 914 3118 lucis
1006 3043 1262 3117 hostes
1321 3042 1617 3119 adoriri.
1699 3043 1928 3119 Forte
1983 3047 2145 3141 ejus
2201 3044 2438 3120 noctis

220 3165 566 3241 custodias
610 3163 863 3264 Scipio
905 3165 1133 3241 Auria
1191 3167 1552 3262 agitabat,
1587 3189 1778 3264 quae
1797 3175 1947 3243 tam
1984 3169 2442 3266 propinquae

221 3289 501 3385 fuerant,
543 3298 623 3366 ut
663 3314 826 3367 cnm
848 3287 1098 3389 Scipio
1139 3291 1428 3367 hostem
1466 3293 1630 3391 ipse
1658 3293 1990 3386 vidisset,
2030 3294 2125 3368 ab
2163 3294 2450 3370 univer-

219 3416 311 3489 sis
346 3439 627 3515 quoque
667 3418 1247 3514 conspiceretur,
1300 3426 1372 3493 et
1428 3418 1684 3493 eodem
1723 3427 2050 3516 tempore
2097 3421 2323 3515 fugae
2362 3442 2447 3494 se

219 3541 591 3634 mandaret,
614 3549 824 3616 tanta
841 3542 1423 3639 perturbatione,
1444 3551 1525 3618 ut
1542 3541 1944 3641 pleraeque
1966 3564 2199 3617 naves
2221 3543 2441 3617 etiam

218 3665 297 3737 ob
305 3667 514 3761 fugae
529 3667 996 3743 meditandae
1009 3692 1096 3742 ac
1110 3668 1512 3766 capiundae
1527 3668 2063 3765 ignorationem
2075 3667 2451 3765 perierint,

217 3792 587 3890 pleraeque
648 3793 724 3865 in
781 3789 1018 3868 salum
1054 3793 1296 3867 illisae
1357 3793 1524 3886 sint,
1566 3818 1659 3867 cx
1699 3793 1962 3890 quibus
2001 3792 2333 3867 homines
2370 3791 2445 3866 in

219 3936 395 3990 mare
427 3940 508 3993 se
546 3916 1016 3992 demittentes
1048 3918 1363 3993 vicinam
1404 3919 1714 4017 quisque
1756 3927 2033 3993 terram
2082 3918 2443 4013 capiebat,

217 4041 570 4117 credentes
632 4042 831 4139 apud
870 4041 1174 4117 Mauros
1234 4043 1308 4117 in
1367 4044 1795 4119 societatem
1869 4064 1957 4115 ac
2006 4041 2442 4137 religionem

215 4186 421 4261 nuper
455 4177 837 4264 asumptos
859 4168 1175 4244 salutem
1212 4169 1546 4266 reperiri.
1607 4165 1756 4242 Sed
1813 4166 2135 4242 naturali
2196 4166 2440 4242 inimi-

213 4284 370 4360 citia
406 4301 472 4365 et
526 4292 848 4367 avaritia
903 4294 1137 4367 omnis
1199 4293 1675 4369 humanitatis
1734 4299 1952 4389 atque
2013 4289 2238 4364 officii
2297 4315 2444 4366 me-

217 4411 491 4489 moriam
549 4424 925 4508 exuerant,
962 4424 1043 4491 nt
1081 4418 1296 4492 alteri
1353 4416 1570 4514 capti,
1611 4416 1830 4491 alteri
1886 4415 2230 4489 trucidati
2285 4415 2440 4489 fue-

230 4535 380 4610 rint.
419 4541 738 4618 Alvarus
775 4565 935 4619 cum
971 4543 1339 4640 expeditis
1379 4542 1733 4618 militibus
1772 4564 1905 4641 per
1928 4562 2136 4615 oram
2174 4540 2447 4616 mariti-
