3293 5219
795 323 954 401 434

789 540 1095 637 demque
1134 547 1440 638 pacatas
1480 537 1799 628 retinuit,
1842 546 1917 612 et
1955 538 2515 613 excursionibus
2552 538 2630 611 in
2669 536 3004 613 ditionem

791 673 1125 741 venetam
1161 665 1378 739 factis
1416 661 1822 762 Soppotum
1874 686 2161 762 quoque
2198 664 2685 761 recuperavit.
2724 661 3008 738 Classis

790 814 968 866 vero
1042 788 1366 889 Cyprum
1403 789 1634 864 tenuit
1688 790 1881 863 omni
1938 791 2035 864 ab
2089 789 2604 887 impedimento
2660 788 3009 864 immunis.

790 916 1140 992 Calendis
1214 916 1267 992 J
1270 915 1397 991 ulii
1452 914 1722 990 classis
1780 915 1877 989 ad
1932 916 2219 990 Baffum
2274 915 2582 1012 primum
2658 914 2819 989 visa
2867 922 3005 996 est,

790 1043 1009 1117 tertia
1099 1064 1275 1116 vero
1369 1040 1464 1115 ad
1555 1037 1853 1126 Salinas
1950 1040 2237 1137 equitus
2294 1047 2367 1114 et
2437 1039 2805 1137 peditatus
2889 1037 3012 1112 de-

789 1167 1241 1245 scensionem
1298 1166 1507 1259 fecit;
1585 1187 1803 1262 quam
1895 1164 2185 1261 quidem
2278 1164 2504 1240 Astor
2541 1165 2918 1241 Balionius
2942 1161 3013 1257 ¹⁸)

790 1298 1238 1391 gubernator
1315 1293 1865 1389 Famaugustae
1938 1292 2292 1390 impedire
2366 1316 2526 1366 cum
2580 1293 2903 1389 equitatu
2941 1298 3017 1364 et

790 1429 1000 1519 parte
1038 1420 1408 1518 peditatus
1466 1418 1676 1515 equis
1733 1417 2078 1514 imposita
2116 1419 2451 1513 volebat3
2508 1439 2759 1493 verum
2796 1418 3016 1492 Nico·

789 1551 952 1622 laus
1000 1545 1386 1621 Dandulus
1425 1543 1775 1619 Nicosiae
1812 1544 2255 1640 praefectae,
2294 1552 2368 1618 et
2410 1545 2835 1626 consiliarii,
2892 1543 3016 1640 qui

786 1677 1080 1749 fuerant
1119 1671 1384 1746 Petrus
1439 1670 1781 1758 Pisanus,
1822 1671 2185 1746 Antonius
2225 1669 2543 1762 Priulus,
2584 1679 2659 1746 et
2695 1669 3016 1746 Collate·

787 1799 989 1892 ralis,
1011 1802 1467 1893 negaverunt
1504 1817 1586 1869 se
1624 1794 1824 1868 vires
1863 1795 2409 1892 periclitaturos
2447 1820 2606 1872 cum
2643 1798 2859 1872 hoste
2896 1818 3019 1870 nu-

683 1971 701 1994 .
787 1924 1311 2013 merosissimO,
1350 1930 1499 1996 tum
1541 1920 1736 2019 quod
1792 1920 1868 1994 id
1911 1922 2404 2024 periculosum
2461 1931 2684 2018 esset,
2741 1946 2880 1997 nec
2914 1930 3020 1995 ta-

784 2074 946 2125 men
981 2051 1399 2149 impedituri
1422 2050 1871 2144 descensum,
1928 2059 2080 2127 tum
2119 2074 2297 2128 vero
2352 2051 2548 2149 quod
2585 2051 2658 2126 in
2712 2049 3021 2145 triginta

785 2177 1084 2251 millium
1123 2177 1365 2276 spatio
1407 2176 1503 2251 ab
1561 2177 1746 2250 mari
1787 2171 2094 2274 (tantum
2151 2178 2339 2262 enim
2398 2171 2643 2273 abest)
2680 2183 3021 2271 receptus

788 2302 1077 2378 minime
1116 2312 1319 2378 esset
1356 2308 1623 2377 certus.
1676 2302 1976 2398 Alioqui
2014 2302 2080 2376 si
2117 2303 2191 2376 in
2229 2302 2448 2378 trium
2485 2302 2604 2376 vel
2641 2324 2777 2376 sex
2814 2300 3023 2373 milli-

787 2454 905 2505 um
945 2430 1183 2526 spatio
1260 2451 1382 2503 res
1440 2426 1733 2523 agenda
1789 2436 2010 2520 esset,
2067 2449 2210 2502 non
2267 2427 2412 2502 sibi
2453 2425 2838 2502 consilium
2878 2424 3021 2499 dis-

782 2555 1079 2654 plicere.
1100 2556 1525 2653 Equitatum
1564 2577 1745 2651 ergo
1768 2555 1892 2650 qui
1913 2551 2191 2631 Salinis
2214 2564 2395 2648 erat,
2470 2553 3025 2629 stradiottorum

796 2683 976 2758 duce
1014 2682 1313 2756 Rochas
1336 2678 1631 2756 Graeco
1654 2681 2028 2756 Nicosiam
2081 2682 2423 2757 traduxit.
2469 2680 2876 2778 Muztapha
2913 2690 3018 2752 at-

791 2831 929 2905 que
969 2807 1252 2882 Pialius
1290 2807 1563 2881 nullum
1623 2832 1669 2881 a
1727 2807 2208 2883 descensione
2264 2815 2551 2904 tempus
2586 2813 2854 2891 terere,
2892 2804 3024 2879 sed

790 2934 1035 3008 statim
1073 2933 1272 3007 circa
1301 2942 1559 3030 portus
1599 2955 1688 3006 ac
1724 2933 2147 3033 provincias
2182 2955 2415 3009 naves
2451 2932 2618 3009 hinc
2656 2930 2830 3006 inde
2868 2931 3026 3005 mit-

774 3068 953 3152 tere,
1030 3067 1250 3156 atque
1307 3058 1581 3134 auxilia
1617 3041 1936 3157 undique
1957 3060 2355 3152 solicitare,
2377 3082 2469 3134 ac
2534 3065 3025 3156 comportare,

785 3182 1019 3276 simul,
1079 3184 1402 3259 dimissis
1467 3185 1541 3258 in
1581 3208 1833 3259 omnes
1890 3193 2145 3283 partes
2198 3184 2569 3275 militibus,
2607 3183 3030 3258 universum

788 3312 1074 3386 insulae
1114 3311 1488 3386 circuitum
1526 3318 1676 3385 tum
1715 3319 1916 3385 terra
1987 3320 2140 3386 tum
2176 3313 2358 3387 mari
2394 3310 3033 3399 circumvolantes,

787 3443 1049 3513 cuncta
1085 3445 1404 3528 vastare,
1447 3458 1533 3509 ac
1556 3436 1760 3511 nullo
1798 3437 2086 3511 omnino
2109 3439 2460 3512 resistere
2483 3447 2667 3511 auso
2731 3436 3030 3535 impune

784 3562 1145 3663 populari.
1209 3560 1543 3636 Tandem
1584 3563 1636 3641 J
1639 3562 1769 3636 ulii
1800 3562 2053 3658 quinto
2096 3571 2171 3638 et
2205 3562 2567 3659 vigesimo
2607 3561 2727 3636 die
2763 3561 2862 3636 ad
2899 3561 3031 3635 Ni-

793 3689 1067 3766 cosiam
1141 3712 1300 3765 cum
1355 3688 1679 3763 exercitu
1754 3688 2179 3765 consistunt.
2235 3689 2352 3765 Ibi
2409 3687 2701 3764 Turcae
2757 3687 3034 3762 circum

785 3815 1158 3891 civitatem
1195 3813 1631 3906 discurrere,
1671 3821 1744 3888 et
1780 3815 2139 3913 praelium
2181 3823 2582 3889 ostentare.
2641 3809 2794 3887 Sed
2830 3813 3035 3911 prin·

787 3942 989 4040 cipes
1027 3940 1350 4017 civitatis
1405 3947 1820 4025 statuerant
1874 3942 2065 4015 omni
2121 3941 2406 4038 praelio
2464 3940 2869 4031 abstinere,
2926 3941 3039 4015 ita

786 4074 866 4143 ut
904 4067 1122 4142 etiam
1175 4066 1522 4163 deinceps
1580 4088 1797 4141 unum
1852 4073 2131 4142 tantum
2168 4066 2545 4164 praelium,
2600 4088 2844 4163 neque
2882 4091 3037 4141 am-

786 4197 981 4294 plius
1039 4201 1392 4270 tentatum
1446 4193 1687 4270 fuerit.
1747 4191 1978 4271 Simul
2036 4194 2161 4268 alii
2217 4193 2539 4286 tendere,
2581 4193 2710 4269 alii
2765 4203 3043 4292 puteos

782 4320 1055 4414 fodere,
1093 4321 1168 4395 in
1208 4320 1471 4418 quibus
1528 4343 1883 4417 aquarum
1942 4319 2254 4396 dulcium
2296 4319 2868 4419 copiosissimas
2906 4343 3039 4397 ve·

1002 4587 1063 4659 ἰ)
1089 4588 1329 4647 Istvanfi
1351 4593 1623 4662 jegyzete
1648 4611 1662 4644 ε
1694 4591 1869 4648 Astor
1895 4592 2144 4664 baglion.
