3293 5219
857 305 903 377 2

857 541 1013 595 cem
1051 538 1318 592 annos:
1358 541 1521 596 cnm
1565 544 1824 600 rursus
1862 529 1937 597 et
1974 520 2170 598 civili
2208 528 2282 596 et
2317 527 2622 595 externo
2659 518 2862 595 bello
2900 542 3086 593 nova

855 643 1160 719 materia
1199 636 1450 721 oblata
1489 655 1711 722 esset.
1755 647 1967 740 Nam,
2007 670 2166 723 cum
2186 624 2699 721 Ferdinandus
2739 668 2882 720 sua
2908 644 3087 720 tueri

855 791 1001 845 non
1018 778 1275 869 posset
1314 779 1387 846 et
1425 774 1782 873 pleraque
1811 773 2276 873 perdidisset,
2316 779 2391 846 et
2428 794 2590 848 cum
2606 771 2890 847 bellum
2925 793 3087 847 nnn·

856 920 1073 995 quam
1093 898 1509 995 sustineret,
1547 924 1733 999 pace
1755 923 2020 976 causas
2058 897 2235 974 belli
2256 920 2506 972 serere
2547 905 2751 973 esset
2791 898 3084 973 solitus:

857 1022 1264 1121 Georgium
1339 1026 1649 1123 adgredi
1724 1026 2016 1120 statuit,
2089 1025 2397 1124 primum
2439 1022 2732 1120 quidem
2789 1024 3086 1113 occulte,

855 1149 1115 1227 deinde
1155 1150 1377 1226 etiam
1414 1176 1547 1251 per
1587 1153 2020 1249 legationes.
2069 1148 2223 1226 Sed
2258 1157 2650 1247 antequam
2690 1147 2789 1224 ad
2828 1150 3090 1227 seriem

852 1301 1095 1354 rerum
1132 1278 1552 1374 veniamus,
1628 1300 1938 1354 necesse
1993 1284 2108 1352 est
2142 1275 2392 1375 paullo
2450 1274 2671 1350 altius
2728 1284 3090 1375 repetere.

853 1404 904 1482 J
910 1403 1236 1479 ohannes
1298 1404 1581 1482 Budam
1640 1413 1862 1503 atque
1936 1404 2292 1501 reliquam
2331 1399 2742 1497 Ungariam
2824 1402 3094 1478 obtine·

848 1530 1001 1624 bat,
1040 1531 1370 1630 exceptis
1408 1533 1523 1627 iis,
1564 1555 1753 1632 quae
1782 1532 2055 1607 Norico
2096 1532 2670 1627 conjunguntur3
2712 1552 2882 1604 cum
2921 1551 3091 1605 vero

853 1680 892 1730 e
931 1656 1123 1731 vivis
1163 1658 1588 1752 excederet,
1669 1656 2072 1753 Georgium
2112 1665 2185 1729 et
2223 1652 2521 1730 Petrum
2557 1661 2843 1729 tutores
2873 1664 3092 1730 testa-

852 1788 1092 1856 mento
1169 1781 1465 1879 legavit.
1528 1782 1933 1880 Georgium
2008 1804 2185 1857 vero
2242 1781 2490 1880 paullo
2567 1789 2735 1855 ante
2796 1780 3091 1856 varadi-

851 1908 1060 1983 nensi
1094 1909 1522 2008 pontificatu
1561 1910 2004 2004 donaverat;
2045 1906 2313 1983 Petrus
2354 1915 2617 1999 antem,
2676 1930 2899 2004 quem
2937 1930 3094 1982 san-

850 2033 1070 2130 guine
1126 2035 1575 2133 attingebat,
1655 2044 1728 2111 et
1784 2036 1877 2110 ob
1936 2041 2255 2109 aetatem
2316 2036 2476 2130 jam
2558 2034 3092 2132 provectiorem

852 2169 925 2237 et
961 2171 1388 2262 perpetuam
1429 2163 1818 2238 orbitatem
1857 2161 2273 2259 suspicione
2314 2161 2507 2234 omni
2543 2160 2891 2235 vacabat.
2933 2159 3092 2235 Sor-

850 2288 1004 2365 titis
1042 2289 1269 2385 igitur
1306 2290 1497 2364 inter
1539 2312 1621 2363 se
1640 2287 2063 2387 provinciis,
2106 2283 2483 2383 Georgius
2524 2286 2990 2362 Varadinum
3028 2292 3094 2358 et

850 2412 1343 2491 Csanadinum
1401 2414 1867 2513 pontificatus
1925 2413 2459 2511 amplissimos,
2519 2420 2737 2510 atque
2797 2413 3090 2487 comita·

848 2550 967 2616 tus
1007 2564 1257 2617 omnes
1302 2540 1685 2638 Ungariae
1724 2538 2130 2634 Inferioris,
2171 2539 2296 2636 qui
2334 2563 2380 2613 a
2408 2538 2676 2614 finibus
2716 2537 3093 2616 Transsil-

853 2668 1113 2743 vaniae
1152 2667 1247 2740 ad
1288 2667 1667 2743 Tibiscum
1715 2666 2306 2765 porrigebantur,
2383 2666 2712 2758 Zacmar,
2771 2662 3092 2753 Zarand,

847 2791 1098 2884 Bihar,
1138 2792 1432 2885 Zolnoc,
1472 2792 1768 2867 Beekes
1807 2792 2207 2867 obtinebat.
2248 2793 2336 2866 In
2357 2790 2936 2866 Transsilvania
2974 2815 3089 2865 au-

850 2928 997 2995 tem
1034 2920 1432 3019 plerasque
1488 2920 1992 2994 validissimas
2032 2941 2284 3014 arces3
2362 2919 2700 2992 civitates
2758 2941 2943 2993 vero
3026 2924 3092 2989 et

854 3052 1240 3140 magnates
1279 3045 1548 3143 partim
1608 3044 2035 3143 profusione
2093 3043 2484 3136 immensa,
2560 3043 2828 3142 partim
2869 3044 3090 3119 hono-

850 3172 1055 3248 ribus
1096 3197 1184 3247 ac
1221 3173 1705 3270 dignitatibus
1756 3173 1896 3247 sibi
1937 3172 2389 3247 devinxerat.
2448 3169 2667 3246 Ultra
2705 3170 3094 3247 Tibiscum

848 3298 1278 3376 Leonardus
1337 3297 1581 3398 Cecey
1657 3300 1731 3374 in
1789 3297 2166 3398 Superiori
2231 3297 2568 3393 Ungaria
2623 3295 3091 3389 Cassoviam,

848 3436 923 3503 et
958 3451 1269 3526 magnas
1311 3428 1623 3503 ditiones
1663 3428 2146 3523 gubernabat.
2194 3425 2643 3501 Petrovitius
2683 3424 3089 3500 Temesva-

845 3576 1023 3648 rum,
1080 3556 1416 3654 Lippam,
1473 3566 1548 3630 et
1585 3554 1736 3629 alia
1774 3555 2129 3651 pleraque
2168 3552 2442 3653 oppida
2524 3574 2886 3648 arcesque
2929 3576 3091 3629 cnm

847 3681 1325 3758 orientalibus
1366 3682 1786 3771 ditionibnS,
1838 3689 1911 3753 et
1947 3680 2205 3777 Lugas
2283 3704 2371 3755 ac
2410 3676 2888 3754 Oaransebes
2931 3702 3091 3755 cum

846 3806 1168 3882 finitimis
1232 3807 1625 3883 Rascianis
1683 3805 2102 3881 Danubium
2179 3828 2411 3903 usqne
2486 3810 2560 3880 et
2613 3804 3090 3901 Belgradnm‚

845 3933 1108 4027 regina
1146 3941 1388 4009 autem
1432 3930 1828 4010 Civitatem
1869 3931 2139 4008 Albam
2175 3933 2228 4009 J
2233 3931 2456 4009 uliam
2493 3931 2569 4007 in
2609 3933 3087 4008 Transsilva-

846 4054 970 4129 nia
1006 4082 1523 4154 peramoenam
1589 4066 1662 4134 et
1699 4059 2085 4136 fecundam
2126 4059 2500 4159 copiarum
2535 4060 2856 4152 tenebat,
2897 4081 3089 4134 moe-

849 4175 1062 4252 nibus
1099 4191 1343 4258 tamen
1383 4188 1477 4260 ad
1517 4185 1892 4283 antiquum
1929 4186 2218 4262 modum
2256 4187 2625 4262 munitam.
2681 4187 2888 4262 Istae
2930 4186 3088 4261 diti-

848 4319 1028 4373 ones
1068 4306 1339 4380 amissa
1375 4310 1587 4385 Bnda
1625 4312 1699 4386 in
1738 4313 1882 4387 fide
1919 4314 2049 4388 filii
2087 4313 2291 4409 regis
2339 4314 2392 4390 J
2397 4312 2708 4390 ohannis
2745 4336 3082 4411 perman·

847 4434 1119 4517 serant,
1171 4436 1375 4502 tanta
1413 4435 1703 4528 quidem
1739 4440 2132 4528 felicitate,
2190 4447 2271 4515 ut
2305 4463 2400 4513 ne
2436 4439 2892 4539 temporibus
2933 4439 3086 4537 qui-

850 4549 1013 4625 dem
1078 4550 1485 4649 priscorum
1551 4585 1845 4655 regum,
1923 4565 2184 4659 majori
2240 4565 2385 4640 frui
2440 4565 2831 4664 potuerint.
2891 4567 3078 4658 Viri,
