3293 5219
2341 299 2501 377 439

241 533 340 584 ne
372 516 579 586 tacta
595 516 818 609 atque
837 511 1196 605 ambusta,
1236 512 1360 585 vix
1382 508 1686 607 scaphio
1707 513 1803 588 ad
1840 512 2062 589 aliam
2122 513 2490 591 triremem

245 644 626 735 exceptus,
674 661 899 735 aegre
963 640 1191 713 vitam
1248 638 1590 713 salvavit.
1653 639 2072 716 Terrestris
2128 642 2494 719 exercitus

244 762 510 840 turcici
581 786 861 839 summa
951 762 1136 839 haec
1216 763 1393 839 fuit:
1486 763 1837 861 Equitum
1928 772 2187 863 quater
2278 768 2500 843 mille.

243 888 586 965 Peditum
623 897 910 964 centum
930 889 1181 975 millia,
1204 889 1373 965 etin
1390 888 1506 967 his
1527 911 1666 964 sex
1687 890 1918 966 millia
1918 891 2489 988 janiciariorum.

242 1016 504 1092 Naves
515 1018 752 1091 omnis
778 1014 1079 1113 generis
1090 1016 1691 1113 quadringentae.
1717 1015 2178 1093 Praesidium
2235 1020 2499 1095 classi-

247 1166 412 1218 cum
422 1165 789 1240 nunquam
801 1151 919 1219 est
929 1142 1566 1235 exoneratum,nisi
1580 1166 1742 1217 cum
1751 1151 2018 1220 veneta
2028 1144 2299 1219 classis
2314 1168 2501 1222 mor·

244 1270 366 1344 bis
402 1277 624 1367 atque
708 1293 999 1346 annona
1028 1269 1361 1366 graviter
1396 1265 1802 1345 laboravit:
1838 1293 1999 1345 cum
2074 1274 2501 1368 conjunctas

248 1405 402 1473 tres
423 1398 712 1472 classes
732 1396 1015 1473 Pialius
1035 1396 1340 1495 accepit,
1360 1404 1512 1471 tum
1529 1396 1791 1470 iterum
1828 1397 1903 1471 in
1937 1420 2168 1473 naves
2188 1399 2498 1474 reduxit.

468 1521 782 1600 Cosmus
838 1524 984 1600 dux
1023 1522 1451 1599 Florentiae
1507 1523 1869 1598 offerebat
1904 1523 2211 1600 Venetis
2284 1525 2497 1602 trire-

249 1676 408 1728 mes
482 1639 680 1745 suas,
737 1653 804 1727 si
860 1674 1022 1727 eum
1079 1658 1571 1749 agnoscerent
1625 1673 1715 1726 eo
1770 1650 1979 1725 titulo
2014 1673 2103 1727 ac
2156 1651 2485 1749 pontifex

250 1788 660 1872 creaverat,
701 1778 1045 1855 videlicet
1078 1777 1327 1875 magni
1367 1777 1590 1869 ducis,
1631 1800 1794 1852 cum
1831 1776 2246 1875 insignibus
2283 1785 2495 1858 rega-

244 1907 467 1984 libus.
486 1907 753 1984 Veneti
771 1913 1139 2002 negarunt
1154 1926 1240 1980 se
1274 1905 1351 1980 in
1388 1903 1609 1980 Italia
1643 1924 2003 2001 passuros
2061 1926 2497 2015 quemqnam

244 2033 457 2130 regio
476 2034 688 2109 titulo
706 2031 832 2108 uti.
840 2030 1182 2107 Pontifex
1201 2039 1444 2106 tamen
1465 2031 1562 2105 ab
1576 2030 2008 2107 Florentino
2049 2052 2182 2107 suo
2201 2031 2489 2107 nomine

247 2158 692 2257 impetravit.
708 2158 992 2234 Eadem
1004 2157 1192 2233 enim
1209 2163 1495 2231 aestate
1513 2154 1696 2232 Pius
1707 2156 1798 2232 V.
1810 2156 2138 2255 pontifex
2160 2154 2503 2233 Cosmum

244 2283 673 2360 Florentiae
685 2284 941 2359 ducem
959 2283 1034 2358 in
1054 2305 1396 2380 magnum
1445 2281 1700 2357 ducem
1738 2304 1902 2356 cum
1922 2304 2194 2358 corona
2213 2289 2287 2357 et
2314 2281 2489 2357 insi-

241 2412 514 2509 gnibus
526 2408 909 2506 regalibus
930 2407 1429 2484 creavit.Nam
1447 2409 1638 2482 inter
1660 2429 1823 2482 eum
1843 2414 1918 2482 et
1937 2407 2191 2484 ducem
2226 2407 2497 2499 Ferra-

239 2539 399 2616 riae
455 2537 548 2614 de
564 2534 881 2636 primatu
915 2557 1231 2632 magnae
1269 2540 1478 2609 ortae
1516 2540 1728 2608 erant
1760 2533 2197 2624 inimicitiae,
2219 2542 2295 2611 et
2330 2558 2499 2634 pro-

240 2671 645 2743 vocaverat
662 2663 758 2738 ad
767 2662 1347 2739 Maximilianum
1365 2659 2170 2737 caesarem.Ferrariae
2190 2661 2501 2759 antiqui-

239 2800 473 2868 tatem
527 2788 825 2884 generis
859 2787 1413 2886 praetendebat:
1433 2785 1560 2861 ille
1598 2785 1794 2878 item,
1835 2787 1970 2861 sed
2007 2808 2152 2861 non
2178 2788 2493 2885 generis,

239 2940 496 2994 verum
531 2913 740 2990 urbis
759 2899 1340 3009 antiquissimae,
1362 2911 1578 2987 simul
1612 2912 2035 3009 potentiam,
2077 2935 2221 3010 qua
2258 2912 2494 2989 excel-

238 3044 468 3133 lebat,
507 3038 923 3137 objiciebat.
965 3034 1402 3113 Confidebat
1437 3037 1655 3111 etiam
1695 3037 1773 3111 in
1811 3038 2058 3134 gratia
2090 3038 2497 3138 pontificis3

238 3192 411 3244 nam
450 3165 959 3242 Ferrariensis
997 3188 1144 3240 non
1182 3162 1568 3238 admodum
1626 3185 1786 3238 cum
1827 3163 2180 3260 pontifice
2234 3187 2500 3241 conve-

239 3292 494 3368 niebat
530 3290 626 3364 ob
666 3288 951 3365 salinas
1012 3287 1377 3386 quasdam
1437 3287 1867 3379 maritimas,
1927 3311 2020 3362 ex
2066 3289 2328 3385 quibus
2360 3314 2484 3364 no-

241 3441 409 3492 vum
447 3415 776 3513 vectigal
796 3415 1306 3492 Ferrariensis
1353 3414 1856 3504 constituerat,
1899 3435 2062 3489 cum
2102 3391 2497 3491 detrimen·

241 3554 315 3621 to
337 3545 744 3619 salinarum
765 3540 1320 3641 pontificiarum.
1336 3538 1520 3617 Cum
1542 3563 1724 3634 ergo
1743 3541 2075 3639 pontifex
2095 3544 2287 3617 inter
2325 3542 2494 3618 odia

252 3676 659 3746 ceterorum
721 3666 1132 3764 principum
1191 3689 1280 3741 ac
1319 3664 2043 3764 rerumpublicarum,
2080 3667 2295 3742 novis
2333 3666 2495 3765 ipse

247 3816 537 3892 quoque
577 3790 918 3867 amicitiis
974 3791 1476 3890 pontificatum
1534 3792 2052 3868 stabiliendum
2100 3794 2247 3869 sibi
2281 3799 2489 3891 puta-

252 3929 383 4012 ret,
421 3942 560 4017 per
616 3917 1077 3995 occasionem
1117 3918 1665 3994 controversiae
1729 3918 2028 3994 duorum
2064 3917 2492 4017 principum,

245 4043 595 4123 Cosmum
634 4044 778 4120 sibi
797 4045 1128 4120 devinxit
1163 4066 1441 4120 summo
1463 4045 1837 4120 beneficio.
1908 4044 2190 4142 Regem
2212 4045 2487 4121 Hetru-

251 4174 407 4247 riae
429 4194 689 4247 creare
706 4173 1060 4264 voluerat,
1081 4172 1213 4248 sed
1234 4170 1310 4246 id
1327 4171 1794 4247 intolerabile
1816 4170 2203 4247 videbatur
2243 4174 2340 4248 ab
2382 4195 2492 4246 ce·

246 4298 431 4373 teris
486 4297 960 4396 principibus.
1020 4297 1127 4374 Ut
1177 4299 1428 4395 itaque
1485 4276 1797 4372 evitaret
1853 4321 2114 4374 nomen
2190 4298 2492 4392 regium,

252 4422 581 4518 insignia
620 4430 859 4499 tamen
896 4425 1110 4521 regia
1146 4423 1385 4499 omnia
1436 4422 1755 4513 donavit,
1795 4447 1885 4497 ac
1920 4422 2495 4519 titulummagni

246 4547 452 4624 ducis
489 4549 566 4621 in
623 4547 1014 4645 Hetruria;
1051 4550 1215 4648 ipse
1269 4549 1548 4624 Romae
1603 4556 1953 4625 consveta
1992 4551 2354 4625 solemnia
2423 4549 2497 4628 et
