3293 5219
843 300 999 376 322

851 543 1011 595 cum
1103 524 1420 614 agente,
1522 516 1892 592 censuerit
1984 518 2233 594 decem
2289 521 2545 617 pacios
2637 520 3074 619 exploratori

845 645 1180 747 pretium.
1925 640 1926 643 ’

1071 772 1171 847 At
1206 770 1489 844 initium
1572 768 1904 865 potiundi
1964 768 2208 866 Sigeti
2277 772 2372 845 ab
2450 772 2720 871 oppido
2778 780 3076 869 captum,

852 907 1425 999 quassatumque
1485 897 1822 971 omuibus
1876 899 2215 993 partibus
2273 900 2344 971 vi
2406 907 2946 991 tormentorum,
2990 897 3076 972 si·

854 1029 1002 1102 mul
1056 1029 1303 1103 fossae
1359 1025 1670 1099 materia
1711 1049 1800 1099 ac
1838 1031 2042 1100 terra
2081 1026 2568 1126 complentur3
2600 1031 2756 1124 jam
2795 1029 3077 1102 Turcae

850 1156 946 1231 ad
1002 1152 1618 1254 oppugnationem
1681 1153 2098 1246 succedunt,
2155 1163 2506 1252 pugnant,
2562 1156 2864 1249 instant,
2940 1152 3079 1251 pel·

860 1286 1017 1359 lunt
1073 1306 1161 1355 ac
1216 1280 1614 1378 pelluntur,
1694 1280 2063 1355 trucidant
2120 1289 2340 1379 atque
2398 1283 2875 1385 trucidantur,
2934 1304 3079 1355 cum

857 1408 1289 1485 sustentatis
1351 1406 1629 1502 aliquot
1686 1407 1939 1481 arduis
1997 1410 2674 1507 oppugnationibus
2746 1409 3076 1483 adferun-

853 1545 974 1611 tur
1049 1532 1334 1609 caesari
1466 1532 1760 1607 litterae
1837 1534 2098 1625 Zrinii,
2221 1536 2489 1610 castris
2588 1536 2684 1610 ad
2762 1535 3078 1611 Ovarum

854 1663 1067 1753 fixis,
1126 1657 1440 1734 hostium
1508 1658 1904 1734 immensas
1963 1660 2184 1753 vires,
2280 1669 2353 1735 et
2409 1684 2701 1736 suorum
2759 1660 3077 1760 plurimis

843 1791 1000 1886 jam
1048 1786 1385 1877 amissis,
1433 1784 1877 1882 paucitatem
1936 1787 2268 1862 docentis
2309 1816 2325 1861 ε
2422 1788 2805 1863 consilium
2863 1813 2946 1864 se
2993 1791 3076 1864 ab

854 1913 1301 1990 necessitate
1374 1910 1569 1985 velle
1629 1935 1918 2011 capere,
1975 1922 2055 1989 ut
2117 1914 2385 2012 oppido
2462 1913 2941 2010 conflagrato,
3010 1916 3076 1989 iu

856 2066 1027 2117 arce
1084 2062 1499 2138 supremam
1552 2038 1894 2114 fortunae
1951 2039 2195 2115 aleam
2253 2040 2696 2138 experiatur.
2755 2038 2909 2116 Sed
2946 2042 3076 2116 dis-

855 2189 1122 2243 svasus
1180 2166 1274 2239 ab
1333 2172 1846 2240 veteranorum
1902 2166 2386 2263 primoribus,
2446 2168 2571 2264 qui
2628 2166 2862 2265 priori
2917 2191 3076 2266 quo·

864 2317 1005 2392 que
1085 2292 1450 2367 obsidioni
1523 2299 2002 2389 praesentes,
2077 2294 2593 2389 meminerant,
2671 2294 2895 2369 etiam
2967 2317 3079 2392 op-

861 2420 1146 2519 pidum,
1190 2442 1623 2516 quamquam
1667 2420 1903 2493 minus
1942 2428 2091 2494 tum
2159 2422 2480 2496 validum
2541 2429 3081 2511 conservatum,

861 2556 1101 2625 tractu
1156 2547 1334 2622 belli
1411 2549 1638 2623 multa
1714 2570 2199 2642 evanescere,
2260 2573 2450 2647 quac
2524 2549 2861 2625 obsessis
2901 2552 3083 2625 salu·

855 2686 1023 2770 tem,
1095 2675 1432 2751 hostibus
1470 2673 1869 2773 perniciem
1908 2676 2200 2750 adferre
2236 2685 2579 2775 possent;
2673 2678 2893 2752 etiam
2934 2699 3082 2751 cae·

867 2804 1060 2880 saris
1137 2804 1335 2878 vires
1412 2810 1485 2876 et
1558 2803 2127 2880 christianorum
2206 2805 2483 2880 auxilia
2557 2804 2703 2880 sibi
2775 2805 2921 2903 ipsi
2979 2826 3080 2879 os·

858 2930 1260 3004 tentabant.
1317 2926 1487 3002 XV.
1547 2926 1851 3004 Calend.
1912 2928 2112 3029 Sept.
2172 2931 2376 3005 visus
2456 2930 2847 3006 universus
2923 2932 3077 3005 hos-

867 3056 1020 3132 tilis
1079 3055 1445 3131 exercitus
1498 3078 1632 3152 per
1709 3055 2039 3151 ingentia
2113 3058 2412 3153 agmina
2486 3057 2876 3149 discretus,
2954 3077 3083 3154 quo

862 3181 1085 3258 etiam
1140 3181 1565 3256 innumerae
1621 3180 2106 3257 multitudinis
2165 3182 2562 3258 ostentatio
2620 3193 2886 3260 metum
2926 3207 3079 3282 pro-

860 3307 1337 3407 pugnantium
1386 3294 1714 3403 augeret.
1809 3306 2141 3385 Subeunt
2214 3333 2482 3403 muros,
2578 3319 2652 3386 et
2724 3320 3082 3410 tamquam

861 3435 1175 3513 stataria
1210 3458 1459 3534 pugna
1496 3459 1585 3509 ac
1623 3436 1908 3534 patenti
1948 3451 2226 3535 camp0‚
2247 3461 2382 3535 per
2420 3438 2819 3513 immensas
2860 3460 3082 3513 muro-

864 3586 1023 3638 rum
1077 3562 1353 3655 ruinas,
1411 3568 1485 3636 et
1541 3563 1691 3636 late
1730 3563 2096 3638 fossarum
2138 3566 2567 3662 oppleturas
2622 3564 2706 3638 fit
2741 3564 3088 3662 praelium

859 3690 1143 3785 iugens,
1166 3697 1239 3764 et
1256 3688 1426 3764 hinc
1444 3696 1665 3785 atque
1685 3688 1890 3764 illinc
1911 3696 2231 3784 strages.
2253 3687 2400 3765 Sed
2420 3689 2588 3766 aliis
2628 3713 2718 3764 ac
2754 3690 2926 3765 aliis
2960 3711 3092 3763 non

863 3815 1216 3892 militibus
1257 3816 1390 3891 scd
1430 3816 1877 3891 exercitibus
1919 3817 2481 3892 succedentibus
2502 3818 2740 3893 nostri
2778 3817 3088 3915 impares

860 3965 1180 4036 numem,
1210 3963 1459 4018 omnes
1499 3942 1712 4016 simul
1751 3965 2083 4040 pugnare
2106 3944 2581 4039 cogebantur,
2604 3951 2679 4018 et
2697 3966 2844 4017 non
2864 3964 3090 4028 unum,

861 4070 995 4148 sed
1050 4067 1278 4146 multa
1353 4069 1641 4167 praelia
1717 4092 2150 4167 capessere3
2245 4069 2478 4146 donec
2532 4069 2627 4144 ad
2699 4077 3094 4144 extremum

861 4198 1315 4297 corporibus,
1343 4196 1650 4288 viribus,
1691 4197 1955 4294 spiritu
1993 4196 2440 4290 deficientes,
2481 4206 2851 4275 tantorum
2892 4217 3089 4273 exer-

864 4324 1152 4416 cituum,
1173 4331 1286 4400 tot
1322 4324 1769 4432 praeliorum
1808 4323 2101 4421 impetn,
2141 4324 2286 4397 diei
2325 4325 2585 4400 labore
2621 4345 2989 4424 perpesso
3018 4346 3098 4397 ac

857 4458 1296 4543 sustentato,
1335 4450 1794 4526 inumbrante
1840 4452 1997 4546 jam
2036 4472 2351 4547 vespera
2397 4451 2472 4526 iu
2512 4476 2756 4528 arcem
2795 4474 2883 4526 se
2921 4449 3092 4525 reci-

859 4578 1084 4674 piunt.
1145 4574 1460 4651 Constat
1515 4574 1785 4652 DCCC
1849 4575 2326 4674 superfuisse,
2389 4601 2549 4654 cum
2605 4600 2867 4655 rursus
2909 4599 3094 4655 nova
