3293 5219
1056 1153 1453 1252 LIBER.
1511 1146 2106 1248 DECIMUS
2165 1136 2768 1247 QUINTUS.

1001 1534 1222 1609 Initio
1298 1532 1472 1606 anni
1513 1553 1775 1610 caesar
1822 1530 2098 1605 bellum
2136 1530 2375 1622 parat,
2433 1542 2592 1594 cum
2629 1515 3033 1612 legationes

787 1661 1305 1763 praemisisset
1361 1658 1456 1732 ad
1515 1681 1769 1733 omnes
1831 1647 2393 1730 christianitatis
2452 1649 2914 1743 potentatus;
2969 1649 3033 1710 et

792 1789 1061 1863 dedere
1119 1786 1435 1861 auxilia:
1474 1785 1655 1861 Pius
1716 1784 1848 1859 IV.
1890 1779 2221 1880 pontifex
2278 1772 2642 1848 maximus
2698 1768 2765 1841 L
2820 1764 3036 1840 millia

786 1936 1152 1990 nummum
1228 1935 1549 2003 aureum,
1609 1907 2124 1984 Ferrariensis
2183 1901 2507 1990 totidem,
2572 1892 3030 1970 Florentinus

793 2038 922 2115 CO
982 2038 1214 2112 millia
1250 2037 1477 2112 mutui
1514 2036 1806 2110 nomine
1847 2034 2130 2128 absque
2166 2051 2415 2118 usura,
2452 2042 2871 2118 genuenses
2908 2026 3040 2091 stu·

794 2167 918 2241 dia
969 2164 1446 2261 imperatoris
1506 2162 1868 2237 adversus
1929 2157 2266 2234 comitem
2318 2149 2603 2226 Falisci
2641 2152 3039 2243 captantes,

796 2294 1087 2370 exulem
1117 2298 1190 2366 et
1234 2286 1649 2365 Galliarum
1678 2287 1883 2383 regis
1922 2284 2192 2361 litteris
2233 2268 2891 2369 commendatumsg
2914 2269 3042 2345 XL

795 2418 1064 2512 millia3
1107 2439 1267 2491 cum
1288 2416 1518 2514 paulo
1559 2421 1731 2489 ante
1768 2421 2080 2487 mortem
2118 2402 2574 2483 Ferdinandi
2612 2394 3042 2474 marchionis

801 2543 1338 2619 Finariieausa
1398 2540 1812 2639 composita
1850 2545 2072 2630 esset,
2115 2535 2209 2609 ob
2247 2528 2715 2630 tyrannidem
2751 2549 2887 2625 per
2923 2544 3041 2619 ge·

800 2692 1119 2746 nuenses
1189 2676 1389 2744 statu
1449 2667 1739 2764 deJecti.
1800 2667 1975 2742 Dux
2033 2671 2108 2739 et
2154 2661 2472 2738 circulus
2508 2654 2879 2733 Bavariae
2915 2649 3047 2726 XL

800 2797 1034 2870 millia
1068 2817 1433 2870 nummum
1513 2801 1591 2868 ut
1628 2799 1900 2868 vocant
1927 2788 2557 2887 joachimicorum.
2614 2784 2929 2877 Insuper
2962 2776 3047 2850 ab

802 2920 1332 3019 quaestoribus
1374 2920 1470 2993 ad
1508 2941 1829 3015 magnas
1872 2939 2140 2992 usuras
2183 2935 2314 2989 aes
2351 2919 2673 2987 mutuum
2694 2903 3046 2982 contrahi·

800 3057 939 3125 tur.
1035 3048 1253 3122 Duae
1351 3069 1648 3144 quoque
1708 3068 1920 3121 arces
2020 3045 2099 3117 in
2156 3039 2535 3137 Ungaria,
2611 3031 3051 3110 Trincinium

802 3175 1285 3268 Margaretae
1347 3173 1652 3270 Zeechy
1709 3194 1845 3271 pro
1904 3171 2045 3245 LX
2103 3168 2448 3259 millibus,
2508 3161 3048 3258 Dios-gieorum

800 3323 937 3400 pro
1030 3299 1337 3374 totidem
1434 3296 1780 3374 Gabrieli
1896 3296 2193 3392 Pereny
2265 3291 2559 3391 pignori
2648 3287 3042 3364 traduntur.

801 3429 1013 3523 Ergo
1044 3428 1205 3522 jam
1242 3426 1581 3521 pecuniis
1623 3425 2105 3519 undecunque
2129 3417 2586 3516 conquisitis,
2605 3437 2873 3511 magno
2911 3418 3048 3487 stu-

801 3554 922 3626 dio
966 3552 1529 3627 conscribuntur
1551 3552 1693 3626 duo
1739 3549 1970 3623 millia
2013 3547 2338 3644 equitum
2359 3530 3050 3642 germanorumspe·

807 3679 1034 3753 ditum
1076 3678 1417 3774 quinque.
1479 3676 1976 3753 comitatuum
2019 3696 2246 3771 supra
2284 3678 2359 3746 et
2391 3669 2589 3745 infra
2627 3663 3054 3743 Cassoviam

804 3803 1095 3879 nobiles
1135 3802 1434 3895 viritim,
1488 3801 1771 3900 pagani
1831 3798 2157 3874 decimus
2197 3798 2509 3894 quisque
2548 3794 2623 3868 in
2664 3788 3054 3890 expeditio·

807 3952 975 4004 nem
1013 3928 1192 4002 iere.
1270 3924 1811 4001 Praeficiuntur
1867 3924 2067 3999 bello
2126 3921 2470 3997 Andreas
2508 3918 2956 4010 Bathoreus,
2992 3918 3061 3986 et

813 4055 1154 4130 Lazarus
1267 4048 1632 4127 Svendius
1746 4056 2098 4127 evocatus
2197 4047 2514 4123 Alsatia.
2570 4045 2839 4121 Hieme
2950 4061 3059 4113 as-

806 4178 1131 4279 perrima
1188 4174 1632 4252 Oassoviam
1677 4176 1913 4269 miles,
1954 4175 2201 4267 duces,
2241 4172 2770 4272 impedimenta
2807 4186 3058 4242 conve-

807 4327 1005 4381 nere.
1048 4303 1195 4378 Hic
1230 4304 1458 4394 locus,
1499 4302 1720 4378 sedes
1757 4302 2145 4394 bellorum,
2192 4308 2266 4375 et
2301 4298 2720 4374 inchoando
2763 4289 3063 4370 consilia

805 4431 1007 4508 inita.
1059 4431 1477 4507 Bathoreus
1554 4429 1842 4526 Tocajo
1920 4435 2198 4522 censet,
2257 4424 2681 4503 constrictis
2721 4422 2893 4518 gelu
2938 4419 3060 4494 Ti-

803 4558 1008 4633 bisco
1049 4566 1124 4633 et
1141 4556 1515 4652 Bodrogio
1544 4554 1963 4632 fluminibus
2020 4578 2212 4631 nunc
2271 4552 2486 4629 facili
2525 4551 2750 4644 aditu,
2786 4554 3045 4647 postea
