3293 5219
816 308 1038 374 LXIV

817 489 1175 590 Episcopi
1233 489 1790 585 suffraganeam
1846 489 2210 564 habentes
2251 511 2387 586 pro
2428 496 2707 581 nostra,
2748 494 2823 563 et
2862 512 3076 587 prae·

817 617 1021 691 fatae
1077 612 1296 690 Sedis
1353 614 1796 708 reverentia,
1851 614 2298 714 propensius
2356 612 2943 706 commendatos,
3000 614 3079 688 in

818 740 1262 842 ampliandis
1318 748 1394 816 et
1448 740 1984 816 conservandis
2023 740 2338 816 Juribus
2397 739 2574 828 suis,
2616 739 2727 814 sic
2763 747 2837 815 te
2874 741 3078 815 beni-

817 869 948 965 gni
983 865 1268 943 favoris
1307 865 1584 940 auxilio
1622 873 2189 965 prosequantur,
2214 865 2410 963 quod
2437 873 2515 940 tu
2552 887 2805 941 eorum
2841 864 3075 941 fultus

815 993 1219 1095 praesidio,
1276 993 1352 1067 in
1410 993 1801 1068 commisso
1859 992 1996 1067 tibi
2052 1015 2277 1069 curae
2342 992 2751 1091 pastoralis
2804 991 3076 1078 officio,

814 1122 1064 1222 possis
1105 1121 1269 1194 Deo
1307 1119 1632 1218 propitio
1669 1120 2126 1217 prosperari,
2169 1143 2259 1195 ac
2298 1118 2536 1195 eidem
2597 1117 3076 1194 Ferdinando

815 1247 1012 1346 Regi
1049 1273 1096 1324 a
1132 1245 1298 1323 Deo
1334 1246 1686 1344 perennis
1725 1245 1925 1322 vitae
1980 1246 2409 1344 proemium,
2450 1254 2525 1322 et
2561 1245 2864 1321 anobis
2903 1268 3077 1320 con-

816 1375 1046 1473 digna
1100 1371 1494 1471 proveniat
1546 1371 1743 1447 actio
1805 1372 2235 1469 gratiarum,
2285 1372 2595 1471 ipseque
2634 1368 3077 1468 Archi-Epi·

816 1522 1087 1601 scopus
1124 1498 1434 1598 proinde
1466 1497 1815 1572 Divinam
1853 1498 2460 1590 misericordiam,
2500 1521 2590 1574 ac
2626 1505 2962 1574 nostram
3000 1508 3079 1571 et

817 1628 1150 1727 ejusdem
1210 1623 1413 1700 sedis
1471 1623 2060 1700 benedictionem
2119 1632 2194 1700 et
2250 1625 2565 1723 gratiam
2603 1623 2906 1700 uberius
2948 1645 3077 1698 va-

819 1757 980 1832 leat
1019 1750 1453 1854 promereri.
1498 1749 1906 1828 Praeterea
1945 1751 2041 1828 ad
2072 1775 2184 1846 ea,
2207 1774 2397 1848 quae
2418 1752 2514 1826 ad
2551 1759 2722 1828 tuae
2760 1772 3075 1826 commo·

816 1881 1071 1957 ditatis
1112 1883 1582 1973 augmentum
1622 1876 1890 1954 cedere
1928 1878 2247 1965 valeant,
2288 1876 2803 1952 favorabiliter
2841 1875 3079 1950 inten-

815 2008 1094 2089 dentes,
1150 2001 1309 2092 tibi,
1349 2008 1430 2076 ut
1468 2024 1515 2075 a
1554 2021 1990 2098 quocunque
2029 2000 2382 2076 malueris
2440 1997 2829 2077 Catholico
2887 1989 3077 2077 anti-

819 2134 992 2210 stite
1031 2127 1346 2230 gratiam
1407 2135 1481 2202 et
1535 2113 2170 2204 consecrationem
2212 2127 2452 2203 dictae
2490 2127 2692 2203 sedis
2730 2129 3077 2220 habente,

814 2259 1074 2337 accitis
1114 2256 1300 2333 etin
1337 2254 1480 2330 hoc
1536 2254 1682 2329 sibi
1740 2254 2266 2329 assistentibus
2325 2253 2611 2329 duobus
2669 2252 2791 2329 vel
2826 2253 3077 2330 tribus

813 2385 984 2462 aliis
1041 2378 1454 2457 Catholicis
1512 2379 1912 2478 Episcopis
1971 2379 2252 2454 similes
2310 2377 2633 2473 gratiam
2672 2387 2747 2454 et
2784 2375 3068 2456 Conse-

737 2495 744 2500 *
815 2510 1214 2586 crationem
1253 2505 1724 2595 habentibus,
1764 2525 2025 2579 munus
2084 2500 2687 2579 Consecrationis
2734 2505 3075 2602 recipere

814 2637 1094 2726 valeas,
1134 2656 1226 2709 ac
1263 2631 1500 2706 eidem
1557 2613 1893 2722 antistiti,
1932 2639 2014 2707 ut
2050 2636 2350 2728 recepto
2398 2628 2607 2728 prius
2645 2653 2781 2728 per
2819 2654 2986 2707 eum
3026 2659 3077 2710 a

813 2771 885 2838 te
923 2766 1203 2851 nostro,
1245 2764 1320 2831 et
1354 2753 1733 2830 Romanae
1762 2755 2155 2831 Ecclesiae
2193 2754 2487 2830 nomine
2523 2754 2910 2832 fidelitatis
2949 2757 3077 2834 de·
3194 2780 3197 2783 *

815 2886 1016 2961 bitae
1074 2882 1296 2960 solito
1352 2881 1825 2976 Juramento,
1872 2883 2094 2978 juxta
2164 2882 2479 2957 formam
2535 2883 3071 2980 praesentibus

813 3018 1261 3102 annotatam,
1318 3029 1579 3083 munus
1636 3008 2092 3107 praedictum
2152 3007 2590 3084 auctoritate
2644 3016 2905 3084 nostra
2941 3008 3075 3084 im-

812 3140 1140 3239 pendere
1193 3135 1393 3212 licite
1451 3135 1588 3210 tibi
1641 3135 1904 3233 possit,
1945 3137 2240 3234 plenam
2291 3142 2366 3210 et
2404 3135 2719 3211 liberam
2756 3137 3076 3212 auctori·

811 3274 1040 3343 tatem
1077 3263 1464 3364 praedicta
1500 3270 1760 3339 tenore
1796 3262 2300 3361 praesentium
2338 3262 2807 3340 concedimus
2834 3264 3074 3339 facul-

809 3399 1058 3470 tatem.
1118 3389 1221 3465 Et
1273 3389 1575 3484 insuper
1628 3394 1711 3464 ut
1768 3396 2039 3464 statum
2096 3397 2296 3464 tuum
2338 3391 2562 3486 Juxta
2615 3389 3074 3488 pontificalis

810 3516 1196 3614 dignitatis
1253 3514 1726 3612 exigentiam,
1786 3514 2166 3591 decentius
2221 3524 2477 3592 tenere
2536 3516 2818 3609 valeas,
2868 3525 3075 3593 motu

810 3644 1131 3749 proprio,
1171 3666 1318 3720 non
1356 3641 1454 3719 ad
1489 3649 1713 3736 tuam,
1752 3643 1871 3718 vel
1929 3642 2238 3718 alterius
2293 3665 2430 3741 pro
2469 3650 2545 3718 te
2584 3644 2803 3719 nobis
2839 3665 3077 3742 super

808 3776 951 3850 hoc
990 3772 1289 3848 oblatae
1326 3767 1706 3867 petitionis
1744 3768 2209 3862 Instantiam,
2249 3770 2385 3844 sed
2433 3769 2525 3844 de
2563 3776 2822 3845 nostra
2861 3791 3076 3845 mera

806 3898 1260 3976 liberalitate
1295 3903 1557 3984 tecum,
1587 3900 1669 3969 ut
1689 3893 1933 3986 etiam,
1969 3902 2361 3993 postquam
2400 3896 2475 3970 in
2517 3895 2663 3970 vim
2700 3896 3072 3993 provisio-

808 4028 926 4102 nis
965 4032 1041 4102 et
1076 4020 1608 4124 praefectionis
1644 4020 2189 4118 praedictarum
2226 4020 2614 4120 pacificam
2651 4022 3074 4121 possessio·

806 4175 995 4245 nem,
1034 4174 1166 4227 seu
1223 4149 1439 4247 quasi
1495 4146 1912 4243 Regiminis
1973 4154 2049 4253 et
2102 4146 2763 4224 administrationis
2821 4148 3074 4225 dictae

810 4277 1197 4353 Ecclesiae
1234 4297 1325 4350 ac
1360 4274 1560 4349 illius
1597 4275 1959 4350 bonorum
1997 4295 2131 4349 seu
2188 4274 2494 4371 majoris
2529 4274 2768 4372 partis
2809 4296 3071 4350 eorum

812 4408 1200 4481 assecutus
1235 4399 1471 4476 fueris
1510 4406 1587 4474 et
1621 4420 1882 4474 munus
1919 4397 2382 4497 praedictum
2419 4399 2864 4498 susceperis,
2906 4400 3076 4477 Mo·

806 4528 1229 4622 nasterium,
1271 4525 1676 4602 Abbatiam
1732 4533 2226 4623 nuncupatum
2285 4525 2377 4601 de
2415 4522 2665 4603 Porno
2705 4522 2781 4599 S.
2824 4524 3076 4603 Bene-
