3293 5219
2344 348 2497 430 181

238 564 636 664 plissimas
715 565 1463 663 opulentissimusque
1555 565 1702 640 Dei
1753 564 2098 643 benificio
2133 569 2501 667 possides,

235 693 469 767 rebus
509 691 814 767 turcicis
853 699 1157 790 propter
1195 691 1444 765 varias
1484 697 1594 767 tot
1631 712 1991 768 annorum
2033 694 2255 768 orbis
2312 691 2505 769 chri-

238 816 466 893 stiani
529 817 1060 908 dissensiones,
1081 816 1630 913 domesticaque
1688 818 1859 894 odia
1912 820 2508 915 augescentibus,

235 941 934 1041 praesentissimam
1010 943 1147 1017 abs
1201 949 1275 1016 te
1332 961 1548 1040 opem
1624 944 2157 1043 deposcerent,
2253 948 2505 1044 pater!

230 1073 404 1167 jure
443 1069 805 1145 fortassis
844 1090 985 1166 ego
1023 1077 1151 1143 aut
1196 1068 1795 1167 importunitatis,
1836 1081 1961 1147 aut
1996 1072 2233 1147 minus
2271 1073 2503 1171 probe

240 1198 604 1296 perpensi
642 1197 865 1272 officii
905 1196 1209 1292 coargui
1269 1218 1586 1293 possem,
1645 1199 1787 1272 hoc
1825 1200 2265 1296 praesertim
2303 1206 2504 1275 aeta-

237 1324 337 1398 tis
355 1323 642 1415 calore,
666 1345 851 1421 quae
875 1321 1290 1422 improvida
1311 1322 1741 1421 plerumque
1762 1324 2008 1400 subito
2046 1326 2245 1401 natis
2282 1327 2500 1401 affec-

243 1450 445 1526 tibus
487 1449 845 1526 undarum
884 1471 1085 1525 more
1126 1446 1268 1523 huc
1323 1449 1498 1525 illuc
1545 1450 1967 1548 impellitur,
2005 1474 2249 1528 rerum
2286 1453 2527 1527 insci-v

246 1579 369 1670 tia,
411 1576 976 1673 animorumque
1033 1574 1331 1651 fervore
1387 1575 2001 1653 deliberationem
2036 1577 2503 1676 impediente.

250 1705 537 1779 Verum
611 1702 932 1779 barbaro
1006 1703 1262 1798 regnis
1335 1703 1480 1778 tuis
1556 1702 1972 1779 incredibili
2056 1705 2507 1781 immanitate

247 1831 734 1912 incumbente,
776 1829 1271 1927 ditionemque
1328 1839 1527 1904 tuam
1584 1831 1756 1926 igne
1813 1840 1888 1906 et
1942 1833 2144 1907 ferro
2211 1833 2288 1907 in
2343 1832 2505 1907 dies

248 1957 720 2033 atrocissime
828 1966 1208 2048 vastante,
1322 1956 1623 2055 spoliis,
1737 1959 2059 2057 rapinis,
2136 1960 2508 2052 caedibus,

249 2067 749 2182 lacrymisque
805 2092 1093 2160 tuorum
1112 2073 1531 2182 perpulsus,
1626 2107 1930 2183 operam
1986 2093 2064 2162 ut
2103 2110 2377 2162 *meam
2433 2096 2508 2162 te

250 2220 578 2300 auctore,
618 2212 987 2308 profitear,
1006 2212 1311 2304 accessi,
1349 2233 1493 2285 non
1533 2212 1728 2309 quod
1747 2209 1895 2303 alii,
1935 2234 2121 2310 quos
2156 2212 2499 2311 frequen·

248 2339 584 2414 tissimos
623 2338 1457 2436 praestantissimosque
1514 2339 1770 2420 habes,
1850 2338 2025 2412 belli
2085 2339 2225 2413 tibi
2282 2337 2508 2414 duces

253 2467 521 2556 desint,
579 2466 715 2540 sed
771 2467 986 2542 simul
1034 2476 1115 2542 ut
1167 2466 1331 2565 ipse
1387 2467 1642 2565 primis
1699 2467 1917 2562 hujus
1991 2467 2261 2543 aetatis
2311 2466 2509 2563 >rudi-

254 2594 528 2671 mentis
564 2595 643 2669 in
682 2593 946 2669 studiis
966 2594 1166 2686 belli,
1196 2617 1708 2693 armorumque
1728 2594 2169 2670 tractatione
2223 2594 2511 2696 positis,

257 2722 535 2819 dignus
595 2729 670 2797 te
707 2733 1036 2820 parente,
1111 2724 1664 2820 majoribusque
1701 2723 1847 2796 tuis
1888 2722 2326 2817 clarissimis
2381 2724 2511 2797 im-

253 2844 740 2948 peratoribus]
788 2848 1169 2931 inveniam
1212 2850 1576 2947 simulque
1634 2849 2061 2944 praesentia
2118 2850 2289 2947 ipsa
2345 2872 2510 2924 mea

254 2974 724 3075 popularium
761 2975 1364 3073 subditorumque
1397 2983 1680 3051 tuorum
1721 2983 2012 3051 erectas
2053 2974 2379 3073 quotidie
2417 2973 2513 3050 ad

257 3112 327 3177 te
345 3104 647 3202 palmas
684 3098 1144 3177 ‘tendentium
1184 3102 1378 3178 votis
1399 3103 1648 3199 aliqua
1683 3111 2013 3202 exparte
2032 3102 2514 3193 satisfaciam,

263 3238 333 3304 et
390 3228 507 3304 uti
561 3221 708 3302 tibi
737 3247 1048 3325 quoque,
1087 3230 1201 3304 cui
1232 3228 1436 3304 ‘vitae
1475 3236 1731 3325 utpote
1765 3228 1982 3324 hujus
2019 3251 2227 3303 meae
2277 3227 2520 3303 datori

266 3379 413 3431 non
452 3355 821 3450 reliquam
856 3364 1138 3431 tantum
1176 3355 1756 3451 obsequentiam,
1797 3353 1932 3429 sed
1951 3356 2272 3446 labores,
2323 3354 2517 3450 vigi-

263 3482 431 3573 lias,
494 3480 722 3556 vitam
779 3480 1093 3577 denique
1148 3480 1388 3576 ipsam
1463 3479 1719 3569 debe0,
1777 3478 2102 3554 debitam
2163 3478 2520 3576 pietatem

267 3614 681 3705 praestem.r
745 3605 997 3697 Quare
1032 3613 1108 3680 te
1146 3612 1344 3703 peto,
1415 3611 1488 3678 te
1544 3605 1881 3692 obsecro,
1956 3629 2002 3677 a
2056 3611 2133 3679 te
2171 3603 2518 3698 precibus

271 3757 412 3832 quo
451 3733 859 3829 majoribus
898 3753 1201 3830 possum
1241 3731 1620 3825 contendo,
1663 3730 1845 3826 jube
1883 3754 1998 3807 me
2034 3730 2332 3806 tandem
2369 3754 2517 3807 una

271 3885 431 3937 cum
471 3860 622 3936 tuis
658 3858 894 3957 copiis
932 3857 1329 3957 proficisci,
1363 3880 1655 3955 unaque
1695 3881 1854 3933 cum
1893 3856 2011 3933 his
2047 3882 2224 3953 rem,
2300 3880 2519 3957 opes-

275 4012 417 4086 que
497 3986 944 4063 christianas
1054 4010 1143 4062 ac
1216 3987 1651 4082 dig-nitatem
1690 3995 1885 4061 tuam
1963 3986 2324 4064 adversus
2395 3982 2521 4063 ho-

274 4124 464 4190 stem
514 4113 726 4189 tueri.
803 4114 1046 4188 Decet
1101 4113 1374 4212 quippe
1425 4122 1501 4188 te
1539 4134 1796 4209 regem
1835 4106 1981 4187 non
2019 4112 2326 4212 pietatis
2362 4121 2519 4190 tan-

272 4251 423 4319 tum
482 4241 846 4336 opinione,
904 4240 1038 4315 sed
1074 4240 1489 4336 majestatis
1549 4262 1840 4338 quoque
1897 4263 2318 4335 caesareae,
2394 4264 2521 4316 na-

269 4369 516 4443 tiones
554 4365 909 4442 divinitus
961 4365 1099 4440 tibi
1136 4386 1281 4439 non
1344 4366 1442 4440 ad
1476 4365 1868 4471 interitum,
1907 4365 2041 4441 sed
2078 4367 2390 4442 salutem
2427 4366 2522 4442 iis

278 4493 809 4593 praestandam
848 4492 1262 4609 subjectas,
1301 4492 1539 4567 modis
1576 4494 1915 4570 omnibus
1955 4492 2379 4584 defendere3
2417 4492 2520 4568 id-

284 4645 421 4718 que
460 4644 549 4696 eo
590 4619 859 4714 majori
893 4619 1315 4711 intentione,
1374 4620 1567 4719 quod
1625 4621 1990 4697 barbarus
2029 4620 2188 4695 dies
2249 4630 2324 4695 et
2358 4644 2526 4696 noc-

2109 4744 2200 4821 9*
