3293 5219
764 253 872 331 94

758 491 901 565 que
919 490 1054 566 per
1075 468 1540 544 occasionem
1556 466 1741 542 belli
1752 465 2028 563 persici
2048 466 2292 540 omnia
2309 466 2597 561 maj0ra
2610 464 2818 540 facta
2835 475 3039 541 sunt.

760 595 1106 691 Namque
1190 592 1598 668 Rustemus
1659 616 1764 684 se,
1786 614 1970 687 quas
2009 591 2266 689 copias
2305 613 2396 665 ac
2433 591 2797 687 quomodo
2821 615 3043 687 rege-

754 728 891 813 ret,
947 726 1393 815 conquestus
1435 724 1575 811 est,
1634 717 1948 807 nescire,
1987 715 2262 789 cumin
2316 716 2654 791 omnibus
2694 715 2884 792 locis
2909 720 3032 793 sui

760 869 896 945 per
934 845 1414 943 Mustapham
1433 864 1922 943 percussores
1962 842 2374 940 dispositos
2413 840 2747 917 haberet.
2770 845 3043 919 Mulie-

761 993 886 1046 res
905 972 1209 1069 insuper
1238 972 1467 1046 multo
1506 973 1865 1068 maiorem
1903 976 2199 1057 metum,
2238 971 2699 1063 argumentis
2741 972 3044 1049 efflatis,

762 1099 1030 1204 quibus
1070 1095 1515 1194 Solymanus
1538 1097 1635 1171 ad
1691 1095 2089 1195 perniciem
2125 1094 2260 1167 filii
2276 1094 2665 1188 inducitur,
2685 1096 3045 1171 obtende-

761 1226 969 1300 bant.
998 1226 1088 1300 In
1106 1224 1544 1319 Ellegriam,
1584 1223 1661 1297 in
1699 1220 2075 1297 Anadolia
2095 1220 2265 1295 etin
2303 1217 2751 1297 Carmaniae
2790 1231 3042 1297 extre-

763 1372 924 1426 mos
936 1350 1123 1425 fines
1161 1346 1607 1445 Solymanus
1622 1370 1784 1422 cum
1794 1347 2283 1446 pervenisset,
2296 1346 2772 1444 Mustapham
2784 1372 3046 1423 accer-

761 1477 881 1566 sit,
902 1476 1025 1574 qui
1065 1475 1429 1550 ominatus
1449 1497 1607 1549 rem
1631 1497 1823 1570 quae
1841 1474 2057 1562 foret,
2080 1496 2310 1568 aegre
2346 1474 2541 1570 patri
2566 1475 3043 1572 obtempera-

759 1603 910 1678 bat.
969 1598 1122 1677 Sed
1175 1602 1319 1678 duo
1392 1599 1803 1698 purpurati,
1899 1600 2090 1673 alter
2147 1597 2352 1691 vizir,
2411 1622 2628 1695 quem
2683 1624 2906 1675 unum
2957 1602 3042 1673 fi-

760 1728 883 1801 liis
907 1727 1433 1824 imperatorum
1453 1750 1547 1801 ex
1566 1748 1770 1801 more
1809 1724 2087 1799 habere
2126 1723 2323 1812 licet,
2382 1725 2576 1799 alter
2623 1727 2717 1800 ab
2759 1727 3043 1824 episto-

764 1853 880 1942 lis,
953 1852 1382 1942 hortantur,
1459 1876 1548 1927 ac
1661 1851 1924 1927 deinde
2017 1850 2510 1948 persuadent:
2588 1852 2702 1926 eis
2760 1854 3042 1952 quippe

764 1978 1163 2053 Rustemus
1202 1999 1515 2071 magnas
1535 1977 1960 2075 provincias
1981 1977 2449 2074 promiserat,
2471 1977 2538 2051 si
2559 1978 3038 2073 Mustapham

764 2105 860 2181 ad
896 2112 1186 2204 patrem
1237 2103 1708 2179 adducerent.
1749 2102 1903 2178 Ubi
1941 2100 2344 2200 Mustapha
2383 2103 3044 2202 appropinquavit,

762 2237 1213 2330 purpuratos
1292 2251 1490 2319 suos,
1547 2226 2006 2333 Rustemum,
2060 2228 2481 2320 Amhatum,
2521 2229 2923 2304 lbraimum
2965 2238 3043 2305 et

764 2357 1176 2432 Haidarum
1198 2356 1495 2432 obviam
1514 2354 1737 2429 misit.
1759 2351 1947 2428 Cum
1986 2375 2163 2428 vero
2205 2354 2545 2428 dextram
2584 2355 3042 2452 Mustaphae

766 2482 1316 2569 oscularentur,
1393 2479 1685 2554 Haidar
1761 2479 2150 2576 epistolam
2208 2503 2256 2552 a
2293 2501 2376 2552 se
2416 2479 2790 2576 scriptam,
2844 2481 3040 2554 clam

760 2608 839 2684 in
877 2630 1133 2683 manus
1209 2607 1356 2698 dat,
1452 2606 1741 2703 quibus,
1783 2605 1849 2680 si
1910 2605 2006 2679 ad
2063 2612 2348 2702 patrem
2405 2605 2711 2697 veniret,
2752 2606 3040 2681 occisu-

764 2756 921 2810 rum
995 2755 1159 2808 eum
1198 2729 1670 2826 significavit.
1711 2731 1889 2805 Ideo
1930 2730 2358 2806 Rustemum
2397 2729 2473 2805 in
2509 2730 2772 2806 itinere
2811 2730 3044 2806 inter-

764 2857 1150 2936 ficiendum
1191 2859 1620 2950 destinarat,
1675 2859 1821 2932 nisi
1858 2859 1956 2933 ab
2014 2857 2165 2932 illis
2222 2857 2378 2931 suis
2415 2859 2844 2956 purpuratis
2901 2885 3044 2958 per

764 2986 1196 3062 Rustemum
1289 2985 1659 3083 corruptis
1716 2992 2048 3060 retentus
2121 2983 2410 3072 fuisset,
2464 2990 2690 3080 utque
2746 2986 3043 3060 veniret

764 3111 1023 3200 libere,
1061 3133 1472 3211 persvasus
1513 3118 1736 3185 esset.
1795 3108 2199 3207 Mustapha
2219 3131 2412 3205 ergo
2451 3110 2647 3185 albis
2697 3111 3039 3185 vestibus

758 3263 852 3314 ex
909 3236 1240 3312 interiori
1331 3236 1652 3332 quadam
1728 3234 1952 3309 animi
2010 3235 2478 3330 cogitatione
2535 3242 2839 3311 ornatus
2864 3293 2883 3324 ,
2939 3236 3041 3310 ad

759 3370 1050 3464 patrem
1124 3361 1469 3453 accessit,
1544 3361 2043 3457 loquutusque
2101 3345 2192 3435 ea
2268 3384 2458 3457 quae
2512 3385 2649 3460 pro
2700 3370 3038 3459 tempore

762 3491 1225 3583 videbantur,
1249 3511 1410 3564 cum
1448 3487 1658 3562 abire
1695 3487 1946 3578 vellet,
1984 3486 2185 3561 intra
2205 3486 2692 3563 tabernacula
2729 3512 2776 3562 a
2811 3488 3038 3563 mutis

754 3623 1086 3692 retentus
1144 3621 1220 3690 et
1276 3614 1799 3708 strangulatus
1864 3619 2003 3688 est.
2062 3614 2151 3686 In
2190 3611 2352 3686 eius
2405 3614 2698 3688 tunicae
2736 3614 3040 3690 sacculo

758 3741 1052 3817 litteras
1146 3739 1471 3815 Haidari
1522 3748 1866 3838 repertas
1944 3739 2043 3813 ad
2099 3737 2285 3836 Soly
2303 3762 2596 3814 manum
2672 3739 3036 3828 deferunt,

759 3890 979 3965 quam
1015 3867 1110 3941 ob
1187 3889 1488 3942 causam
1549 3866 1926 3960 dignitate
1964 3864 2304 3964 privatus
2368 3874 2504 3941 est.
2563 3864 2669 3941 At
2707 3867 2804 3943 ob
2840 3890 3032 3942 mor-

755 4002 903 4070 tem
958 3990 1410 4090 Mustaphae
1454 3992 1799 4089 janizeri,
1863 4001 1939 4067 et
2027 3999 2225 4067 totus
2283 3992 2599 4089 denique
2654 3993 3033 4069 exercitus

762 4119 1117 4194 Rustemo
1175 4120 1654 4195 vehementer
1674 4117 2277 4213 indignabantur,
2318 4124 2392 4191 et
2432 4141 2593 4194 cum
2632 4119 2793 4194 sine
2831 4119 3028 4217 peri·

758 4243 922 4320 culo
999 4246 1074 4319 in
1134 4245 1473 4321 exercitu
1559 4252 1997 4319 versaturus
2053 4267 2200 4317 non
2256 4249 2481 4332 esset,
2543 4249 2769 4340 utque
2826 4244 3028 4318 illius

770 4369 1045 4445 mulcta
1086 4372 1488 4446 exercitum
1530 4353 1895 4457 deliniret,
1954 4366 2403 4465 Solymanus
2461 4367 2823 4464 dignitate
2882 4371 3029 4467 pri-

776 4496 1019 4569 vavit:
1080 4497 1176 4569 ab
1216 4495 1541 4571 exercitu
1582 4519 1760 4572 vero
1815 4502 2035 4570 noctu
2089 4493 2278 4568 clam
2319 4494 2683 4584 discessit,
2723 4502 2802 4569 ut
2841 4473 3027 4569 miii-
