<?xml version="1.0" encoding="UTF-8"?>
<!DOCTYPE html PUBLIC "-//W3C//DTD XHTML 1.0 Transitional//EN"
    "http://www.w3.org/TR/xhtml1/DTD/xhtml1-transitional.dtd">
<html xmlns="http://www.w3.org/1999/xhtml" xml:lang="en" lang="en">
 <head>
  <title>
</title>
<meta http-equiv="Content-Type" content="text/html;charset=utf-8" />
  <meta name='ocr-system' content='tesseract 3.04.00' />
  <meta name='ocr-capabilities' content='ocr_page ocr_carea ocr_par ocr_line ocrx_word'/>
</head>
<body>
  <div class='ocr_page' id='page_1' title='image "./magyarhistorija00bpgoog/magyarhistorija00bpgoog_0138.png"; bbox 0 0 3293 5219; ppageno 0'>
   <div class='ocr_carea' id='block_1_1' title="bbox 775 288 953 377">
    <p class='ocr_par' dir='ltr' id='par_1_1' title="bbox 775 288 953 377">
     <span class='ocr_line' id='line_1_1' title="bbox 775 288 953 377; baseline -0.017 -9"><span class='ocrx_word' id='word_1_1' title='bbox 775 288 953 377; x_wconf 78' lang='lat'><strong>30,</strong></span> 
     </span>
    </p>
   </div>
   <div class='ocr_carea' id='block_1_2' title="bbox 765 502 3016 2633">
    <p class='ocr_par' dir='ltr' id='par_1_2' title="bbox 765 502 3016 2633">
     <span class='ocr_line' id='line_1_2' title="bbox 779 502 3016 597; baseline -0 -18"><span class='ocrx_word' id='word_1_2' title='bbox 779 503 1206 597; x_wconf 82' lang='lat' dir='ltr'><strong>Inferioris,</strong></span> <span class='ocrx_word' id='word_1_3' title='bbox 1264 504 1585 579; x_wconf 88' lang='lat' dir='ltr'><strong>retinere</strong></span> <span class='ocrx_word' id='word_1_4' title='bbox 1622 503 1922 579; x_wconf 89' lang='lat' dir='ltr'><strong>summis</strong></span> <span class='ocrx_word' id='word_1_5' title='bbox 1979 503 2257 579; x_wconf 91' lang='lat' dir='ltr'><strong>viribus</strong></span> <span class='ocrx_word' id='word_1_6' title='bbox 2314 508 2787 582; x_wconf 82' lang='lat' dir='ltr'><strong>conabantur.</strong></span> <span class='ocrx_word' id='word_1_7' title='bbox 2867 502 3016 580; x_wconf 87' lang='lat' dir='ltr'><strong>Sed</strong></span> 
     </span>
     <span class='ocr_line' id='line_1_3' title="bbox 777 628 3014 730; baseline 0 -24"><span class='ocrx_word' id='word_1_8' title='bbox 777 631 915 708; x_wconf 86' lang='lat' dir='ltr'><strong>duo</strong></span> <span class='ocrx_word' id='word_1_9' title='bbox 954 631 1115 723; x_wconf 85' lang='lat' dir='ltr'><strong>viri,</strong></span> <span class='ocrx_word' id='word_1_10' title='bbox 1155 630 1562 730; x_wconf 81' lang='lat' dir='ltr'><strong>Loboczky</strong></span> <span class='ocrx_word' id='word_1_11' title='bbox 1600 628 1943 729; x_wconf 88' lang='lat' dir='ltr'><strong>polonus,</strong></span> <span class='ocrx_word' id='word_1_12' title='bbox 1984 629 2174 705; x_wconf 86' lang='lat' dir='ltr'><strong>alter</strong></span> <span class='ocrx_word' id='word_1_13' title='bbox 2215 654 2389 707; x_wconf 87' lang='lat' dir='ltr'><strong>vero</strong></span> <span class='ocrx_word' id='word_1_14' title='bbox 2431 632 2842 708; x_wconf 84' lang='lat' dir='ltr'><strong>Blandrata</strong></span> <span class='ocrx_word' id='word_1_15' title='bbox 2881 656 3014 728; x_wconf 90' lang='lat' dir='ltr'><strong>pe-</strong></span> 
     </span>
     <span class='ocr_line' id='line_1_4' title="bbox 775 758 3016 859; baseline 0 -26"><span class='ocrx_word' id='word_1_16' title='bbox 775 758 1272 854; x_wconf 85' lang='lat' dir='ltr'><strong>demontanus‚</strong></span> <span class='ocrx_word' id='word_1_17' title='bbox 1314 784 1406 834; x_wconf 85' lang='lat' dir='ltr'><strong>ex</strong></span> <span class='ocrx_word' id='word_1_18' title='bbox 1455 759 1726 834; x_wconf 90' lang='lat' dir='ltr'><strong>intimis</strong></span> <span class='ocrx_word' id='word_1_19' title='bbox 1775 759 2008 856; x_wconf 91' lang='lat' dir='ltr'><strong>ipsius</strong></span> <span class='ocrx_word' id='word_1_20' title='bbox 2057 759 2381 855; x_wconf 83' lang='lat' dir='ltr'><strong>reginae,</strong></span> <span class='ocrx_word' id='word_1_21' title='bbox 2438 786 2571 859; x_wconf 92' lang='lat' dir='ltr'><strong>per</strong></span> <span class='ocrx_word' id='word_1_22' title='bbox 2611 760 3016 835; x_wconf 88' lang='lat' dir='ltr'><strong>Ferdinan-</strong></span> 
     </span>
     <span class='ocr_line' id='line_1_5' title="bbox 774 885 3008 985; baseline -0 -25"><span class='ocrx_word' id='word_1_23' title='bbox 774 885 938 961; x_wconf 87' lang='lat' dir='ltr'><strong>dum</strong></span> <span class='ocrx_word' id='word_1_24' title='bbox 976 886 1362 985; x_wconf 78' lang='lat' dir='ltr'>promissis</span> <span class='ocrx_word' id='word_1_25' title='bbox 1402 888 1747 982; x_wconf 81' lang='lat' dir='ltr'>corrupti,</span> <span class='ocrx_word' id='word_1_26' title='bbox 1806 886 2136 981; x_wconf 80' lang='lat' dir='ltr'><strong>reginam</strong></span> <span class='ocrx_word' id='word_1_27' title='bbox 2176 887 2634 985; x_wconf 85' lang='lat' dir='ltr'><strong>impulerunt.</strong></span> <span class='ocrx_word' id='word_1_28' title='bbox 2713 886 3008 962; x_wconf 87' lang='lat' dir='ltr'><strong>Abeun-</strong></span> 
     </span>
     <span class='ocr_line' id='line_1_6' title="bbox 785 1012 3013 1110; baseline -0.001 -23"><span class='ocrx_word' id='word_1_29' title='bbox 785 1020 933 1087; x_wconf 93' lang='lat' dir='ltr'><strong>tem</strong></span> <span class='ocrx_word' id='word_1_30' title='bbox 972 1035 1149 1089; x_wconf 87' lang='lat' dir='ltr'><strong>vero</strong></span> <span class='ocrx_word' id='word_1_31' title='bbox 1189 1013 1479 1110; x_wconf 90' lang='lat' dir='ltr'><strong>sequuti</strong></span> <span class='ocrx_word' id='word_1_32' title='bbox 1533 1021 1703 1087; x_wconf 90' lang='lat' dir='ltr'><strong>sunt</strong></span> <span class='ocrx_word' id='word_1_33' title='bbox 1741 1035 1833 1086; x_wconf 83' lang='lat' dir='ltr'><strong>ex</strong></span> <span class='ocrx_word' id='word_1_34' title='bbox 1872 1014 2312 1110; x_wconf 91' lang='lat' dir='ltr'><strong>primoribus</strong></span> <span class='ocrx_word' id='word_1_35' title='bbox 2369 1012 2636 1089; x_wconf 86' lang='lat' dir='ltr'><strong>Petrus</strong></span> <span class='ocrx_word' id='word_1_36' title='bbox 2677 1012 3013 1089; x_wconf 85' lang='lat' dir='ltr'><strong>Petrovi-</strong></span> 
     </span>
     <span class='ocr_line' id='line_1_7' title="bbox 781 1137 3010 1239; baseline -0.001 -26"><span class='ocrx_word' id='word_1_37' title='bbox 781 1141 927 1215; x_wconf 87' lang='lat' dir='ltr'><strong>tius</strong></span> <span class='ocrx_word' id='word_1_38' title='bbox 950 1147 1025 1214; x_wconf 91' lang='lat' dir='ltr'><strong>et</strong></span> <span class='ocrx_word' id='word_1_39' title='bbox 1053 1140 1373 1215; x_wconf 87' lang='lat' dir='ltr'><strong>Michael</strong></span> <span class='ocrx_word' id='word_1_40' title='bbox 1388 1137 1677 1239; x_wconf 81' lang='lat' dir='ltr'><strong>Ohaky.</strong></span> <span class='ocrx_word' id='word_1_41' title='bbox 1702 1137 2186 1214; x_wconf 88' lang='lat' dir='ltr'><strong>Leonhardus</strong></span> <span class='ocrx_word' id='word_1_42' title='bbox 2215 1138 2458 1227; x_wconf 83' lang='lat' dir='ltr'><strong>Cecei,</strong></span> <span class='ocrx_word' id='word_1_43' title='bbox 2475 1149 2547 1215; x_wconf 91' lang='lat' dir='ltr'><strong>et</strong></span> <span class='ocrx_word' id='word_1_44' title='bbox 2578 1142 2738 1238; x_wconf 91' lang='lat' dir='ltr'><strong>ipse</strong></span> <span class='ocrx_word' id='word_1_45' title='bbox 2761 1161 3010 1213; x_wconf 89' lang='lat' dir='ltr'><strong>comes</strong></span> 
     </span>
     <span class='ocr_line' id='line_1_8' title="bbox 784 1264 3014 1365; baseline -0.002 -25"><span class='ocrx_word' id='word_1_46' title='bbox 784 1266 1090 1360; x_wconf 84' lang='lat' dir='ltr'><strong>futurus,</strong></span> <span class='ocrx_word' id='word_1_47' title='bbox 1150 1268 1224 1341; x_wconf 94' lang='lat' dir='ltr'><strong>in</strong></span> <span class='ocrx_word' id='word_1_48' title='bbox 1284 1267 1445 1365; x_wconf 89' lang='lat' dir='ltr'><strong>ipso</strong></span> <span class='ocrx_word' id='word_1_49' title='bbox 1503 1267 1921 1364; x_wconf 83' lang='lat' dir='ltr'><strong>procinctu,</strong></span> <span class='ocrx_word' id='word_1_50' title='bbox 1983 1266 2442 1361; x_wconf 82' lang='lat' dir='ltr'><strong>aegritudine</strong></span> <span class='ocrx_word' id='word_1_51' title='bbox 2482 1267 2726 1364; x_wconf 91' lang='lat' dir='ltr'><strong>potius</strong></span> <span class='ocrx_word' id='word_1_52' title='bbox 2768 1264 3014 1353; x_wconf 85' lang='lat' dir='ltr'><strong>animi,</strong></span> 
     </span>
     <span class='ocr_line' id='line_1_9' title="bbox 776 1391 3009 1490; baseline -0.002 -22"><span class='ocrx_word' id='word_1_53' title='bbox 776 1416 993 1490; x_wconf 89' lang='lat' dir='ltr'><strong>quam</strong></span> <span class='ocrx_word' id='word_1_54' title='bbox 1032 1394 1426 1468; x_wconf 86' lang='lat' dir='ltr'><strong>manifesta</strong></span> <span class='ocrx_word' id='word_1_55' title='bbox 1466 1391 1720 1490; x_wconf 87' lang='lat' dir='ltr'><strong>aliqua</strong></span> <span class='ocrx_word' id='word_1_56' title='bbox 1756 1415 2043 1483; x_wconf 84' lang='lat' dir='ltr'><strong>caussa,</strong></span> <span class='ocrx_word' id='word_1_57' title='bbox 2082 1393 2307 1467; x_wconf 86' lang='lat' dir='ltr'><strong>vitam</strong></span> <span class='ocrx_word' id='word_1_58' title='bbox 2348 1417 2506 1467; x_wconf 89' lang='lat' dir='ltr'><strong>cum</strong></span> <span class='ocrx_word' id='word_1_59' title='bbox 2546 1402 2776 1468; x_wconf 89' lang='lat' dir='ltr'><strong>morte</strong></span> <span class='ocrx_word' id='word_1_60' title='bbox 2817 1414 3009 1465; x_wconf 91' lang='lat' dir='ltr'><strong>com-</strong></span> 
     </span>
     <span class='ocr_line' id='line_1_10' title="bbox 772 1515 3014 1619; baseline -0.001 -26"><span class='ocrx_word' id='word_1_61' title='bbox 772 1519 1077 1595; x_wconf 81' lang='lat' dir='ltr'><strong>mutavit</strong></span> <span class='ocrx_word' id='word_1_62' title='bbox 1152 1515 1438 1619; x_wconf 82' lang='lat' dir='ltr'><strong>(regina</strong></span> <span class='ocrx_word' id='word_1_63' title='bbox 1513 1544 1646 1617; x_wconf 91' lang='lat' dir='ltr'><strong>per</strong></span> <span class='ocrx_word' id='word_1_64' title='bbox 1706 1520 1984 1617; x_wconf 84' lang='lat' dir='ltr'><strong>aliquot</strong></span> <span class='ocrx_word' id='word_1_65' title='bbox 2042 1520 2200 1594; x_wconf 86' lang='lat' dir='ltr'><strong>dies</strong></span> <span class='ocrx_word' id='word_1_66' title='bbox 2279 1519 2778 1594; x_wconf 89' lang='lat' dir='ltr'><strong>remissionem</strong></span> <span class='ocrx_word' id='word_1_67' title='bbox 2837 1519 3014 1592; x_wconf 88' lang='lat' dir='ltr'><strong>mali</strong></span> 
     </span>
     <span class='ocr_line' id='line_1_11' title="bbox 773 1642 3006 1746; baseline -0.002 -26"><span class='ocrx_word' id='word_1_68' title='bbox 773 1647 1051 1722; x_wconf 86' lang='lat' dir='ltr'><strong>frustra</strong></span> <span class='ocrx_word' id='word_1_69' title='bbox 1089 1642 1548 1746; x_wconf 89' lang='lat' dir='ltr'><strong>opperiente)</strong></span> <span class='ocrx_word' id='word_1_70' title='bbox 1590 1648 2198 1744; x_wconf 84' lang='lat' dir='ltr'><strong>quinquagesimo</strong></span> <span class='ocrx_word' id='word_1_71' title='bbox 2238 1646 2504 1746; x_wconf 86' lang='lat' dir='ltr'><strong>aetatis</strong></span> <span class='ocrx_word' id='word_1_72' title='bbox 2557 1668 2784 1735; x_wconf 78' lang='lat' dir='ltr'><strong>ann03</strong></span> <span class='ocrx_word' id='word_1_73' title='bbox 2844 1667 3006 1719; x_wconf 91' lang='lat' dir='ltr'><strong>cum</strong></span> 
     </span>
     <span class='ocr_line' id='line_1_12' title="bbox 770 1771 3009 1875; baseline -0.001 -28"><span class='ocrx_word' id='word_1_74' title='bbox 770 1773 863 1847; x_wconf 86' lang='lat' dir='ltr'><strong>ad</strong></span> <span class='ocrx_word' id='word_1_75' title='bbox 920 1771 992 1844; x_wconf 88' lang='lat' dir='ltr'><strong>id</strong></span> <span class='ocrx_word' id='word_1_76' title='bbox 1050 1772 1227 1846; x_wconf 87' lang='lat' dir='ltr'><strong>nihil</strong></span> <span class='ocrx_word' id='word_1_77' title='bbox 1287 1773 1657 1875; x_wconf 65' lang='lat' dir='ltr'><strong>gravioris</strong></span> <span class='ocrx_word' id='word_1_78' title='bbox 1715 1773 1924 1863; x_wconf 82' lang='lat' dir='ltr'><strong>mali,</strong></span> <span class='ocrx_word' id='word_1_79' title='bbox 1965 1797 2107 1847; x_wconf 87' lang='lat' dir='ltr'><strong>una</strong></span> <span class='ocrx_word' id='word_1_80' title='bbox 2165 1780 2238 1847; x_wconf 87' lang='lat' dir='ltr'><strong>et</strong></span> <span class='ocrx_word' id='word_1_81' title='bbox 2294 1772 2633 1847; x_wconf 88' lang='lat' dir='ltr'><strong>continua</strong></span> <span class='ocrx_word' id='word_1_82' title='bbox 2682 1771 3009 1846; x_wconf 85' lang='lat' dir='ltr'><strong>sanitate</strong></span> 
     </span>
     <span class='ocr_line' id='line_1_13' title="bbox 770 1896 3010 1975; baseline -0.001 -3"><span class='ocrx_word' id='word_1_83' title='bbox 770 1896 1154 1974; x_wconf 89' lang='lat' dir='ltr'><strong>sensisset.</strong></span> <span class='ocrx_word' id='word_1_84' title='bbox 1212 1899 1565 1975; x_wconf 91' lang='lat' dir='ltr'><strong>Dolorem</strong></span> <span class='ocrx_word' id='word_1_85' title='bbox 1625 1923 2070 1975; x_wconf 89' lang='lat' dir='ltr'><strong>communem</strong></span> <span class='ocrx_word' id='word_1_86' title='bbox 2129 1923 2526 1975; x_wconf 77' lang='lat' dir='ltr'><strong>concursus</strong></span> <span class='ocrx_word' id='word_1_87' title='bbox 2567 1900 2800 1972; x_wconf 89' lang='lat' dir='ltr'><strong>omnis</strong></span> <span class='ocrx_word' id='word_1_88' title='bbox 2839 1921 3010 1971; x_wconf 89' lang='lat' dir='ltr'><strong>eou-</strong></span> 
     </span>
     <span class='ocr_line' id='line_1_14' title="bbox 771 2023 3009 2123; baseline -0.001 -25"><span class='ocrx_word' id='word_1_89' title='bbox 771 2023 1087 2117; x_wconf 86' lang='lat' dir='ltr'><strong>ditionis,</strong></span> <span class='ocrx_word' id='word_1_90' title='bbox 1126 2047 1351 2101; x_wconf 81' lang='lat' dir='ltr'><strong>sexus</strong></span> <span class='ocrx_word' id='word_1_91' title='bbox 1391 2033 1613 2123; x_wconf 88' lang='lat' dir='ltr'><strong>atque</strong></span> <span class='ocrx_word' id='word_1_92' title='bbox 1653 2027 1924 2101; x_wconf 87' lang='lat' dir='ltr'><strong>aetatis</strong></span> <span class='ocrx_word' id='word_1_93' title='bbox 1965 2026 2351 2119; x_wconf 90' lang='lat' dir='ltr'><strong>hominum,</strong></span> <span class='ocrx_word' id='word_1_94' title='bbox 2412 2025 2667 2116; x_wconf 87' lang='lat' dir='ltr'><strong>etiam,</strong></span> <span class='ocrx_word' id='word_1_95' title='bbox 2724 2026 2847 2121; x_wconf 92' lang='lat' dir='ltr'><strong>qui</strong></span> <span class='ocrx_word' id='word_1_96' title='bbox 2896 2048 3009 2097; x_wconf 91' lang='lat' dir='ltr'><strong>re-</strong></span> 
     </span>
     <span class='ocr_line' id='line_1_15' title="bbox 769 2148 3006 2248; baseline 0 -26"><span class='ocrx_word' id='word_1_97' title='bbox 769 2148 1035 2224; x_wconf 91' lang='lat' dir='ltr'><strong>motius</strong></span> <span class='ocrx_word' id='word_1_98' title='bbox 1072 2151 1384 2228; x_wconf 85' lang='lat' dir='ltr'><strong>aberant</strong></span> <span class='ocrx_word' id='word_1_99' title='bbox 1436 2151 1812 2227; x_wconf 88' lang='lat' dir='ltr'><strong>testificati</strong></span> <span class='ocrx_word' id='word_1_100' title='bbox 1863 2162 2050 2228; x_wconf 88' lang='lat' dir='ltr'><strong>sunt.</strong></span> <span class='ocrx_word' id='word_1_101' title='bbox 2111 2153 2529 2229; x_wconf 87' lang='lat' dir='ltr'><strong>Lascanum</strong></span> <span class='ocrx_word' id='word_1_102' title='bbox 2570 2150 3006 2248; x_wconf 87' lang='lat' dir='ltr'><strong>Hispanum,</strong></span> 
     </span>
     <span class='ocr_line' id='line_1_16' title="bbox 769 2276 3004 2375; baseline 0 -24"><span class='ocrx_word' id='word_1_103' title='bbox 769 2277 1022 2351; x_wconf 86' lang='lat' dir='ltr'><strong>ducem</strong></span> <span class='ocrx_word' id='word_1_104' title='bbox 1059 2276 1532 2371; x_wconf 81' lang='lat' dir='ltr'><strong>Ferdinandi,</strong></span> <span class='ocrx_word' id='word_1_105' title='bbox 1572 2303 1730 2355; x_wconf 91' lang='lat' dir='ltr'><strong>cum</strong></span> <span class='ocrx_word' id='word_1_106' title='bbox 1770 2280 2095 2355; x_wconf 84' lang='lat' dir='ltr'><strong>exercitu</strong></span> <span class='ocrx_word' id='word_1_107' title='bbox 2130 2282 2369 2355; x_wconf 90' lang='lat' dir='ltr'><strong>fusum</strong></span> <span class='ocrx_word' id='word_1_108' title='bbox 2407 2286 2861 2375; x_wconf 85' lang='lat' dir='ltr'><strong>stratumque</strong></span> <span class='ocrx_word' id='word_1_109' title='bbox 2899 2277 3004 2351; x_wconf 92' lang='lat' dir='ltr'><strong>in-</strong></span> 
     </span>
     <span class='ocr_line' id='line_1_17' title="bbox 765 2403 3003 2505; baseline -0.001 -25"><span class='ocrx_word' id='word_1_110' title='bbox 765 2404 1161 2482; x_wconf 85' lang='lat' dir='ltr'><strong>terfecerat</strong></span> <span class='ocrx_word' id='word_1_111' title='bbox 1198 2431 1216 2501; x_wconf 77' lang='lat'><em>3</em></span> <span class='ocrx_word' id='word_1_112' title='bbox 1257 2407 1573 2505; x_wconf 90' lang='lat' dir='ltr'><strong>quinque</strong></span> <span class='ocrx_word' id='word_1_113' title='bbox 1613 2417 1688 2483; x_wconf 90' lang='lat' dir='ltr'><strong>et</strong></span> <span class='ocrx_word' id='word_1_114' title='bbox 1725 2409 1976 2483; x_wconf 87' lang='lat' dir='ltr'><strong>decem</strong></span> <span class='ocrx_word' id='word_1_115' title='bbox 2017 2408 2251 2500; x_wconf 82' lang='lat' dir='ltr'><strong>annis,</strong></span> <span class='ocrx_word' id='word_1_116' title='bbox 2271 2408 2536 2505; x_wconf 89' lang='lat' dir='ltr'><strong>quibus</strong></span> <span class='ocrx_word' id='word_1_117' title='bbox 2556 2403 3003 2481; x_wconf 83' lang='lat' dir='ltr'><strong>Cassoviam</strong></span> 
     </span>
     <span class='ocr_line' id='line_1_18' title="bbox 767 2532 2479 2633; baseline 0 -27"><span class='ocrx_word' id='word_1_118' title='bbox 767 2532 979 2626; x_wconf 82' lang='lat' dir='ltr'><strong>rexit,</strong></span> <span class='ocrx_word' id='word_1_119' title='bbox 1018 2533 1291 2609; x_wconf 90' lang='lat' dir='ltr'><strong>nullam</strong></span> <span class='ocrx_word' id='word_1_120' title='bbox 1330 2543 1616 2611; x_wconf 90' lang='lat' dir='ltr'><strong>noctem</strong></span> <span class='ocrx_word' id='word_1_121' title='bbox 1656 2544 1870 2612; x_wconf 80' lang='lat' dir='ltr'><strong>extra</strong></span> <span class='ocrx_word' id='word_1_122' title='bbox 1906 2538 2161 2612; x_wconf 89' lang='lat' dir='ltr'><strong>urbem</strong></span> <span class='ocrx_word' id='word_1_123' title='bbox 2201 2542 2479 2633; x_wconf 79' lang='lat' dir='ltr'><strong>egerat.</strong></span> 
     </span>
    </p>
   </div>
  </div>
 </body>
</html>
