3293 5219
805 297 961 377 308
1073 332 1079 338 ·

817 526 1057 592 autem
1112 540 1258 591 non
1313 540 1551 614 parva
1606 539 1929 589 munera.
1991 511 2369 610 Georgius
2417 537 2577 587 cum
2616 511 3053 611 Byzantium

808 641 1248 744 appulisset,
1287 665 1433 718 non
1473 642 1789 733 auditus,
1844 642 1919 715 in
1976 640 2379 739 hospitium
2436 639 2756 716 oratoris
2797 661 3051 714 caesa-

811 763 1021 860 riani,
1077 769 1384 845 inclusis
1441 768 1699 867 portis,
1739 777 1962 864 atque
2002 768 2193 842 omni
2233 767 2437 843 aditu
2474 768 2846 860 exclusus,
2889 788 3048 840 cum

807 895 1083 971 castris
1122 894 1374 971 venire
1398 896 1658 992 jussus
1699 903 1852 983 est,
1892 917 1982 969 ac
2018 903 2241 993 posta
2276 891 2639 989 Belgradi
2678 914 2916 989 usque
2955 892 3050 966 ad

804 1021 987 1099 belli
1042 1022 1314 1096 exitum
1370 1020 1696 1100 relictus.
1791 1017 2233 1118 Solymanus
2307 1019 2519 1111 enim,
2598 996 3064 1116 quamquam'

816 1148 1021 1225 senio
1079 1156 1154 1224 et
1206 1147 1710 1222 imbecillitate
1748 1146 2081 1243 corporis
2119 1164 2568 1244 oppressus,
2605 1146 2683 1221 in
2733 1147 2878 1224 hoc
2914 1169 3049 1245 po-

806 1284 1079 1353 stremo
1135 1273 1379 1349 laudis
1435 1281 1769 1373 tempore
1819 1272 2002 1349 nihil
2040 1274 2189 1349 sibi
2244 1272 2690 1371 parcendum
2730 1273 3050 1372 putabat

798 1404 1072 1478 nullum
1145 1401 1739 1498 impedimentum
1834 1401 2019 1476 satis
2148 1400 2242 1475 ad
2316 1399 2629 1497 gloriam
2731 1399 3050 1476 arbitra-

808 1537 952 1605 tus.
1042 1528 1496 1603 Memoratur
1570 1526 1646 1599 in
1739 1526 2048 1602 concilio
2103 1537 2668 1626 purpuratorum
2755 1529 3048 1603 dissva·

806 1655 1127 1733 dentium
1165 1654 1348 1730 talia
1388 1654 1618 1729 verba
1654 1653 2074 1752 prodidisse
2114 1683 2146 1728 ε,
2187 1680 2330 1730 non
2388 1656 2530 1732 sibi
2585 1654 2894 1730 honoris
2960 1677 3047 1726 ac

803 1782 1244 1880 praeclarae
1268 1781 1507 1855 laudis
1527 1780 1843 1876 gloriam
1866 1804 1996 1857 eos
2018 1783 2409 1881 paravisse
2432 1809 2449 1879 ς
2471 1806 2689 1858 unum
2708 1781 2916 1872 illud,
2940 1780 3048 1853 in·

804 1911 981 2009 quit,
1019 1931 1257 1984 meum
1292 1916 1426 2001 est,
1464 1929 1609 1982 non
1651 1907 1863 1981 modo
1905 1909 2297 2005 mihiviv0,
2337 1911 2471 1986 sed
2509 1909 2734 1984 etiam
2771 1931 2867 1983 ex
2903 1907 3052 1981 hac

799 2034 1092 2110 mortali
1110 2033 1266 2108 vita
1285 2034 1683 2107 decessuro
1707 2032 1805 2105 ad
1824 2031 2047 2109 aliam
2070 2043 2145 2110 et
2161 2034 2645 2111 immortalem
2681 2035 2914 2109 vitam
2955 2057 3048 2108 ex

800 2160 1135 2238 omnibus
1177 2158 1392 2234 bonis
1433 2180 1963 2257 remansurum;
2002 2163 2196 2259 quod
2232 2186 2497 2261 precor
2539 2164 2781 2238 Deum
2817 2161 3070 2236 maxi·-

798 2312 1011 2382 mum,
1049 2294 1130 2361 ut
1165 2309 1325 2363 cum
1365 2309 1709 2384 supremo
1749 2310 1956 2363 meae
1995 2289 2196 2365 vitae
2237 2291 2459 2379 exitu,
2499 2313 2716 2388 quam
2754 2312 2893 2388 pro
2936 2311 3050 2362 re-

799 2416 1077 2515 ligione
1135 2416 1300 2490 Deo
1363 2414 1815 2507 consecravi,
1874 2416 1949 2489 in
1988 2416 2241 2494 hostili
2281 2416 2443 2492 solo
2499 2426 2722 2514 atque
2759 2416 2934 2513 ipsa
2971 2415 3046 2488 in

795 2542 1034 2621 hostis
1070 2542 1336 2641 patria,
1361 2541 1456 2618 ad
1477 2542 1711 2640 ipsius
1750 2542 1955 2618 urbis
2005 2544 2452 2621 Viennensis
2492 2542 2805 2634 moenia,
2841 2542 3048 2618 felici

797 2671 1109 2746 victoria
1170 2667 1351 2744 velit
1406 2667 1860 2743 confirmare.
1917 2669 2324 2746 Praeclara
2358 2694 2504 2745 vox
2558 2678 2765 2745 tanto
2814 2669 3048 2767 impe·

796 2808 1043 2875 ratore
1086 2797 1332 2895 digna,
1373 2804 1452 2873 ut
1491 2799 1614 2895 qui
1652 2797 1908 2873 hostes
1941 2800 2237 2877 vincere
2278 2802 2540 2877 solitus
2571 2806 2795 2892 esset,
2834 2807 3047 2874 natu-

801 2951 962 3003 ram
999 2926 1260 3025 ipsam,
1303 2925 1366 2999 si
1408 2948 1550 3023 quo
1592 2926 1806 3001 modo
1846 2936 2128 3025 posset,
2150 2951 2233 3003 se
2275 2950 2563 3026 quoque
2604 2929 2770 3026 ipso
2811 2927 3053 3021 major

801 3076 1159 3149 superare
1201 3053 1445 3146 vellet,
1493 3062 1565 3127 et
1606 3075 1825 3149 quam
1866 3055 2041 3129 boni
2077 3055 2464 3131 christiani
2501 3078 2650 3129 non
2686 3054 2784 3128 ad
2821 3075 3050 3127 aures

796 3181 1031 3273 mod0,
1089 3179 1220 3254 sed
1282 3180 1378 3253 ad
1433 3178 1753 3254 animum
1814 3203 2102 3279 quoque
2176 3182 2471 3256 tandem
2550 3180 3030 3256 admitterent

799 3307 994 3383 Nam
1051 3329 1212 3381 cum
1270 3305 1418 3380 tria
1476 3304 1624 3379 siut
1682 3307 1971 3382 omnino
2031 3307 2400 3383 homiuum
2457 3329 2758 3403 genera,
2821 3327 3049 3402 quam

795 3435 998 3509 multi
1055 3434 1448 3531 principes,
1501 3456 1636 3531 per
1694 3433 1933 3507 Deum
1989 3435 2493 3524 immortalem,
2536 3458 2625 3508 ne
2694 3433 2770 3507 in
2822 3435 3053 3506 tertio

795 3561 1089 3660 quidem
1154 3569 1464 3657 possunt
1522 3562 1951 3654 consistere,
2010 3572 2092 3638 ut
2136 3587 2228 3638 ne
2267 3586 2530 3637 nomen
2566 3560 2859 3659 quidem
2899 3583 3050 3633 me-

790 3695 1113 3765 reantur.

1014 3813 1296 3889 Arslan
1359 3816 1591 3891 bassa
1648 3840 1827 3912 ergo
1889 3817 2126 3892 Nonis
2183 3817 2388 3893 Junii
2447 3815 2789 3893 Palotam
2839 3814 3056 3891 obse-

792 3939 934 4034 dit3
1009 3963 1323 4039 namque
1368 3939 1748 4039 Georgius
1811 3942 1995 4018 Turi
2038 3945 2466 4042 praefectus
2525 3943 2884 4042 praesidii
2918 3943 3052 4016 iis-

790 4067 951 4143 dem
975 4065 1234 4143 diebus
1274 4066 1515 4143 Albae
1536 4066 1851 4164 Regalis
1892 4068 2186 4145 Turcas
2227 4071 2439 4145 clade
2479 4070 2852 4146 affecerat.
2893 4067 3050 4143 Au-

786 4192 1041 4268 xilium
1080 4202 1460 4270 externum
1499 4196 1976 4293 longinquum
2018 4204 2201 4287 erat,
2259 4204 2334 4272 et
2354 4199 2702 4296 princeps
2742 4199 3052 4284 absens3

786 4328 865 4395 at
897 4322 1300 4419 periculum
1341 4333 1413 4399 et
1467 4330 1703 4400 metus
1744 4326 2277 4401 cunctationem
2317 4325 2709 4400 demserat.
2805 4327 3051 4423 Igitur

787 4469 1159 4544 proceres,
1201 4472 1503 4546 quorum
1543 4472 1670 4526 res
1711 4453 2094 4549 agebatur,
2121 4451 2574 4527 Franciscus
2625 4451 3038 4552 Batthiany

785 4573 1072 4669 equites
1112 4582 1417 4666 centum,
1458 4576 1745 4673 pedites
1783 4586 2199 4671 trecentos,
2295 4578 2581 4654 Ursula
2621 4578 2713 4653 de
2753 4575 3043 4654 Canisa
