3293 5219
840 337 992 415 114

831 557 1051 631 totius
1093 553 1304 648 regni
1340 550 1639 626 decimis
1681 550 2044 627 habuerat
2076 552 2505 641 (universae
2545 552 2737 626 enim
2785 552 3064 648 integri

832 683 1045 780 regni
1108 673 1433 756 decimae
1496 684 1567 751 et
1639 677 1715 750 in
1771 677 2113 774 Ungaria
2158 679 2376 752 trium
2416 679 2883 755 comitatuum
2960 679 3061 752 ad

827 808 1391 905 albaJuliensem
1453 805 1961 904 episcopatum
2036 806 2544 903 pertinebant,
2605 812 2686 880 ut
2720 805 2843 880 vel
2899 807 3067 906 ipse

826 935 981 1012 suis
1018 932 1371 1033 impensis
1413 931 1811 1006 exercitum
1850 931 2062 1006 alere
2098 932 2456 1030 potuerit)
2513 933 2848 1028 pecuniis
2897 932 3064 1008 red-

821 1063 1070 1138 imunt.
1128 1062 1295 1158 Ego
1353 1058 1750 1155 aliquando
1808 1059 1904 1132 ab
1963 1058 2219 1133 eodem
2277 1058 2545 1146 audivi,
2621 1082 2703 1133 se
2765 1057 2948 1133 nihil
2986 1060 3065 1134 in

823 1185 1399 1265 Transsilvania
1416 1191 1715 1283 praeter
1736 1183 2096 1258 calamum
2137 1183 2604 1283 scriptorium
2642 1185 3064 1282 reliquisse,

822 1324 1021 1391 certe
1042 1313 1204 1388 auri
1224 1322 1450 1409 atque
1475 1309 1764 1404 argenti
1789 1309 1936 1383 vim
1973 1309 2575 1384 innumerabilem
2617 1314 3068 1409 exportavit.

820 1440 1057 1535 Igitur
1116 1459 1276 1512 cum
1315 1434 1835 1511 Ferdiuandus
1879 1434 1968 1508 de
2007 1436 2231 1509 rebus
2269 1434 2863 1511 transsilvanicis
2902 1461 3068 1513 cum

816 1566 1286 1664 Sigismundo
1343 1562 1683 1656 Augusto
1756 1562 2326 1658 expostulasset,
2367 1567 2442 1634 et
2478 1558 2605 1635 ille
2644 1561 2741 1637 ad
2780 1564 3071 1664 Isabel-

810 1694 960 1769 lam
980 1720 998 1765 ε
1018 1688 1416 1789 respondit,
1459 1687 1731 1763 Albam
1766 1688 1818 1764 J
1821 1687 2049 1762 uliam
2084 1688 2277 1762 ultr-o
2298 1686 2668 1783 traditam3
2690 1688 2913 1765 etiam
2936 1715 3065 1788 pe-

813 1819 1046 1894 cuniis
1102 1818 1433 1893 redemta
1487 1817 1702 1889 bona.
1761 1814 1933 1890 Uno
1963 1816 2120 1910 jam
2159 1821 2378 1909 atque
2416 1813 2672 1888 eodem
2725 1821 3066 1914 tempore

810 1945 1051 2035 Deva,
1082 1938 1542 2031 Alba-Julia,
1581 1963 1769 2036 quae
1800 1942 1956 2035 jam
1999 1946 2211 2014 erant
2230 1947 2674 2037 expugnata,
2713 1948 2790 2014 et
2810 1942 3052 2039 Ujva-

811 2092 989 2156 rum,
1029 2069 1104 2143 in
1137 2066 1478 2164 Ungaria
1515 2063 1877 2139 Husztum
1899 2067 1995 2139 ab
2018 2065 2322 2139 Andrea
2342 2064 2688 2164 Bathory
2709 2066 2801 2142 de
2843 2065 3061 2143 Som-

804 2196 925 2288 lio,
942 2194 1394 2271 Varadjnum
1417 2190 1510 2266 ab
1527 2191 1818 2266 Thoma
1831 2190 2186 2267 Varkoch
2207 2200 2282 2266 et
2302 2188 2637 2283 Georgio
2661 2192 3047 2270 Bathoreo

804 2322 894 2396 de
916 2320 1199 2396 Bathor
1239 2319 1881 2417 oppugnabantur.
1930 2314 2294 2412 Ujvarum
2325 2317 2543 2391 Dobo
2567 2317 3045 2412 defendebat,

800 2455 881 2522 ut
901 2446 1237 2537 diximus,
1277 2451 1352 2519 et
1379 2442 2019 2540 transalpinenses
2057 2442 2354 2518 valachi
2394 2444 3037 2539 circumsidebant‚

798 2583 1061 2673 postea
1082 2580 1302 2671 capta
1322 2569 1602 2647 Alba-J
1605 2569 1761 2645 ulia
1782 2569 2141 2645 Melchior
2177 2570 2501 2647 Balassa
2542 2573 2879 2648 accessit.
2905 2574 2975 2649 N
2979 2575 3038 2648 i-

796 2700 900 2775 hil
923 2722 1102 2796 ergo
1124 2705 1287 2773 erat
1298 2700 1451 2793 jam
1491 2697 1566 2770 in
1605 2695 2180 2772 Transsilvania
2218 2703 2292 2771 et
2310 2696 2652 2795 Ungaria
2690 2701 3040 2776 Inferiori

797 2852 886 2904 ac
960 2825 1339 2925 Superiori
1416 2821 1859 2900 Cassoviam
1932 2845 2204 2920 usque,
2265 2825 2459 2921 quod
2515 2849 2658 2902 non
2713 2826 3031 2925 imperio

792 2954 1098 3050 reginae
1117 2956 1513 3041 teneretur,
1551 2958 1679 3025 aut
1715 2951 1809 3026 ab
1851 2950 2294 3027 exercitibus
2331 2974 2477 3026 non
2517 2953 3030 3045 obsideretur;

794 3079 970 3177 quin
1007 3101 1232 3177 supra
1272 3075 1734 3169 Cassoviam,
1794 3076 1971 3153 ditio
2011 3076 2455 3169 Bebeciama,
2495 3081 3031 3163 munitissimae

792 3228 1006 3282 arces
1045 3204 1430 3279 Francisci
1487 3211 1562 3278 et
1637 3201 1953 3299 Georgii
2011 3204 2280 3299 Bebec,
2336 3206 2513 3281 item
2567 3207 3022 3284 Franciscus

788 3329 1141 3422 Perenus,
1223 3352 1312 3404 ac
1371 3325 1748 3425 Georgius
1807 3326 2176 3427 Tarczay,
2268 3330 2603 3407 illustres
2660 3333 2905 3430 reguli
2945 3336 3028 3411 in

786 3458 1003 3533 fidem
1042 3455 1345 3552 reginae
1402 3477 1491 3528 ac
1528 3453 1663 3529 filii
1700 3462 2080 3530 venerant.
2122 3455 2296 3532 Una
2337 3479 2474 3530 arx
2513 3456 2873 3557 Reghecz
2911 3462 3023 3536 fa-

784 3584 1029 3659 miliae
1085 3580 1373 3680 Seredy
1431 3583 1527 3656 ab
1583 3581 1635 3657 J
1640 3580 1927 3655 ohanne
1974 3578 2281 3679 Alaghy
2328 3583 2737 3677 tenebatur,
2795 3610 3025 3684 quam

783 3709 1163 3806 Georgius
1204 3707 1491 3805 Seredy
1545 3707 1657 3782 illi
1712 3714 2063 3803 tanquam
2118 3708 2532 3807 propinquo
2608 3720 2681 3786 et
2710 3713 3021 3790 alumno

778 3836 1194 3913 crediderat
1227 3833 1452 3933 paulo
1510 3840 1683 3939 ante
1722 3840 2065 3929 mortem,
2106 3834 2241 3909 sed
2280 3858 2441 3910 eam
2476 3836 2606 3913 ille
2633 3844 3022 3937 praesenti

774 3963 1160 4044 occasione
1217 3960 1415 4036 mala
1469 3959 1614 4035 fide
1650 3981 1830 4034 usus
1869 3959 1964 4033 ab
2004 3958 2500 4052 Ferdinando,
2541 3973 2749 4041 certa
2786 3990 3010 4065 pecu·

778 4090 946 4165 niae
985 4112 1269 4164 summa
1327 4087 1674 4186 depensa,
1733 4085 2036 4162 excluso
2095 4086 2368 4164 herede
2427 4093 2710 4186 co'essmit,
2771 4102 2848 4170 et
2883 4093 3016 4171 ille

773 4215 1154 4314 pecuniam
1190 4238 1335 4290 non
1375 4212 1652 4287 invitus
1710 4212 2016 4310 accepit,
2073 4236 2311 4310 neque
2370 4216 2770 4317 denegare,
2811 4222 3014 4318 quod

770 4342 995 4418 sciret
1066 4340 1160 4415 ad
1234 4338 1705 4417 adversarios
1798 4335 2075 4436 alioqui
2169 4342 2682 4438 transiturum,
2778 4369 3010 4424 ausus

776 4474 929 4563 est3
1042 4463 1282 4543 altera
1338 4463 1727 4542 Kisvarda
1802 4465 2152 4540 nobilium
2228 4466 2832 4547 kisvardensium
2909 4475 3009 4548 ad

772 4590 1153 4671 Tibiscum
1229 4594 1302 4671 iu
1377 4599 1764 4687 utramque
1838 4601 2122 4689 partem
2159 4598 2517 4681 nutabat.
2594 4597 2828 4675 Porro
2887 4625 3005 4676 su-
