3293 5219
2443 340 2599 416 487

350 560 489 641 tes,
512 550 607 624 ad
643 550 931 623 hostem
970 558 1496 647 perrexerunt3
1577 549 1697 644 qui
1738 560 2147 647 pervagato
2203 561 2358 628 toto
2399 556 2603 644 mari,

349 675 684 751 lustratis
761 676 1094 750 omnibus
1165 676 1545 772 portubus,
1623 683 1987 751 attentata
2039 674 2267 752 Creta
2338 680 2602 756 insula,

351 799 707 899 Cythera,
766 798 1168 897 Zacyntho.
1231 798 1834 898 Cephaleniaque
1894 803 2156 877 insulis
2214 806 2597 896 evastatis,

351 932 423 1000 et
481 921 856 1020 Corcyrae
914 925 1290 999 suburbiis
1329 925 1717 1013 incensis,
1799 928 2242 1023 expugnatis
2320 927 2601 1027 aliquot

349 1050 560 1148 Epiri
600 1050 913 1149 oppidiS,
973 1048 1226 1148 Cypro
1288 1052 1638 1126 universa
1675 1051 1750 1126 in
1789 1060 2236 1150 potestatem
2275 1055 2600 1147 redacta,

355 1200 493 1250 non
534 1175 752 1251 aliter
793 1199 1008 1273 quam
1065 1178 1140 1252 in
1194 1178 1497 1276 propria
1552 1201 1740 1273 pene
1793 1187 2153 1254 terrarum
2195 1182 2398 1256 orbis
2433 1207 2599 1280 pos-

349 1301 703 1387 sessione,
745 1302 1308 1379 christianorum
1345 1304 1569 1377 rebus
1621 1304 2002 1379 illudebat.
2027 1302 2178 1380 Sed
2215 1330 2375 1382 cum
2414 1308 2599 1383 chri-

348 1427 633 1501 stianos
692 1426 783 1500 de
841 1449 1095 1522 pugna
1151 1428 1400 1502 navali
1464 1429 1903 1524 cogitantes,
1942 1437 2164 1527 atque
2204 1431 2279 1504 id
2307 1435 2465 1528 jam
2523 1436 2597 1510 in

349 1551 591 1626 animo
651 1551 927 1626 habere
997 1552 1458 1627 audivisset:
1497 1555 1571 1626 in
1633 1552 2034 1629 Graeciam
2093 1579 2464 1650 reversus,
2521 1559 2594 1633 in

354 1676 908 1775 corynthiacum
950 1676 1187 1751 sinum
1216 1677 1550 1755 invectus
1592 1687 1727 1773 est,
1751 1688 1825 1754 et
1864 1703 1955 1753 ex
1996 1675 2282 1757 Achaia
2320 1692 2395 1758 et
2432 1682 2603 1758 Pel-

344 1804 706 1901 loponeso
725 1802 1415 1900 praestantissimos
1436 1803 1712 1878 milites
1738 1814 2086 1880 evocatos
2108 1806 2204 1880 ad
2218 1807 2417 1883 XIII
2435 1807 2593 1883 mil-

346 1929 470 2022 lia,
514 1937 814 2027 praeter
833 1952 1210 2005 numerum
1248 1927 1638 2025 legionum,
1662 1930 1737 2002 in
1759 1932 2074 2005 classem
2111 1932 2481 2030 imposuit,
2522 1946 2595 2012 et

347 2077 440 2128 ex
517 2054 1084 2150 praeteritarum
1161 2061 1425 2128 eventu
1500 2055 1974 2130 victoriarum
2051 2057 2301 2132 alacer
2366 2066 2591 2157 atque

344 2178 609 2271 laetus,
649 2179 845 2255 ultro
882 2204 1203 2278 pugnam
1245 2180 1689 2278 deposcere;
1732 2205 1867 2256 nec
1907 2182 2348 2258 christianos
2389 2209 2595 2261 arma

342 2304 568 2379 armis
625 2306 983 2399 conferre,
1050 2307 1336 2380 classes
1403 2307 1775 2382 classibus
1837 2329 2232 2383 conserere
2273 2332 2586 2385 ausuros

346 2429 691 2525 credere;
734 2430 1046 2528 denique
1106 2431 1609 2528 contemnere;
1671 2433 1815 2506 sibi
1890 2440 2166 2507 certam
2206 2434 2590 2510 victoriam

350 2556 832 2654 persuadere.
858 2556 1002 2650 Qui
1026 2583 1064 2634 e
1090 2568 1347 2634 contra
1374 2562 1533 2656 J‘am
1571 2560 1818 2657 parati
1857 2566 1929 2634 et
1946 2560 2141 2634 ultro
2182 2560 2591 2657 quaesituri

347 2683 764 2782 ubicunque
802 2687 1167 2781 reperturi
1207 2695 1478 2778 essent,
1520 2686 1616 2761 ad
1655 2684 1977 2760 duellum
2018 2685 2265 2781 ibant3
2327 2693 2400 2759 et
2440 2710 2593 2762 cor-

348 2810 655 2908 poribus
696 2820 917 2908 atque
957 2812 1239 2902 animis,
1316 2813 1833 2909 classibusque
1909 2812 2005 2887 ad
2046 2835 2330 2888 omnem
2370 2815 2594 2889 fortu-

342 2960 512 3011 nam
548 2938 1047 3034 pracparatis,
1109 2938 1204 3011 ad
1257 2961 1474 3012 unam
1513 2939 1622 3012 rei
1662 2961 2035 3030 summam,
2075 2944 2155 3013 ut
2192 2938 2353 3014 acie
2393 2941 2609 3014 dimi-r

352 3069 629 3152 carent,
662 3082 930 3157 magno
968 3070 1457 3161 promptoque
1480 3061 1723 3136 animo
1743 3063 2269 3159 properabant.
2308 3065 2361 3142 J
2366 3063 2591 3139 ohan·

341 3210 474 3261 nes
533 3187 724 3261 enim
800 3187 1170 3279 Austrius,
1209 3188 1492 3284 aliquot
1548 3194 1721 3261 ante
1778 3186 1937 3260 dies
1997 3195 2069 3260 et
2126 3189 2461 3283 singulos
2519 3199 2595 3266 et

341 3311 754 3406 universos,
799 3312 973 3410 quid
1011 3336 1369 3411 quemque
1411 3337 1660 3408 agere,
1702 3335 1843 3409 quo
1882 3314 2046 3386 loco
2091 3319 2315 3406 stare,
2355 3322 2429 3388 et
2463 3338 2591 3413 pu-

342 3461 576 3532 gnare
651 3435 902 3531 vellet,
964 3462 1153 3536 quae
1214 3440 1451 3532 sigua,
1514 3460 1700 3535 quos
1741 3436 2037 3512 ordines
2086 3437 2593 3532 observarent,

344 3584 529 3658 quas
548 3571 802 3661 partes
822 3588 959 3662 pro
996 3587 1078 3638 se
1108 3564 1374 3661 quique
1430 3563 1725 3638 fortiter
1743 3569 2109 3656 gererent,
2132 3569 2206 3634 et
2226 3573 2591 3653 curarent,

343 3687 736 3785 diligenter
793 3689 1161 3765 docuerat.
1233 3693 1350 3765 Ita
1409 3692 1504 3765 ab
1545 3687 1881 3786 Corcyra
1920 3688 2015 3762 ad
2059 3685 2592 3783 Cephaleniam

338 3823 411 3889 et
450 3815 547 3890 ad
585 3814 824 3891 Oxias
864 3816 1184 3892 secundo
1226 3826 1445 3892 vento
1486 3817 1799 3916 delapsi,
1855 3815 1952 3889 ad
1988 3816 2420 3890 Echinadas
2462 3841 2585 3891 ex-

342 3942 657 4037 ploratis
696 3942 1079 4017 itineribus
1121 3943 1294 4018 VII.
1338 3942 1456 4017 die
1497 3941 1850 4017 Octobris
1889 3949 2401 4039 pervenerunt.

555 4066 953 4144 Habuerat
1025 4066 1295 4144 classis
1371 4068 1653 4143 turcica
1729 4066 2123 4142 stationem
2201 4066 2298 4142 ad
2390 4067 2589 4142 Nau·

338 4201 674 4292 pactum3
731 4201 805 4268 et
862 4195 1078 4292 primi
1135 4195 1642 4293 speculatores
1722 4217 1814 4267 ex
1870 4191 2110 4285 malis,
2193 4190 2592 4289 eodemque

339 4326 675 4418 tempore
717 4342 810 4392 ex
850 4327 1072 4410 terra,
1115 4321 1428 4395 classem
1469 4319 1840 4409 turcicam,
1901 4341 2069 4391 nam
2110 4324 2183 4392 et
2223 4318 2389 4415 ipsa
2429 4340 2592 4416 spe-

340 4442 710 4520 culatores
747 4444 1259 4543 praemiserat,
1297 4446 1372 4518 in
1413 4447 1562 4518 alto
1605 4444 2015 4520 consistere
2055 4442 2589 4539 significarunt3

341 4592 531 4666 quae
558 4572 719 4666 jam
773 4571 1136 4645 instructa
1177 4578 1250 4644 et
1304 4576 1572 4667 parata
1630 4576 1812 4644 erat.
1856 4570 1957 4643 Et
1995 4592 2162 4642 mox
2220 4569 2587 4667 superatis
