3293 5219
791 295 942 369 548

1824 614 1965 689 III.

1278 747 1664 833 NADASm
1709 748 2001 833 TAMAS
2048 749 2543 834 NADORNAK.

1002 912 1449 1014 Spectabilis
1490 936 1579 987 ac
1619 913 2016 1007 Magnifice
2042 914 2362 989 Domine
2390 920 2531 989 etc.
2572 916 2814 1003 Nova,
2855 941 3041 1013 quae

791 1045 1202 1120 scribamus
1260 1039 1767 1118 Dominationi
1805 1041 2131 1118 Vestrae
2172 1040 2591 1140 Spectabili
2631 1052 2707 1119 et
2760 1045 3045 1141 Magni-

790 1173 976 1245 ficae
1014 1168 1222 1244 nulla
1259 1167 1410 1240 alia
1447 1165 1829 1258 habemus,
1868 1165 2014 1240 nisi
2054 1166 2246 1264 quod
2306 1166 2668 1243 Dominus
2709 1168 3039 1245 Adamus

796 1295 1236 1370 Smekovics
1295 1293 1390 1367 ad
1451 1292 1735 1366 Ducem
1794 1289 2192 1384 Saxoniae,
2237 1293 2660 1369 Ludovicus
2720 1294 3044 1392 Ungnad

798 1421 889 1495 ad
929 1419 1542 1514 Brandeburgum
1601 1423 1773 1492 sunt
1820 1417 2262 1492 transmissi.
2343 1418 2527 1494 Vult
2572 1420 2771 1495 ⁴enim
2831 1418 3045 1497 Sere-

805 1545 1158 1622 nissimus
1232 1544 1398 1618 Rex
1436 1541 1989 1618 Maximilianus
2046 1544 2121 1617 in
2181 1543 2464 1641 Regem
2542 1546 2946 1622 Bohemiae
2983 1555 3054 1621 et

793 1673 1072 1767 Regem
1111 1670 1608 1745 Romanorum
1649 1668 2007 1761 coronari,
2045 1678 2351 1769 propter
2386 1693 2577 1768 quae
2605 1678 2680 1745 et
2718 1668 3052 1747 Serenis-

806 1797 1035 1872 simus
1075 1795 1241 1870 Rex
1279 1792 1851 1887 Maximilianus‚
1907 1802 1981 1868 et
2049 1791 2431 1873 Caesarea
2486 1796 2852 1872 Maiestas
2912 1798 3052 1872 Do-

806 1923 1046 1998 minus
1103 1925 1362 1995 noster
1417 1914 2033 1994 clementissimus
2099 1919 2174 1995 in
2223 1920 2618 2019 Imperium
2681 1919 3055 2018 proficisci

808 2046 1216 2149 proposuit,
1260 2042 1452 2141 quod
1492 2050 1738 2119 tamen
1779 2042 1886 2119 ita
1923 2045 2068 2121 cito
2097 2048 2417 2122 futurum
2455 2069 2601 2121 non
2640 2068 3051 2145 speramus.

801 2173 1018 2251 Haec
1071 2169 1332 2246 melius
1390 2174 1464 2243 et
1521 2169 1796 2244 certius
1856 2171 2055 2246 circa
2113 2172 2347 2250 ferias
2402 2170 2802 2249 Paschatis
2826 2228 2843 2263 ‚
2926 2180 3053 2248 aut

798 2306 972 2400 post
1028 2316 1602 2393 cognoscemus,
1660 2296 2105 2393 tandemque
2161 2297 2668 2374 Dominationi
2725 2298 3053 2373 Vestrae

799 2420 1212 2523 Spectabili
1250 2427 1324 2496 et
1359 2421 1810 2516 Magnificae
1847 2424 2418 2520 perscribemus.
2471 2425 2693 2501 Nova
2733 2425 3061 2500 Triden-

794 2549 957 2625 tina
1011 2545 1530 2646 praesentibus
1592 2546 1938 2624 adiuncta
1995 2549 2579 2628 transmittimus.
2655 2548 2876 2643 Quod
2936 2572 3062 2626 su-

800 2678 1055 2772 perest
1094 2680 1229 2746 etc.
1282 2672 1526 2747 Datae
1569 2671 1865 2769 Pragae
1904 2675 2088 2749 XII.
2130 2674 2405 2751 Martii.
2470 2673 2686 2751 Anno
2753 2674 3063 2750 Domini

804 2794 1249 2872 MDLXIII.

1992 2898 2490 2954 Franciscus
2529 2899 2846 2971 For-gae
2876 2902 2914 2956 h

1949 2988 2272 3059 Episcopus
2323 2987 2723 3045 waradiensis
2776 3007 2847 3043 m.
2896 3009 2955 3061 p.

803 3093 1093 3160 (Eredetie
1122 3090 1508 3161 Cornidesnel
1556 3093 1713 3160 volt,
1762 3094 1818 3147 ki
1866 3094 2006 3150 utan
2036 3096 2176 3151 adta
2219 3095 2274 3150 H
2295 3114 2329 3150 o
2351 3114 2378 3149 ι·
2397 3093 2434 3151 ά
2454 3114 2491 3150 n
2511 3096 2589 3167 yi
2625 3095 2895 3168 Forgdch
2938 3077 3068 3152 ssle-

1827 3183 2047 3251 tehen.)
2738 3220 2745 3226 -

1866 3472 1992 3552 [V.

1038 3632 1589 3701 BoRNnmszA
1687 3634 1800 3703 AL
1848 3616 2227 3700 sannmn
2274 3613 2810 3701 ΡϋεΡόΚΝΕΚ.

803 3778 1401 3855 Reverendissimo
1458 3777 1770 3854 Domino
1828 3778 2139 3854 Domino
2196 3777 2461 3854 Paullo
2515 3778 3063 3870 Rev-aemesam,

802 3903 1157 4002 Episcopo
1207 3901 1825 3979 Tramilvaniensi
1844 3930 1935 3978 ac
1955 3915 2304 4002 perpetuo
2343 3901 2701 3978 Ecclesiae
2729 3901 2820 3975 N
2812 3905 3067 3978 imen-

801 4027 894 4100 sis
928 4011 1532 4118 Administratori,
1555 4023 1631 4102 S.
1660 4026 1737 4104 C.
1763 4028 1858 4102 Μ.
1905 4025 2351 4120 ConsiliariO,
2392 4025 2703 4102 Domino
2740 4024 3072 4104 Patrono

802 4150 1438 4226 observandissime.
1499 4153 1984 4250 (Bornemisza
2001 4152 2050 4252 j
2051 4156 2315 4254 eyyzese
2334 4181 2360 4227 .·
2400 4207 2443 4245 ‚‚
2463 4148 2803 4227 Wiewnae
2852 4177 3073 4249 prae-

1260 4287 1574 4352 scutatae
1609 4303 1820 4354 mane
1860 4276 2058 4352 VIII.
2099 4271 2612 4368 Decembris.“)

1020 4435 1673 4514 Reverendissime
1711 4441 2028 4516 Domine
2053 4448 2128 4517 et
2163 4439 2495 4515 Patrone
2533 4437 3071 4514 observandis-

806 4561 1033 4638 sime!
1091 4557 1465 4656 Salutem,
1543 4569 1619 4637 et
1670 4573 2108 4666 perpetuam
2185 4562 2654 4641 servitiorum
2690 4565 2691 4568 ‘
2732 4585 3067 4640 meorum
