3293 5219
2409 353 2512 432 '19

256 576 404 657 set,
449 566 770 642 consilia
827 563 1239 640 eliberandi
1277 563 1568 658 agitare
1608 571 2028 661 coeperunt.
2078 563 2230 642 Sed
2264 568 2511 666 impri-

254 695 384 768 mis
445 693 772 791 amplam
827 690 1278 787 legationem
1333 687 1430 762 ad
1485 711 1868 764 caesarem
1906 692 2348 789 decernunt,
2388 695 2511 770 ad-

243 820 529 916 junctis
559 817 837 913 legatis
877 815 1285 915 principum
1325 838 1416 889 ac
1448 815 1783 891 ordinum
1821 818 2143 915 Imperii,
2182 844 2272 896 ac
2304 823 2509 917 regis

252 947 571 1021 Daniae.
612 943 1060 1035 Mauritiani,
1099 942 1395 1041 prolixa
1432 942 1766 1019 oratione
1805 944 2083 1037 habita,
2099 957 2509 1038 recensent,

248 1072 521 1170 quibus
557 1070 636 1144 in
658 1067 1219 1143 difficultatibus
1239 1076 1719 1143 versarentur
1738 1069 2131 1147 Mauritius
2162 1080 2236 1147 et
2272 1073 2509 1147 Bran-

244 1195 749 1290 denburgicus
787 1195 1150 1270 electores
1200 1194 1293 1268 ob
1333 1193 1827 1269 detentionem
1850 1195 2293 1293 landgravii,
2337 1197 2505 1272 dum

243 1321 620 1419 singulari
678 1320 993 1417 quodam
1034 1318 1276 1395 studio
1318 1341 1477 1395 cum
1515 1317 1867 1418 periculis
1904 1323 2362 1399 fortunarum
2401 1333 2508 1399 at-

247 1471 387 1547 que
412 1448 744 1545 capitum
766 1444 1150 1521 victoriam
1174 1451 1394 1542 atque
1418 1444 1851 1539 dignitatem
1872 1448 2161 1522 caesari
2196 1472 2510 1549 recupec

249 1581 561 1666 rarunt;
626 1570 890 1646 deinde
928 1571 1034 1646 uti
1069 1570 1584 1666 landgravium
1623 1570 1721 1646 ad
1754 1572 2343 1670 pacificationem
2383 1575 2510 1650 ad-

254 1699 649 1791 duxerunt,
677 1705 753 1772 et
775 1695 1186 1772 satisfactis
1208 1695 1767 1792 conditionibus,
1786 1699 1892 1774 uti
1912 1724 1952 1775 e
1989 1700 2229 1776 medio
2265 1704 2508 1777 convi-

248 1826 367 1902 vio
387 1826 472 1899 in
502 1823 1007 1919 captivitatem
1041 1822 1400 1920 abreptus
1422 1821 1540 1913 sit,
1561 1824 1676 1897 cui
1712 1823 1858 1922 ipsi
1896 1833 2115 1922 atque
2135 1826 2309 1902 filiis
2348 1830 2508 1925 ejus

237 1948 737 2048 jurejurando
761 1946 1156 2022 cavissent.
1179 1947 1397 2022 Nunc
1416 1970 1595 2045 ergo
1617 1949 1708 2024 de
1729 1949 2007 2027 honore
2027 1960 2101 2027 et
2140 1955 2506 2054 capitibus

244 2077 397 2155 suis
437 2073 571 2171 agi
608 2130 624 2167 ,
663 2073 809 2148 nisi
866 2094 1125 2147 caesar
1165 2094 1329 2147 eum
1364 2074 1677 2149 liberum
1716 2075 2001 2151 reddat.
2041 2078 2261 2170 Quod
2287 2087 2366 2155 ut
2401 2081 2511 2157 fa-

245 2206 412 2297 ciat,
458 2223 552 2277 ac
590 2199 894 2276 honoris
926 2198 1042 2274 sui
1079 2199 1443 2274 rationem
1480 2199 1797 2296 habeat,
1836 2210 2055 2300 atque
2092 2212 2204 2280 tot
2239 2207 2507 2304 princi-

246 2354 418 2431 pum
478 2330 1096 2420 intercessorum,
1208 2348 1378 2401 sese
1469 2327 1683 2403 enixe
1740 2351 1975 2403 orare.
2056 2331 2144 2404 In
2200 2333 2508 2408 eandem

243 2454 697 2534 sententiam
737 2453 969 2528 ceteri
1006 2451 1246 2551 legati
1277 2475 1566 2549 quoque
1607 2451 2003 2549 diligenter
2041 2458 2502 2536 contendunt.

252 2582 544 2677 Quibus
583 2580 922 2655 omnibus
961 2600 1395 2679 responsum
1432 2576 1605 2672 fuit,
1645 2579 1986 2673 futurum,
2023 2589 2103 2657 ut
2138 2583 2349 2661 brevi
2385 2608 2502 2662 co-

241 2734 398 2786 ram
497 2731 663 2808 cum
720 2705 1073 2783 Mauritio
1134 2706 1224 2779 de
1281 2702 1402 2779 his
1498 2713 1720 2802 atque
1760 2702 1931 2781 aliis
1970 2710 2194 2784 rebus
2234 2712 2497 2789 melius

244 2846 470 2935 atque
494 2832 947 2910 commodius
987 2831 1530 2927 transigerent,
1591 2838 1667 2906 et
1721 2832 2063 2929 quoniam
2101 2858 2225 2910 res
2264 2838 2499 2916 ardua

239 2970 466 3056 esset,
544 2959 1049 3034 necessarium
1126 2978 1298 3033 esse
1371 2956 1468 3032 ad
1544 2954 2102 3037 deliberandum
2155 2962 2495 3058 longiore

238 3098 598 3188 tempore.

453 3215 650 3289 Erat
686 3219 837 3287 tum
900 3233 1163 3286 caesar
1202 3207 1640 3307 Oeniponti,
1699 3234 1842 3308 quo
1882 3213 2228 3311 Augusta
2281 3217 2498 3292 adve-

237 3348 495 3431 nerat,
530 3338 639 3413 uti
678 3345 755 3413 et
792 3336 1066 3412 bellum
1104 3358 1498 3433 parmense
1537 3343 1610 3411 et
1649 3338 2032 3415 concilium
2068 3364 2163 3416 ex
2196 3344 2493 3441 propin-

239 3489 380 3566 quo
422 3464 692 3540 melius
733 3471 1046 3538 curaret.
1121 3462 1514 3537 Mauritius
1554 3485 1776 3560 ergo,
1833 3466 2027 3561 quod
2079 3489 2299 3543 unum
2334 3470 2492 3564 jam

237 3593 604 3683 restabat,
624 3598 1093 3689 praesentem
1115 3589 1577 3664 occasionem
1601 3596 1972 3688 spectans,
2012 3615 2177 3667 cum
2215 3595 2492 3669 exerci-

239 3729 389 3795 tum
430 3717 509 3793 in
548 3723 894 3815 promptu
912 3715 1244 3807 haberet,
1268 3715 1487 3790 etiam
1526 3738 1689 3791 cum
1725 3715 2055 3813 periculo
2075 3717 2272 3792 vitae
2291 3718 2495 3794 land-

237 3843 580 3940 gravium
617 3842 946 3917 liberare
986 3843 1282 3938 statuit;
1321 3841 1577 3940 copias
1617 3843 1811 3919 enim
1845 3843 2020 3919 illas
2057 3844 2491 3942 magdebur-

239 3992 517 4067 genses
578 3968 675 4043 ad
733 3990 815 4042 se
871 3968 1328 4044 traduxerat.
1385 3968 1575 4042 Erat
1612 3968 1866 4044 hocin
1904 3972 2185 4064 bruma,
2220 3971 2458 4046 incom

236 4095 452 4172 modo
509 4096 682 4171 anni
740 4102 1071 4193 tempore
1129 4094 1224 4169 ad
1280 4091 1910 4188 belligerandum,
1964 4096 2131 4172 ideo
2187 4098 2486 4176 militem

232 4224 306 4298 in
345 4224 665 4299 hiberna
705 4222 1069 4320 dispertit,
1110 4246 1201 4296 ea
1240 4221 1438 4297 edita
1456 4222 1674 4314 fama,
1694 4223 1938 4298 tamin
1956 4223 2247 4320 vulgus,
2267 4248 2487 4322 quam

232 4350 304 4425 in
381 4371 768 4426 caesarem
785 4406 808 4444 7,
885 4347 1081 4444 quod
1156 4348 1249 4422 ob
1323 4347 1851 4446 stipendiorum
1925 4350 2324 4428 carentiam
2363 4375 2487 4427 ex-

237 4472 614 4552 auctorari
652 4473 926 4549 milites
965 4472 1283 4566 nollent,
1332 4496 1571 4570 neque
1610 4496 1774 4551 eam
1830 4477 1923 4550 ob
1980 4499 2280 4554 causam
2317 4501 2363 4551 a
2402 4499 2485 4553 se

231 4607 560 4699 possent.
582 4599 892 4678 Interim
908 4599 1072 4698 ipse
1093 4599 1399 4678 foedera
1422 4606 1641 4697 atque
1690 4601 2055 4681 amicitias
2097 4625 2258 4680 cum
2293 4603 2489 4705 prin-
