3293 5219
822 324 981 402 250

821 565 1013 618 mum
1069 543 1509 618 advocatum
1548 540 1932 634 ecclesiae,
1971 542 2365 616 functionis
2404 542 2826 641 pontificiae
2863 546 3042 621 vices

826 670 902 742 in
940 669 1288 744 curandis
1346 669 1714 744 ecclesiae
1771 667 2092 764 negotiis
2144 668 2492 767 supplere
2549 677 2771 765 atque
2810 693 3047 747 curare

827 795 1119 868 debere.
1197 795 1298 868 Et
1354 817 1448 869 ne
1489 793 1586 868 ad
1622 792 1842 869 finem
1881 793 2383 885 deduceretur,
2424 794 2699 869 bellum
2736 797 3047 871 transsil-

828 920 1167 994 vanicum
1222 920 1417 995 fecit.
1495 920 1690 995 Nam
1744 906 2029 995 mortuo
2085 919 2581 1013 Ferdinando,
2640 928 2716 994 et
2762 921 2952 997 bello
2984 924 3049 996 in

833 1046 1215 1147 Superiori
1254 1045 1593 1141 Ungaria
1631 1054 1921 1139 renato,
1970 1056 2053 1122 ut
2088 1048 2309 1144 paulo
2348 1054 2521 1144 post
2561 1046 2864 1140 dicetur,
2902 1071 3051 1143 ege-

829 1196 967 1251 nus
1026 1171 1282 1258 auxilii
1338 1172 1728 1271 princepe,
1789 1171 2014 1249 veluti
2072 1172 2335 1269 stipem
2394 1172 2912 1250 emendicando
2945 1198 3046 1248 ne-

834 1300 1184 1377 cessitate
1223 1299 1484 1392 victus,
1526 1299 1792 1374 cedere
1831 1305 1946 1374 est
1984 1305 2301 1374 coactus.

1054 1423 1208 1500 Sub
1282 1425 1425 1500 hoc
1498 1425 1694 1500 idem
1771 1436 2060 1523 tempus
2137 1422 2657 1521 Sigismundus
2713 1425 3056 1523 Forgach,

832 1553 946 1628 vir
1020 1552 1315 1650 priscae
1388 1548 1601 1642 fidei,
1679 1551 2089 1648 priscorum
2163 1572 2489 1642 morum,
2568 1575 2609 1625 e
2684 1551 2877 1626 vivis
2945 1576 3053 1627 ex·

835 1671 1156 1776 cessit*),
1268 1675 1624 1752 Ladislao
1719 1685 1794 1752 et
1848 1677 2226 1752 Ludovico
2302 1677 2611 1773 regibus
2704 1678 3056 1775 probatae.

833 1806 885 1881 J
891 1804 1253 1879 ohannem
1326 1802 1542 1879 modo
1617 1802 1891 1896 attigit,
1970 1810 2043 1877 et
2114 1803 2189 1876 in
2264 1803 2424 1899 ejus
2501 1803 2863 1878 electione
2932 1826 3056 1877 om-

834 1930 1052 2005 nibus
1126 1928 1509 2004 ordinibus
1619 1927 2250 2003 consentientibus
2312 1928 2712 2030 interfuit.
2843 1928 3052 2022 Paulo

833 2062 1004 2154 post
1096 2078 1229 2153 per
1322 2052 1777 2151 Stephanum
1880 2055 2169 2152 Batory
2242 2054 2648 2152 palatinum
2744 2060 2820 2128 et
2888 2054 3054 2130 alios

835 2203 1113 2279 paucos
1190 2179 1710 2262 Ferdinandus
1785 2181 2124 2256 inductus
2201 2186 2350 2272 est,
2446 2186 2522 2255 et
2596 2203 2898 2277 regnum
2966 2181 3052 2254 di-

839 2308 1168 2401 ductum,
1224 2307 1566 2405 partibus
1608 2306 2050 2383 danubianis
2088 2305 2561 2381 Ferdinando
2601 2307 2898 2382 relictis.
2959 2309 3057 2382 Ita

837 2435 911 2508 in
968 2434 1315 2509 ditionem
1374 2434 1837 2509 Ferdinandi
1911 2432 2359 2509 cedentibus·
2406 2432 2645 2525 bonis,
2721 2435 3052 2532 privatam

839 2569 1061 2658 atque
1117 2559 1515 2652 innoxiam,
1610 2582 1904 2658 unoque
1959 2566 2218 2636 tenore
2276 2558 2654 2635 laudatam
2712 2560 2928 2637 vitam
2978 2555 3055 2632 ad

838 2688 1137 2785 longam
1196 2694 1556 2778 aetatem,
1615 2689 1712 2762 ab
1755 2687 2090 2764 omnibus
2146 2686 2360 2762 bonis
2401 2686 2888 2779 desideratus,
2923 2708 3058 2783 per-

843 2813 1082 2905 duxit3
1155 2815 1453 2912 reliquit
1490 2814 1772 2891 liberos
1813 2820 2150 2911 quatuor,
2207 2814 2402 2890 filias
2440 2821 2639 2907 tres3
2698 2813 2881 2887 vidit
2912 2812 3059 2886 filio·

839 2960 1000 3013 rum
1038 2939 1350 3014 virtutes
1391 2948 1465 3015 et
1502 2937 1866 3027 honores3
1939 2940 2124 3015 vidit
2163 2947 2235 3014 et
2273 2960 2485 3013 seros
2524 2945 2853 3037 nepotes.
2909 2937 3061 3011 Pra-

845 3064 1063 3162 gensi
1101 3066 1575 3141 coronatione
1617 3074 1692 3141 et
1730 3067 2293 3141 francofurtana
2332 3065 2701 3141 electione
2739 3064 2972 3155 finitis,
3002 3062 3064 3135 in

847 3213 1078 3286 regno
1117 3213 1410 3289 quoque
1450 3191 1837 3287 Ungariae
1859 3193 2073 3267 vivus
2114 3191 2546 3267 electionem
2584 3188 2751 3265 fieri
2779 3189 3065 3275 volebat,

846 3325 921 3394 et
939 3317 1285 3393 mandata
1298 3317 1715 3414 Oeniponte
1736 3317 2066 3411 dederat,
2080 3339 2217 3415 pro
2239 3316 2534 3392 comitio
2556 3316 2652 3390 ad
2666 3315 3061 3413 vigesimam

848 3443 1171 3543 Augusti
1223 3445 1420 3520 diem
1476 3443 1785 3520 Posonii
1843 3445 2311 3519 celebrando.
2363 3442 2606 3540 Igitur
2644 3467 2782 3542 per
2820 3441 3066 3518 Oenum

847 3570 1273 3648 Danubium
1347 3571 1688 3646 invectus
1745 3569 2054 3646 Calend.
2112 3571 2299 3648 Julii
2356 3570 2723 3645 Viennam
2799 3564 3067 3668 appulit·

849 3697 1087 3775 Paulo
1129 3705 1298 3773 ante
1335 3697 1872 3795 profectionem
1911 3719 2359 3796 pragensem
2380 3696 2843 3794 patefecerat
2861 3694 2929 3768 id
2946 3688 3067 3790 pri-

853 3824 1177 3899 moribus
1217 3822 1453 3918 regni,
1476 3822 1649 3898 vivo
1689 3831 1840 3899 tum
1863 3823 2104 3898 adhuc
2127 3822 2420 3898 Thoma
2442 3820 2879 3897 Nadasdino
2898 3817 3071 3917 pala·

852 3949 1029 4044 tin0,
1070 3970 1163 4023 ac
1195 3945 1514 4041 formula
1552 3948 1879 4025 mandati
1917 3948 2358 4047 perscripta,
2402 3946 2682 4041 injecta
2718 3945 2854 4021 fuit
2888 3943 3072 4018 etiam

831 4054 1193 4174 'quaestio
1234 4075 1325 4149 de
1369 4074 1751 4168 electione,
1810 4096 2121 4150 caesare
2162 4071 2736 4166 successionem,
2774 4063 3071 4170 primori·

855 4201 994 4274 bus
1070 4199 1503 4276 electionem
1575 4201 1975 4279 tuentibus.
2075 4198 2364 4276 Caesar
2440 4197 2869 4272 electionem
2920 4188 3071 4278 fieri,

855 4324 986 4401 ubi
1021 4322 1240 4400 liberi
1275 4346 1427 4401 non
1462 4336 1716 4404 essent
1754 4326 1984 4424 regii,
2026 4328 2435 4424 arguebat;
2491 4330 2646 4397 tum
2694 4318 3071 4398 adducebat

1031 4532 1158 4538 -e--n——⁴<
1179 4532 1274 4540 «Λα-ο

1018 4605 1080 4676 *)
1117 4603 1358 4665 Istvanfi
1373 4606 1688 4679 jegyzete:
1727 4606 1956 4679 sigism.
1994 4609 2281 4682 Forgacln
2304 4611 2473 4681 pater
2495 4592 2764 4662 auctoris.
