3293 5219
785 284 937 364 154

778 511 854 579 et
888 505 1101 579 novis
1157 507 1400 597 etiam,
1440 529 1624 604 quos
1655 515 1931 603 posset,
1955 506 2379 604 assumptis,
2415 507 2711 603 utrique
2745 507 2900 582 arci
2939 508 3024 582 in

775 639 1103 730 tempore
1142 633 1669 710 subventurum
1726 657 1916 710 esse.
1966 634 2323 710 Nicolaus
2380 655 2629 709 comcs
2682 659 2731 717 a
2765 633 3026 711 Zrinio

771 760 936 858 ipse
973 744 1262 858 quoque
1303 760 1457 836 suis
1494 761 1849 860 impensis
1869 761 2238 837 liberandi
2256 783 2506 836 curam
2543 761 3028 860 suscipiebat,

772 887 840 962 si
876 886 1215 980 Hustum,
1292 887 1523 962 donec
1596 888 1688 963 de
1743 889 2098 987 impensis
2157 888 2232 961 in
2306 888 2582 964 bellum
2616 888 2837 965 factis
2877 888 3032 965 sibi

776 1014 1206 1107 satisfieret,
1266 1015 1667 1113 diplomate
1723 1015 1868 1090 sibi
1916 1015 2433 1091 Ferdinandus
2492 1016 2725 1093 daret.
2785 1015 3032 1093 Fran-

773 1142 1016 1218 ciscus
1091 1163 1269 1216 vero
1326 1141 1700 1239 Forgach,
1736 1143 1968 1217 frater
2042 1139 2384 1235 Simonis,
2474 1149 2555 1219 ut
2628 1142 3030 1240 Ungarum

773 1269 1094 1365 aliquem
1133 1290 1458 1344 summae
1513 1269 1624 1344 rei
1641 1266 2084 1368 praeficeret
2136 1270 2465 1347 locorum
2519 1277 2741 1368 atque
2796 1270 3032 1346 homi-

768 1419 937 1470 num
955 1395 1503 1494 peritissimum,
1560 1398 1862 1492 orabat3
1902 1419 1984 1471 se
2036 1397 2152 1472 illi
2206 1398 2541 1473 comitem
2594 1397 2780 1491 fore,
2819 1405 2897 1474 et
2934 1422 3034 1474 ex

767 1522 1208 1619 patrimonio
1263 1522 1644 1623 proscipto
1682 1524 2012 1622 pecuniis
2032 1524 2533 1623 militibusque
2570 1527 3032 1623 comparatis

769 1649 1154 1748 suppetias
1194 1650 1530 1724 laturum.
1589 1650 1880 1725 Tamen
1933 1650 2375 1727 Brandaisio
2430 1649 2706 1727 homini
2763 1651 3025 1747 gentis

766 1776 1184 1852 teutonicae
1240 1776 1617 1872 negotium
1674 1776 1920 1854 datum
1976 1783 2112 1870 est,
2189 1778 2314 1876 qui
2367 1777 2592 1877 paulo
2650 1786 2823 1877 post
2876 1801 3031 1878 per

772 1922 1012 1999 equos
1051 1900 1475 1999 dispositos,
1536 1924 1721 1998 quos
1757 1908 2021 2001 postas
2059 1910 2349 1996 vocant,
2387 1903 2772 1978 celerrime
2810 1925 3035 1978 revo-

771 2027 975 2119 lavit,
1015 2033 1089 2101 et
1164 2026 1733 2125 topographiam
1794 2026 2157 2125 depictam
2213 2025 2476 2118 attulit,
2533 2051 2680 2127 qua
2735 2027 2882 2123 via,
2959 2037 3039 2104 et

768 2177 906 2254 per
926 2176 1117 2252 quae
1137 2155 1320 2247 loca,
1358 2176 1495 2252 per
1553 2177 1740 2250 quas
1761 2177 1974 2238 arces
2029 2154 2366 2231 inimicas
2423 2162 3038 2255 essetpenetran-

767 2281 955 2374 dum,
978 2304 1197 2377 quam
1235 2288 1441 2356 esset
1478 2278 1799 2374 difficile,
1833 2286 1907 2356 et
1945 2283 2305 2379 resplena
2340 2281 2855 2380 periculorum.
2875 2281 3036 2357 Hic

760 2408 1023 2484 iisdem
1074 2408 1341 2506 quibus
1363 2417 1534 2483 ante
1572 2408 1941 2483 mandatis
1962 2408 2364 2502 dimittitur,
2404 2409 2773 2485 etiterum
2829 2409 3038 2487 intra

761 2556 1040 2635 paucos
1098 2533 1256 2612 dics
1313 2535 1695 2632 dispositis
1753 2535 1963 2635 equis
2002 2536 2434 2631 revertitur3
2488 2535 2898 2636 iterumque
2923 2541 3035 2618 di-

764 2662 1034 2737 missus
1088 2662 1272 2737 nihil
1328 2664 1717 2761 quicquam
1783 2665 1959 2760 egit,
2022 2664 2167 2739 nisi
2238 2670 2320 2739 ut
2392 2672 2680 2763 tempus
2717 2673 3033 2756 tereret,

765 2788 1122 2865 auxilium
1180 2789 1513 2865 obsessis
1550 2791 2078 2906 necquicquam
2126 2791 2753 2889 exspectantibus.
2797 2792 3025 2872 Post·

765 2941 983 3018 quam
1060 2917 1219 2992 dies
1293 2918 1603 2993 termino
1659 2919 2112 2995 induciarum
2186 2918 2423 2995 dictus
2496 2919 2815 3015 advenit,
2887 2946 3034 3000 nec

761 3044 1018 3124 auxilii
1125 3046 1410 3120 externi
1505 3047 1681 3145 quid
1753 3048 2073 3123 accessit
2109 3074 2125 3120 ε
2235 3047 2595 3146 praefecti
2700 3049 3032 3127 Michael

760 3170 1071 3248 Corlath
1132 3180 1208 3248 et
1259 3171 1707 3249 Benedictus
1799 3172 2060 3271 Zalay,
2118 3175 2568 3249 excellentes
2617 3176 2831 3250 ambo
2858 3177 3031 3267 viri,

757 3320 1002 3375 rerum
1090 3299 1406 3374 omnium
1479 3300 1899 3376 libertatem
1954 3300 2050 3375 ab
2143 3300 2355 3376 hoste
2463 3301 2701 3399 pacti,
2808 3301 3028 3382 inviti

759 3431 1080 3502 castrum
1164 3424 1473 3522 dedunt,
1570 3428 1776 3524 cujus
1868 3426 2295 3501 accessione
2383 3427 2647 3523 regina
2736 3427 3028 3506 viribus

762 3566 1019 3649 aucta,
1130 3575 1415 3628 omnem
1523 3552 2049 3652 propemodum
2121 3553 2497 3650 regionem
2592 3554 2780 3631 citra
2891 3557 3025 3633 Ti-

757 3681 1042 3757 biscum
1076 3680 1154 3756 in
1191 3681 1540 3757 ditionem
1614 3703 1822 3756 suam
1898 3682 2200 3780 recepit.
2274 3680 2526 3774 Quare
2562 3682 3022 3760 Varadinum

761 3830 849 3883 eo
888 3808 1173 3904 majore
1228 3808 1501 3905 impetu
1559 3808 1977 3906 oppugnari
2035 3816 2408 3906 coeptum,
2450 3815 2525 3883 et
2562 3808 2687 3906 qui
2731 3809 2809 3883 in
2847 3786 3023 3884 arce

764 3938 1001 4027 erait,
1021 3955 1245 4034 saepe
1268 3956 1650 4034 erumpere
1671 3942 1747 4010 et
1781 3935 2069 4033 praelia
2108 3935 2596 4011 committere:
2617 3959 2855 4035 neque
2893 3943 3024 4011 aut

760 4060 1042 4135 viribus
1079 4069 1207 4137 aut
1242 4059 1513 4135 virtute
1572 4060 1852 4157 ducum,
1929 4070 2057 4139 aut
2094 4063 2642 4161 oppugnatione
2696 4085 3018 4161 unquam

768 4186 931 4283 capi
996 4187 1402 4286 potuisset3
1462 4187 1597 4264 sed
1616 4186 2095 4269 diuturnitate
2132 4188 2563 4280 obsidionis,
2582 4189 2850 4274 taedio,
2886 4210 3016 4287 po·

761 4320 1110 4390 stremum
1158 4315 1351 4391 fame
1409 4339 1676 4415 capere
1732 4316 2238 4393 intenderunt:
2309 4318 2416 4393 ita
2471 4317 2566 4392 ab
2617 4323 2904 4393 aestate
2940 4316 3016 4390 in

763 4441 1117 4531 brumam,
1158 4448 1377 4538 atque
1415 4441 1585 4517 inde
1622 4443 1698 4518 in
1737 4444 1959 4520 aliam
2010 4448 2389 4537 aestatem,
2426 4441 2730 4542 praeliis
2769 4449 3010 4518 tamen

763 4572 839 4639 et
873 4566 1240 4643 hominum
1264 4576 1519 4664 strage
1541 4571 1773 4647 cuivis
1814 4570 2344 4672 oppugnationi
2377 4594 2514 4672 par
2552 4569 2838 4646 obsidio
2877 4578 2992 4645 cst
