3293 5219
2189 315 2480 380 LXXIII

249 506 445 580 sicuti
500 488 704 581 certo
765 503 1056 601 quidem
1115 502 1358 578 edocti
1416 522 1698 594 sumus,
1759 500 2338 592 communicarit,
2399 522 2488 573 ac

247 632 547 730 insuper,
608 630 704 704 ad
761 628 1135 705 servanda
1193 652 1322 718 ea,
1383 651 1571 725 quae
1632 628 1823 702 inter
1885 649 2059 717 nos,
2116 635 2190 702 et
2242 626 2484 726 ipsum

245 766 451 857 pacta
485 767 559 833 et
596 763 985 851 conventa,
1024 764 1245 855 atque
1286 755 1739 831 solemnibus
1780 754 2178 853 superinde
2214 755 2482 830 litteris

245 883 559 980 utrinque
600 883 963 958 emanatis
1001 883 1392 975 ratificata,
1434 889 1509 957 et
1546 880 1980 958 confirmata
2038 888 2230 973 sunt,
2269 880 2480 955 firmo

247 1008 449 1084 etiam
501 1008 685 1110 fidei
741 1006 1173 1084 Juramento
1228 1009 1429 1083 nobis
1483 1019 1544 1081 te
1603 1007 2088 1082 adstrinxeris.
2169 1005 2478 1083 Sublato

244 1135 473 1230 itaque
510 1157 745 1233 nuper
783 1158 825 1210 e
866 1133 1081 1228 vivis,
1123 1133 1317 1232 quod
1357 1155 1541 1209 sane
1572 1133 1911 1209 dolenter
1939 1133 2162 1209 nobis
2190 1133 2477 1222 accidit,

242 1260 478 1336 eodem
516 1259 867 1359 Principe
905 1267 1053 1353 tuo,
1097 1282 1312 1357 quum
1343 1258 1740 1335 universae
1778 1258 1979 1335 illius
2020 1260 2476 1358 provinciae,

241 1387 690 1484 ejusdemque
749 1384 1016 1461 salutis
1075 1392 1150 1460 et
1203 1382 1578 1461 ulterioris
1655 1383 2200 1483 permansionis
2273 1410 2473 1479 cura,

241 1513 474 1609 vigore
513 1512 733 1588 etiam
771 1511 972 1589 illius
996 1510 1594 1602 Transactionis,
1622 1513 1784 1609 Jam
1823 1511 2038 1586 nobis
2078 1510 2472 1605 incumbat,

240 1638 504 1714 fidelem
560 1636 778 1716 nobis
835 1637 1184 1713 dilectum
1227 1634 1707 1735 Magnificum
1749 1635 2178 1736 Gasparem
2218 1639 2471 1717 Bekes

241 1763 320 1838 de
350 1763 767 1862 Kornyath,
809 1764 935 1861 qui
971 1766 1334 1839 hactenus
1374 1762 1726 1840 Oratoris
1774 1787 2075 1840 munere
2111 1764 2234 1840 hic
2273 1768 2468 1865 apud

238 1913 357 1966 nos
388 1891 678 1967 functus
717 1897 855 1983 est,
893 1890 1168 1967 diutius
1201 1890 1323 1966 hic
1353 1892 1712 1966 remorari
1751 1892 2046 1967 minime
2088 1892 2468 1985 voluimus,

239 2017 387 2113 quin
440 2017 690 2116 potius
748 2016 845 2092 ad
900 2024 996 2109 te,
1054 2025 1130 2093 et
1188 2017 1517 2114 reliquos
1574 2039 1830 2092 omnes
1868 2018 2130 2093 fideles
2168 2026 2466 2095 nostros

237 2141 754 2220 Transilvanos
810 2149 970 2218 cum
1033 2141 1413 2219 celeritate
1493 2142 1891 2220 remittere.
1972 2143 2114 2237 Qui
2175 2145 2466 2244 quidem
2537 2205 2542 2209 .

238 2290 373 2344 cum
424 2270 638 2345 nobis
698 2269 992 2346 abunde
1052 2269 1240 2344 satis
1301 2292 1548 2346 coram
1584 2269 2064 2364 intellexerit,
2104 2295 2297 2369 quae
2332 2294 2459 2346 no·

237 2402 374 2470 stra
424 2395 524 2472 sit
581 2395 951 2472 sententia
1009 2395 1101 2470 de
1156 2395 1668 2472 conservando
1728 2403 1901 2496 post
1954 2397 2175 2473 istam
2236 2404 2461 2473 muta-

235 2518 479 2595 tionem
536 2520 762 2597 etiam
817 2520 892 2596 in
949 2526 1326 2620 posterum
1384 2520 1632 2620 quieto
1694 2528 1768 2598 et
1803 2521 2206 2621 tranquillo
2243 2521 2460 2599 istius

234 2643 646 2724 Provinciae
707 2654 948 2737 statu,
1013 2655 1087 2724 et
1142 2649 1371 2725 latam
1428 2649 1617 2726 satis
1674 2649 1766 2725 de
1820 2649 2160 2749 pluribus
2233 2651 2459 2727 rebus

235 2773 574 2872 acceperit
630 2798 677 2850 a
731 2774 949 2850 nobis
1005 2774 1613 2870 Instructionem,
1672 2776 2120 2874 injunximus
2173 2775 2323 2871 illi,
2379 2782 2458 2853 ut

232 2902 440 2974 tecum
496 2921 789 2998 quoque
843 2902 1197 2977 nonnulla
1250 2924 1504 2997 agere,
1545 2911 1620 2979 et
1675 2910 1933 3006 nostro
1993 2901 2284 2979 nomine
2319 2902 2457 2979 tibi
2559 2903 2575 2918 '

232 3022 485 3100 referre
523 3026 815 3103 debeat.
876 3023 1127 3120 Quare
1182 3027 1613 3106 fidelitatem
1661 3038 1863 3106 tuam
1903 3030 2305 3105 clementer
2341 3052 2452 3105 re-

234 3149 575 3248 quirimus,
607 3162 684 3230 et
720 3153 1123 3248 hortamur,
1163 3163 1243 3232 ut
1279 3155 1395 3248 iis,
1442 3178 1632 3254 quae
1689 3167 1946 3233 nostro
1986 3156 2279 3234 nomine
2314 3155 2454 3232 tibi

232 3277 557 3372 retulerit,
600 3277 816 3354 fidem
873 3280 1249 3357 indubiam
1305 3292 1721 3381 praestare,
1763 3282 2190 3382 eisdemque
2234 3282 2341 3359 ita
2377 3288 2453 3360 te

241 3404 766 3482 accommodare
803 3405 1026 3500 velis,
1067 3406 1286 3484 sicuti
1325 3408 1417 3484 de
1453 3416 1528 3485 te
1582 3410 1804 3508 plane
1862 3408 2320 3498 confidimus,
2378 3416 2453 3485 et

232 3522 411 3599 datae
445 3529 638 3603 nobis
653 3528 839 3630 fidei
875 3556 1148 3630 quoque
1185 3544 1351 3606 tuae·
1387 3533 1755 3609 vinc-‘edum
1794 3534 1930 3611 tibi
1988 3536 2187 3612 haud
2227 3533 2449 3611 dubie

233 3651 555 3730 suadebit.
616 3655 721 3732 Et
758 3678 977 3753 quum
1015 3658 1114 3733 ad
1156 3654 1412 3736 Status
1451 3666 1528 3736 et
1567 3659 1898 3738 Ordines
1937 3660 2154 3738 trium
2195 3659 2448 3736 Natio-

231 3796 371 3851 num
404 3777 731 3858 Partium
787 3780 1035 3881 Regni
1092 3784 1348 3863 Nostri
1412 3787 1853 3885 Hungariae
1912 3786 2447 3864 Transilvana-

230 3923 362 3978 rum
394 3908 759 4005 speciales
814 3919 1112 3987 nostras
1169 3911 1590 3990 dederimus
1648 3913 1964 4008 litteras,
2005 3914 2272 4012 quibus
2311 3934 2443 3990 eos

231 4033 905 4138 commonefecimus,
965 4045 1041 4113 et
1096 4037 1374 4114 hortati
1431 4061 1707 4132 sumus,
1766 4040 1856 4115 de
1919 4038 2036 4134 iis,
2097 4062 2299 4137 quae·
2345 4037 2439 4114 ad

228 4154 648 4235 retinendum
685 4159 905 4236 etiam
962 4162 1315 4263 deinceps
1361 4163 1578 4241 istius
1615 4164 2058 4241 Provinciae
2095 4172 2438 4264 pacatum

228 4285 289 4350 et
321 4285 779 4383 tranquillum
817 4295 1084 4365 statum
1124 4290 1515 4389 pertinent,
1558 4291 1752 4368 sicut
1789 4316 1836 4368 a
1865 4292 2063 4368 dicto
2087 4288 2437 4391 Gasparo

228 4399 447 4483 Bekes
480 4411 717 4488 fusius
756 4436 1167 4512 cognosces
1200 4444 1216 4489 :
1254 4425 1334 4493 te
1374 4420 1774 4495 clementer
1812 4418 2209 4508 hortamur,
2245 4426 2328 4496 ut
2362 4419 2437 4494 in

226 4525 301 4602 iis
334 4535 679 4631 omnibus,
718 4540 908 4636 apud
938 4541 1412 4640 Regnicolas‚
1450 4545 1644 4623 bono
1685 4553 1759 4622 et
1795 4553 2052 4650 optato
2089 4548 2235 4622 fine
2270 4570 2433 4645 per-
