3293 5219
785 310 946 390 446

781 530 1068 626 gratias
1124 551 1370 626 agere
1406 552 1540 627 pro
1598 527 1980 604 beneficiis
2037 538 2111 603 et
2167 526 2586 628 Solymani,
2673 540 2749 606 et
2801 530 3009 606 modo

778 656 1015 755 ipsius
1058 655 1313 732 Selimi
1334 711 1350 746 ,
1372 662 1448 730 et
1477 679 1570 731 ea
1606 677 1689 730 se
1729 656 2204 753 obsequentis
2241 655 2467 732 animi
2507 655 2749 732 studio
2789 679 3008 754 agno-

790 806 1020 860 scere.
1060 780 1406 858 Ceterum
1445 781 1637 878 quod
1661 781 1757 856 ad
1785 780 2229 877 legationem
2266 783 2613 859 attineret
2651 784 3008 880 germani·

726 918 734 927 '
782 933 981 998 cam,
1038 908 1309 984 nullam
1364 909 1463 983 ob
1522 907 1747 985 aliam
1803 929 2101 982 causam
2155 907 2487 1001 misisse,
2549 932 2765 1006 quam
2824 908 3010 1007 quod

786 1044 1041 1111 contra
1097 1033 1550 1110 induciarum
1606 1032 2102 1129 conditiones,
2176 1057 2369 1132 quae
2422 1058 2556 1134 per
2615 1036 2889 1113 milites
2940 1043 3009 1110 et

780 1160 1198 1260 praefectos
1253 1158 1741 1235 Maximiliani
1797 1159 1872 1233 in
1931 1159 2091 1235 dies
2126 1169 2533 1258 patrantur,
2570 1161 2718 1260 ipsi
2751 1161 3010 1238 denun-

781 1288 1029 1375 ciaret,
1070 1290 1144 1359 et
1179 1307 1492 1382 poenam
1529 1292 1993 1383 reposceret,
2050 1285 2384 1361 inducias
2419 1296 2624 1364 ratas
2664 1296 2741 1363 et
2777 1288 3009 1363 firma-

783 1422 902 1487 tas
958 1434 1091 1509 per
1148 1432 1323 1485 suos
1381 1411 1767 1487 observari
1826 1410 2174 1509 deinceps
2250 1420 2331 1488 ut
2406 1420 2717 1489 curaret.
2795 1412 3007 1504 Quod

779 1539 1018 1636 ipsum
1055 1559 1139 1611 se
1175 1535 1423 1613 facere
1459 1544 1832 1631 coactum,
1879 1560 2021 1635 quo
2058 1537 2338 1614 firmius
2377 1538 2797 1615 mandatum
2834 1560 3008 1614 suae

782 1662 1305 1759 magnitudinis
1339 1661 1792 1739 induciarum
1849 1663 2481 1739 observandarum
2501 1720 2519 1756 ‚
2572 1665 2664 1739 de
2703 1685 2850 1762 quo
2882 1687 3012 1762 per

784 1792 1073 1866 litteras
1110 1811 1201 1865 ac
1255 1790 1559 1866 nuncios
1617 1814 1762 1867 non
1801 1792 2031 1866 semel
2068 1789 2633 1886 diligentissime
2668 1791 3010 1880 cavisset,

788 1915 1053 2012 exequi
1088 1915 1347 2014 possit.
1407 1914 1805 1991 Abraimus
1843 1915 1940 1990 ad
1977 1937 2230 2011 regem
2273 1914 2629 1991 Poloniae
2665 1916 3011 2012 graviora

783 2041 1130 2116 mandata
1167 2041 1562 2117 attulerat:
1604 2042 1694 2118 de
1731 2041 2230 2117 inobedientia
2265 2041 2316 2117 J
2322 2040 2637 2117 ohannis
2672 2049 3007 2140 expostu-

778 2167 985 2259 lavit,
1021 2173 1097 2241 et
1135 2166 1330 2264 quod
1368 2166 1437 2242 ei
1474 2169 1702 2242 multa
1736 2174 2038 2265 propter
2076 2167 2354 2267 ipsum,
2394 2171 2602 2264 cujus
2638 2190 2812 2243 esse
2849 2191 3007 2243 con-

782 2294 1265 2390 sang-vincum
1302 2294 1545 2388 sciret,
1565 2316 1837 2391 passus
1880 2294 1998 2369 sit.
2039 2293 2309 2371 Petere
2351 2292 2721 2388 Selimum,
2763 2316 3000 2370 mone·

777 2429 893 2496 ret
912 2422 1136 2516 illum,
1158 2444 1300 2519 quo
1320 2421 1723 2500 modestius
1764 2444 1847 2497 se
1866 2431 2182 2519 gereret.
2243 2420 2525 2513 Quodsi
2562 2422 2754 2497 enim
2778 2421 3003 2496 anim·

782 2548 1310 2624 advertendum
1363 2549 1508 2626 erit
1561 2549 1636 2624 in
1691 2550 1960 2648 ipsum,
2017 2571 2163 2625 non
2218 2548 2486 2625 debere
2542 2547 2688 2624 81111
2725 2545 3007 2646 culpam

782 2674 1145 2772 imputari.
1218 2678 1306 2751 In
1362 2674 1659 2752 Gallias
1714 2676 2093 2754 dimiserat
2148 2675 2372 2752 alium
2426 2683 2831 2768 oratorem,
2890 2672 3005 2770 qui

790 2798 1128 2875 Venetiis
1167 2799 1288 2876 diu
1324 2801 1674 2899 persedit,
1699 2801 1834 2890 sed
1871 2810 2031 2877 orto
2071 2802 2268 2877 bello
2293 2802 2389 2876 811
2412 2800 2724 2878 Venetis
2748 2806 3005 2901 postea

776 2922 851 2997 in
888 2946 1133 3000 arcem
1170 2947 1649 3004 veronensem
1696 2933 1959 3025 captus
2015 2926 2449 3025 deportatus
2487 2927 2642 3002 fuit.
2709 2925 2858 3001 Hic
2892 2925 3000 2999 lit-

779 3055 982 3125 teras
1021 3050 1116 3127 ad
1153 3051 1204 3127 J
1209 3051 1571 3128 ohannem
1604 3052 1827 3147 misit,
1848 3052 2124 3129 habere
2161 3076 2246 3130 se
2287 3053 2702 3130 mandatum
2742 3052 3004 3127 denun-

781 3175 1006 3268 cians,
1046 3199 1188 3274 quo
1228 3176 1318 3252 de
1355 3176 1813 3253 matrimonio
1850 3199 1985 3253 suo
2014 3186 2276 3275 ageret
2312 3202 2473 3255 cum
2509 3201 2691 3274 rege
2730 3175 3002 3254 Gallia-

778 3327 957 3397 rum,
995 3323 1252 3380 sorore
1288 3303 1623 3379 nimirum
1661 3303 1864 3399 regis
1900 3303 2047 3400 ipsi
2083 3305 2515 3402 copulanda.
2555 3301 2741 3380 Cum
2778 3303 3003 3380 Maxi-

773 3429 1070 3505 miliano
1127 3429 1345 3505 etiam
1383 3430 1898 3528 expostulavit,
1938 3453 2028 3505 ac
2066 3430 2553 3524 denunciavit,
2590 3454 2708 3526 ne,
2751 3437 3002 3506 contra

779 3553 1228 3666 induciarum
1264 3562 1487 3653 pacta
1524 3547 1720 3653 quod
1756 3564 1979 3648 esset,
2020 3579 2180 3632 cum
2218 3557 2272 3634 J
2275 3557 2567 3634 ohanne
2618 3558 3002 3656 quicquam

773 3688 1049 3777 ageret.
1087 3681 1376 3757 Bassae
1416 3682 1900 3772 Temesiensi,
1941 3682 2276 3778 badensi,
2298 3685 2753 3782 beglerbego
2776 3682 3003 3760 Grae·

774 3808 956 3912 ciae,
995 3830 1085 3882 ac
1119 3808 1243 3883 8111
1280 3830 1374 3882 ex
1412 3807 1666 3884 viziris
1703 3808 2022 3902 mandat,
2079 3809 2177 3884 ad
2214 3833 2336 3886 res
2399 3810 3004 3888 transsilvanicas

788 3913 867 4008 ut
904 3934 1374 4033 inspicerent.

983 4060 1336 4137 Becesius
1393 4083 1574 4160 ergo
1628 4061 1988 4138 confectis
2025 4063 2248 4138 rebus
2303 4084 2394 4138 ac
2433 4062 2724 4157 magnis
2759 4086 2998 4145 mune·
3060 4121 3065 4126 .

775 4188 981 4262 1111118
1021 4187 1355 4279 (10881118,
1392 4188 1880 4287 privatimque
1915 4188 2307 4287 promissis
2344 4196 2696 4266 oneratus
2717 4189 2814 4265 ad
2833 4190 3005 4267 Idus

779 4312 1147 4412 Septemb.
1189 4313 1600 4389 revertitur.
1625 4311 2141 4391 Convocantur
2181 4314 2429 4390 statim
2469 4314 2844 4413 principes
2872 4314 3004 4390 viri

777 4462 871 4515 ex
888 4438 1127 4516 tribus
1147 4439 1546 4532 ordinibus,
1562 4439 1856 4517 fuerunt
1906 4442 2195 4518 omnino
2267 4439 2788 4537 duodeviginti.
2823 4438 3008 4532 Con·

778 4571 1038 4641 ventus
1098 4563 1181 4642 fit
1217 4564 1412 4662 apud
1445 4565 1868 4661 Becesium,
1927 4591 2096 4673 nam
2134 4590 2295 4644 cum
2332 4566 2717 4644 doloribus
2753 4566 3005 4642 colicis
