3293 5219
730 340 882 419 498

727 583 982 635 narum
1016 560 1111 635 ad
1150 560 1455 635 alteram
1515 558 1850 656 Angelus
1890 556 2246 635 Surianus
2288 579 2449 634 cum
2486 581 2621 634 sua
2662 554 2976 634 trireme

736 687 1064 761 animose
1105 686 1434 761 invectus
1456 680 1608 777 est,
1674 695 1748 761 et
1802 682 2292 783 Superancius
2332 684 2742 782 galeaciam
2780 684 2975 759 duce

730 812 1053 897 Antonio
1093 789 1570 909 Bragadeno,
1620 812 1715 886 ab
1754 812 1805 888 J
1810 810 2097 886 ohanne
2134 812 2413 887 Bembo
2451 811 2773 888 remulco
2813 819 2970 884 tra-

727 946 919 1014 ctam
975 947 1141 1014 ante
1198 962 1281 1015 se
1321 940 1445 1035 agi
1495 938 1740 1034 Jussit.
1815 938 1967 1028 Ibi,
2025 962 2186 1014 cum
2224 939 2320 1013 ab
2380 939 2678 1013 sinistro
2716 960 2977 1029 cornu,

724 1064 1016 1142 hostilis
1072 1066 1441 1142 exercitus
1494 1064 1736 1140 media
1792 1065 1994 1139 acies
2051 1062 2246 1140 haud
2291 1065 2589 1140 multum
2624 1064 2973 1138 distaret.

727 1192 820 1266 ab
877 1192 1161 1288 hocque
1219 1193 1550 1267 dextrum
1609 1214 1854 1283 cornu,
1897 1199 2201 1290 repente
2239 1190 2540 1266 incitato
2579 1212 2799 1265 cursu
2833 1190 2975 1262 im-

730 1326 1038 1415 petuose
1075 1316 1608 1393 invehebantur
1631 1345 1645 1390 :
1670 1337 1830 1392 cum
1851 1317 2085 1392 nostri
2123 1339 2204 1392 se
2244 1316 2342 1391 ad
2378 1315 2689 1393 mediam
2727 1314 2974 1390 aciem

724 1444 905 1535 fuga
957 1453 1416 1542 receperunt.
1485 1441 1981 1542 Superancius
2031 1450 2272 1517 autem
2313 1465 2471 1517 cum
2509 1440 2968 1538 Bragadeno

736 1576 808 1644 et
866 1569 1101 1644 tribus
1159 1568 1471 1645 navibus
1523 1567 1840 1660 Suriani,
1879 1568 2251 1664 Mocenigi
2290 1576 2364 1643 et
2399 1568 2656 1643 Bembi
2696 1590 2976 1642 navar-

727 1689 1024 1769 chorum
1080 1695 1405 1793 perstitit
1445 1724 1459 1768 :
1501 1717 1943 1793 quamquam
1982 1696 2076 1770 ab
2119 1694 2285 1770 aliis
2309 1751 2326 1786 ,
2363 1701 2443 1769 ut
2481 1695 2702 1770 saluti
2738 1717 2973 1792 quam

728 1819 973 1895 decori
1030 1820 1273 1918 potius
1333 1821 1769 1911 consuleret,
1828 1829 2265 1897 moneretur.
2361 1818 2513 1895 Sed
2548 1820 2817 1912 hostis,
2855 1827 2970 1910 ut,
3108 1807 3118 1817 ’

723 1945 789 2020 si
828 1946 1104 2021 nostris
1141 1945 1451 2022 audacia
1486 1953 1877 2035 cresceret,
1902 1969 2031 2022 eos
2072 1953 2285 2022 extra
2324 1946 2653 2021 ordinem
2671 1966 2966 2043 pugna·

720 2093 803 2147 re
834 2077 1153 2165 cogeret,
1214 2070 1472 2145 iterum
1530 2071 1603 2145 in
1653 2092 1863 2145 suam
1903 2071 2293 2147 stationem
2330 2063 2665 2147 consulto
2703 2093 2963 2146 rever-

727 2219 854 2273 sus
894 2203 1027 2272 est.
1087 2194 1585 2271 Horuchalius
1641 2220 1729 2271 eo
1788 2196 1905 2270 die
1942 2198 2113 2272 boni
2152 2198 2620 2295 imperatoris
2658 2196 2960 2272 laudem

726 2322 915 2410 tulit;
955 2322 1243 2420 quando
1284 2328 1358 2396 et
1397 2322 1791 2397 exercitum
1829 2323 2400 2421 prudentissime
2437 2323 2848 2399 ordinatum
2881 2322 2969 2396 in

728 2450 963 2526 aciem
1001 2449 1364 2546 produxit,
1389 2456 1463 2523 et
1502 2447 2014 2548 Superantium
2053 2451 2126 2524 in
2165 2450 2503 2525 manibus
2539 2474 2771 2548 prope
2811 2448 2968 2523 exi·

723 2583 1036 2652 stentem
1094 2576 1286 2651 elabi
1328 2576 1689 2651 sustinuit.
1752 2573 1933 2666 Quis
1973 2577 2164 2651 enim
2202 2584 2424 2673 neget
2470 2598 2753 2652 summa
2790 2597 2965 2674 pru-

723 2702 971 2777 dentia
1027 2709 1314 2798 gestum
1370 2702 1806 2799 factumque,
1862 2710 1942 2776 ut
1997 2701 2115 2776 bis
2169 2724 2358 2799 pene
2402 2705 2609 2799 justo
2667 2702 2956 2800 praelio

724 2850 1196 2924 congressus,
1233 2837 1307 2903 et
1344 2852 1773 2924 magnarum
1809 2827 2102 2902 navium
2141 2851 2570 2906 concursum
2591 2829 2960 2904 miraarte

722 2953 1142 3045 declinaret,
1184 2962 1258 3029 et
1297 2977 1457 3028 cum
1491 2955 1932 3046 triremibus,
1993 2954 2058 3027 si
2096 2955 2479 3030 christiani
2520 2956 2618 3030 ad
2654 2978 2949 3030 manum

718 3080 967 3156 venire
1006 3080 1378 3173 auderent,
1417 3080 1886 3177 provocando
1926 3081 2505 3178 lacessendoque
2542 3082 2950 3157 fortissime

601 3207 610 3214 ’
722 3208 1220 3283 dimicaturum
1254 3231 1359 3298 se,
1399 3217 1914 3304 certamenque
1951 3208 2293 3283 initurum
2331 3205 2800 3285 declararet?
2821 3207 2952 3282 Et-

724 3334 914 3411 enim
953 3343 1026 3408 et
1063 3335 1285 3409 decus
1325 3333 1739 3431 egregium,
1801 3333 2098 3428 dignum
2134 3333 2580 3431 imperatore
2618 3343 2954 3431 reporta-

723 3463 847 3550 vit,
885 3468 959 3535 et
993 3461 1191 3537 vires
1232 3484 1622 3559 superesse
1666 3459 2001 3552 ostendit,
2024 3467 2097 3534 et
2132 3460 2206 3533 in
2245 3460 2650 3557 superioris
2689 3459 2954 3558 praelii

579 3620 582 3624 ⁴
723 3590 1014 3663 fortuna
1032 3587 1549 3683 imperatorem
1570 3586 2171 3683 prudentiamque
2204 3585 2549 3661 defuisse.
2572 3583 2955 3676 Columna,

724 3736 882 3789 cum
936 3710 1032 3787 ad
1083 3712 1317 3786 hostis
1358 3711 1757 3802 arbitrium,
1818 3711 2010 3808 quod
2070 3721 2186 3787 est
2240 3712 2778 3804 stultissimum,
2815 3732 2946 3809 pu-

723 3862 980 3937 gnare·
1011 3838 1469 3931 abstinuerit,
1527 3838 1809 3936 peritus
1868 3838 2016 3913 dux
2075 3835 2371 3914 habitus
2428 3846 2583 3933 est,
2630 3838 2955 3936 quicum

677 3981 680 3986 “
722 3965 1003 4041 videret
1061 3967 1265 4041 illum
1324 3990 1483 4042 cum
1538 3966 1938 4041 minoribus
1986 3965 2166 4041 solis
2223 3966 2318 4039 ad
2356 3989 2791 4062 magnarum
2828 3988 2947 4039 na-

720 4093 913 4167 vium
952 4100 1321 4167 certamen
1359 4111 1820 4190 nequaquam
1858 4099 2285 4185 venturum,
2323 4115 2561 4189 neque
2602 4115 2685 4167 se
2723 4092 2843 4167 vel
2880 4091 2950 4165 in

716 4228 918 4295 terra
954 4220 1209 4294 urbem
1246 4221 1630 4317 locumque
1668 4220 1896 4295 ullum
1933 4219 2503 4318 expugnandum
2526 4218 2783 4316 copias
2823 4218 2945 4293 ha-

725 4347 927 4432 bere,
978 4347 1264 4422 etiamsi
1322 4354 1740 4422 exarmaret
1817 4348 2133 4421 classem
2169 4345 2523 4420 militibus
2564 4344 2942 4442 expositis,

723 4473 916 4568 quod
972 4480 1218 4548 tamen
1272 4474 1764 4571 periculosum
1818 4481 1979 4549 era't
2017 4483 2089 4549 et
2126 4495 2586 4571 nequaquam
2626 4471 2941 4545 commit-

717 4597 1026 4693 tendum,
1066 4609 1144 4674 ut
1182 4622 1339 4674 cum
1378 4601 1429 4677 J
1434 4599 1719 4680 ohanne
1758 4597 2151 4674 Austri'aco
2190 4598 2392 4673 vires
2434 4598 2931 4692 conjungeret,
