3293 5219
831 307 927 384 12

824 529 1147 604 culorum
1188 540 1261 605 et
1324 533 1697 607 civitatum
1752 535 2044 627 legatos
2081 532 2597 627 largitionibus
2638 541 2710 605 et
2747 533 3051 627 ingenti-

825 655 963 729 bus
983 656 1635 754 pollicitationibus
1674 660 1746 733 in
1767 660 2129 734 factiones
2169 659 2486 733 deduxit.
2527 659 2717 732 Nam
2757 660 3051 732 nobilis-

825 782 1052 857 simus
1094 792 1167 858 et
1204 785 1519 882 optimus
1559 785 1870 882 quisque
1944 785 2278 880 reginam
2317 786 2839 882 sequebantur.
2877 786 3052 859 Mel-

826 910 1146 984 chiorem
1184 911 1532 1009 Balassy,
1578 912 1972 987 Antonium
2003 912 2272 1003 Kendi,
2313 912 2747 986 Michaelem
2788 910 3055 1008 Chaky

826 1042 899 1111 et
937 1035 1233 1112 Petrum
1305 1038 1454 1113 Kis
1473 1034 1541 1136 ²⁸)
1598 1038 2061 1114 consiliarios
2135 1039 2437 1134 reginae
2491 1045 2842 1135 tanquam
2896 1062 3058 1114 auc-

828 1172 1029 1237 tores
1068 1163 1595 1239 discordiarum
1653 1166 2056 1262 arguebat,
2131 1173 2205 1238 et
2240 1165 2661 1238 novissimis
2700 1165 3060 1263 exemplis

825 1291 1250 1388 plectendos
1305 1290 1743 1366 destinabat.
1803 1290 1954 1365 Sed
1992 1299 2232 1364 tamen
2277 1288 2652 1385 Georgius
2707 1315 2800 1365 ne
2838 1292 3061 1390 pelle-

824 1426 1027 1492 retur
1065 1419 1685 1516 plectereturque,
1744 1425 2099 1493 maturum
2139 1443 2232 1491 ex
2274 1418 2677 1516 composito
2715 1418 3062 1492 auxilium

825 1545 1021 1618 fecit.
1062 1545 1254 1619 Nam
1276 1545 1789 1620 Ferdinandus
1830 1543 2167 1620 aCarolo
2189 1543 2459 1636 Quinto
2497 1546 2821 1643 expetito
2862 1546 3064 1635 duce,

832 1672 1022 1769 quod
1060 1670 1223 1768 ipse
1279 1672 1433 1746 suis
1491 1694 1784 1769 semper
1839 1672 2230 1746 infeliciter
2268 1695 2447 1748 usus
2504 1679 2743 1759 esset,
2804 1682 2882 1746 et
2921 1672 3068 1747 Un-

831 1797 1035 1893 gari,
1095 1798 1313 1871 insito
1355 1798 1668 1892 quodam
1708 1799 1802 1871 ab
1841 1796 2140 1893 antiquo
2181 1797 2370 1885 odio,
2412 1796 2745 1890 quamvis
2784 1798 3071 1897 experti

836 1931 910 1998 et
944 1922 1280 1997 fidissimi
1321 1923 1817 2023 displicerent,
1873 1926 1925 1999 J
1930 1922 2288 1996 ohannem
2328 1922 2746 2020 Baptistam
2784 1919 3076 1997 Castal-

838 2052 1001 2125 dum
1025 2059 1437 2148 acceperat.
1478 2052 1697 2125 Hunc
1717 2049 2229 2125 Ferdinandus
2251 2049 2446 2122 bello
2467 2050 2918 2147 praeposuit,
2950 2050 3078 2123 ad-

837 2177 1020 2252 didit
1059 2184 1131 2250 et
1173 2176 1543 2251 Andream
1588 2179 2026 2265 Bathorem,
2086 2175 2447 2250 Thomam
2487 2177 2557 2250 N
2563 2176 2954 2250 adasdium
3013 2184 3083 2248 et

834 2304 1287 2402 Stephanum
1300 2303 1762 2394 Losoncium,
1784 2302 2065 2394 militia,
2088 2303 2544 2393 auctoritate,
2565 2325 2841 2397 genere
2856 2301 3082 2376 facile

835 2431 1279 2529 superiores,
1319 2454 1456 2504 nec
1489 2431 1662 2505 ullis
1684 2430 1990 2505 ducibus
2012 2431 2395 2521 secundos,
2438 2430 2502 2502 si
2535 2451 2786 2503 eorum
2806 2429 3083 2503 virtute

834 2558 946 2633 usi
983 2556 1315 2632 fuissent.
1357 2553 1817 2653 Quamquam
1856 2557 2043 2630 enim
2085 2556 2469 2631 aMatthia
2507 2555 2902 2654 disciplina
2938 2577 3087 2630 om-

834 2685 988 2775 nis,
1065 2684 1357 2758 inscitia
1395 2691 1469 2756 et
1503 2685 1808 2778 ignavia
1864 2686 2270 2781 principum
2310 2692 2693 2781 corrupta,
2771 2689 3086 2757 exterae

834 2811 1170 2885 nationes
1209 2811 1494 2885 victrici
1535 2809 1847 2884 delendo
1896 2812 2165 2884 nomini
2204 2811 2734 2901 consentirent,
2790 2832 2940 2883 non
2983 2818 3088 2884 ta-

835 2959 997 3009 men
1020 2936 1203 3009 adco
1244 2937 1497 3011 sterile
1519 2936 1905 3032 Ungariac
1944 2938 2200 3029 solum,
2240 2945 2320 3011 ut
2354 2960 2497 3010 non
2518 2937 2910 3034 praeclara
2939 2936 3090 3010 vir-

838 3070 1066 3137 tutum
1106 3064 1445 3163 exempla
1482 3062 1843 3159 gigneret.
1881 3065 1933 3138 J
1939 3087 2053 3137 am
2093 3063 2351 3160 copiae
2383 3062 2858 3153 Ferdinandi,
2900 3061 3091 3138 duce

835 3190 886 3267 J
894 3190 1178 3265 ohanne
1217 3192 1562 3290 Baptista
1582 3190 1959 3280 Castaldo,
2000 3192 2094 3265 ad
2133 3215 2375 3265 arcem
2398 3190 2659 3264 Almas
2696 3212 2831 3287 per
2863 3189 3092 3277 viam,

837 3340 1026 3415 quae
1062 3320 1286 3412 vulgo
1327 3319 1624 3392 Meszes
1662 3326 1990 3409 vocatur,
2041 3325 2556 3416 pervenerant.
2615 3316 2804 3390 Tum
2844 3313 3093 3391 Geor-

839 3445 1006 3541 gius
1046 3442 1318 3518 Albam
1356 3444 1409 3520 J
1412 3444 1633 3518 uliam
1695 3452 2197 3543 oppugnatum
2236 3444 2443 3518 redit.
2503 3441 2666 3534 Quo
2705 3450 3090 3540 comperto

837 3573 1100 3669 regina
1165 3568 1703 3646 Szassebesum
1724 3570 2037 3644 vicinum
2061 3569 2403 3667 oppidum
2443 3570 2517 3643 in
2537 3568 2881 3643 milliario
2920 3590 3098 3642 con-

841 3700 1086 3790 cessit,
1128 3697 1532 3773 Francisco
1571 3698 1866 3771 Horvat
1902 3719 2037 3795 pro
2079 3697 2415 3771 custodia
2451 3696 2728 3769 relicto.
2792 3693 3095 3789 Viginti

843 3828 1104 3906 diebus
1143 3826 1526 3902 tormentis
1600 3848 2034 3900 concussum
2073 3832 2145 3899 et
2182 3832 2684 3923 oppugnatum
2723 3830 2867 3912 est,
2946 3823 3093 3896 sub

848 3955 1118 4052 quibus
1170 3969 1319 4028 non
1373 3953 1757 4027 omittebat
1815 3950 2189 4047 Georgius
2237 3952 2594 4048 epistolas
2651 3957 2727 4024 et
2780 3950 3097 4024 nuncios

854 4082 951 4154 ad
988 4080 1322 4175 reginam
1363 4079 1673 4170 mittere,
1712 4078 2084 4176 promissa
2121 4086 2196 4153 et
2231 4077 2542 4152 consilia
2572 4075 2905 4167 miscere,
2946 4075 3098 4150 sibi

845 4204 1085 4301 ipsam
1115 4212 1188 4278 et
1227 4206 1448 4281 filium
1491 4229 1713 4281 curae
1734 4228 1924 4298 esse,
1963 4205 2358 4302 aliquando
2379 4210 2644 4279 metum
2670 4203 3101 4284 obtendere,

850 4333 1065 4416 metu,
1103 4329 1337 4422 minis,
1377 4332 1763 4430 promissis
1802 4331 2134 4428 pervicit,
2173 4339 2254 4406 ut
2272 4330 2542 4405 Albam
2562 4329 2841 4407 Juliam
2879 4327 3100 4403 dede-

998 4603 1059 4678 ὓ)
1086 4602 1321 4660 Istvanfl
1341 4609 1613 4678 jegyzete
1638 4629 1650 4660 :
1691 4610 2058 4666 Ambrosium
2085 4610 2208 4666 Kis.
