3293 5219
770 293 927 377 210

770 515 1082 611 denique
1120 518 1565 585 mortuorum
1606 504 2099 581 cadaveribus
2122 504 2468 577 infectum
2490 502 2527 574 ἶ)
2577 523 2718 597 quo
2758 524 2904 577 uno
2944 510 3021 575 et

773 639 1036 716 mortui
1076 646 1263 727 sunt,
1308 643 1380 710 et
1428 634 1526 709 ad
1578 634 1837 709 hostes
1894 630 2230 729 plerique
2285 632 2794 727 profugerunt.
2847 629 3022 705 Jam

765 766 1201 842 munitiones
1225 782 1513 859 quoque
1570 767 1872 834 nostrae
1930 758 2092 832 solo
2134 764 2540 851 aequatae3
2618 763 3018 830 tormento-

762 916 926 968 rum
990 912 1230 987 neque
1267 887 1498 980 locus,
1557 909 1796 983 neque
1855 906 2032 959 usus
2089 883 2306 973 ullus,
2349 881 2688 957 omnibus
2726 890 2856 957 aut
2891 904 3025 980 per

768 1017 1085 1095 hostium
1179 1020 1565 1105 tormenta,
1641 1018 1770 1085 aut
1826 1033 1871 1084 a
1923 1031 2093 1084 sese
2187 1007 2449 1082 fractis
2507 1006 3027 1104 disruptisque,

765 1140 1311 1221 bombardariis
1332 1137 1736 1235 demortuis
1759 1143 1885 1211 aut
1905 1133 2238 1230 dilapsis.
2262 1130 2382 1206 Ab
2424 1132 2691 1228 quibus
2728 1154 2867 1206 nos
2907 1155 3032 1205 au-

772 1270 1026 1344 xilium
1083 1265 1725 1363 exspectabamus,
1768 1269 1841 1336 et
1896 1259 1972 1332 hi
2013 1260 2533 1351 deseruerunt3
2577 1278 2738 1331 cum
2777 1260 3029 1353 explo-

770 1403 1010 1491 ratum
1047 1393 1476 1481 habeamus,
1573 1410 1739 1463 cum
1776 1385 2086 1481 triginta
2142 1383 2356 1459 modo
2395 1382 2825 1458 triremibus
2866 1404 3024 1458 suc-

777 1520 973 1595 curri
1010 1507 1371 1617 potuisse.
1415 1516 1750 1610 Namque
1808 1534 2116 1587 necesse
2171 1509 2310 1586 fuit
2346 1516 2473 1585 aut
2509 1509 2785 1585 milites
2820 1531 3034 1584 revo-

778 1670 970 1737 care,
1029 1652 1155 1720 aut
1193 1665 1424 1735 naves
1463 1662 1751 1715 vacuasr
1799 1640 1872 1713 in
1938 1635 2291 1734 praedam
2332 1636 2873 1711 convertendas
2911 1636 3035 1710 ho·

776 1772 1015 1847 stibus
1072 1767 1497 1843 concedere.
1538 1765 1801 1861 Neque
1859 1765 2042 1838 haec
2114 1761 2304 1837 satis
2340 1762 2532 1835 forte
2589 1762 3036 1851 viderentur,

775 1899 920 1973 nisi
959 1918 1249 1993 quoque
1287 1894 1382 1968 ab
1421 1893 1570 1967 illis
1627 1890 1903 1967 nostris
1944 1888 2297 1964 militibus
2358 1888 2633 1964 deserti
2675 1910 3034 1980 essemus,

783 2024 909 2119 qui
920 2021 1234 2120 primum
1244 2019 1455 2094 clade
1468 2017 1721 2092 navali
1735 2017 1996 2091 timore
2019 2015 2373 2089 immenso
2387 2013 2649 2110 perciti
2670 2037 3040 2113 nunquam

779 2147 1068 2222 virilem
1088 2145 1404 2220 animum
1432 2147 1986 2239 recuperarunt,
2028 2139 2293 2214 deinde
2335 2137 2430 2214 ad
2469 2138 2725 2215 hostes
2766 2141 3042 2239 turpis-

786 2274 971 2349 sime
1007 2272 1512 2369 profugerunt,
1554 2269 1678 2365 qui
1717 2267 2029 2343 consilia
2064 2273 2323 2341 nostra
2365 2265 2875 2362 prodiderunt,
2914 2267 3045 2341 ini·

785 2398 1011 2474 micos
1043 2392 1139 2472 ad
1157 2394 1561 2493 perniciem
1591 2401 1924 2468 nostram
1953 2393 2481 2485 instruxerunt,
2521 2398 2598 2466 ut
2621 2415 2883 2469 errare
2926 2393 3046 2467 vel

787 2526 931 2601 hac
950 2522 1114 2597 sola
1132 2545 1214 2596 re
1234 2544 1380 2597 non
1402 2519 1793 2617 potuerint,
1814 2518 2029 2592 nobis
2053 2540 2228 2593 vero
2251 2519 2498 2593 nullae
2517 2542 2655 2617 pro
2672 2527 2847 2594 voto
2888 2540 3047 2595 suc·

791 2648 1173 2725 cesserint.
1196 2647 1410 2722 Haec
1429 2647 1671 2720 omnia
1704 2645 1997 2738 milites,
2030 2652 2105 2719 et
2124 2642 2239 2717 his
2261 2646 2488 2720 multo
2508 2647 2726 2742 plura
2744 2669 3049 2745 perpes-

790 2775 856 2850 si
895 2795 1169 2862 sumus,
1209 2781 1533 2848 attamen
1590 2773 1952 2847 hactenus
1995 2771 2301 2846 vicimus
2341 2793 2488 2844 non
2518 2772 2774 2847 hostes
2812 2773 3051 2863 mod0,

791 2923 1029 2996 neque
1103 2907 1401 2974 nostros
1438 2898 1818 2992 fugitivos,
1896 2897 2029 2971 sed
2084 2897 2451 2971 fortunam
2509 2896 2787 2993 ipsam:
2863 2920 3054 2973 nunc

794 3025 1008 3101 unius
1044 3025 1281 3100 noctis
1322 3025 1535 3099 labor
1574 3032 1937 3122 superest,
1981 3044 2122 3119 quo
2146 3030 2272 3097 aut
2293 3021 2625 3117 gloriose
2664 3021 3053 3114 vincendo,

798 3158 926 3225 aut
980 3149 1275 3258 fortiter
1330 3148 1730 3240 moriendo,
1787 3172 1922 3245 pro
1982 3146 2278 3224 mortali
2332 3147 2493 3221 vita
2565 3147 3058 3226 immortalem

801 3297 1349 3371 consequemur.
1374 3273 1624 3349 Media
1661 3282 1876 3349 nocte
1934 3273 2387 3370 eruptionem
2442 3272 2821 3362 faciemus,
2866 3274 3063 3372 quod

798 3408 1088 3497 tempus
1126 3422 1452 3496 pugnam
1490 3399 1922 3475 horribilem
1978 3398 2175 3475 facit.
2220 3396 2371 3473 Sex
2429 3399 2666 3494 legati
2705 3400 2782 3474 in
2821 3400 3064 3495 prima

800 3525 960 3602 acie
1017 3532 1229 3602 erunt
1294 3549 1453 3601 cum
1523 3527 1880 3601 trecentis
1972 3525 2363 3612 militibus,
2446 3525 2840 3601 secundam
2897 3526 3061 3624 ipse

801 3650 979 3725 mihi
1019 3651 1363 3744 attribuo,
1439 3652 1729 3726 tertiam
1766 3673 1960 3748 pono
2001 3651 2074 3724 in
2113 3652 2527 3748 postremis,
2567 3658 2642 3726 et
2679 3659 2948 3744 statu0,
2986 3660 3065 3728 ut

798 3777 876 3853 hi
897 3798 1369 3874 quoscunque
1389 3776 1758 3872 fugientes
1781 3776 2322 3870 conspexerint,
2363 3799 2603 3873 neque
2624 3799 2788 3852 mea
2808 3798 3063 3872 perso-

803 3926 903 3978 na
940 3909 1272 4000 excepta,
1295 3899 1541 3976 statim
1564 3908 1798 3976 morte
1820 3903 2189 4004 mulctent.
2232 3901 2485 3976 Prima
2505 3902 2709 3977 acies
2729 3902 3067 4001 proficis·

808 4035 1018 4104 catur
1056 4028 1153 4103 ad
1192 4028 1675 4102 tabernacula
1715 4026 1907 4102 Piali
1945 4029 2221 4103 bassae
2260 4036 2332 4102 et
2374 4028 2719 4124 Draguti.
2758 4028 2931 4123 Ego
2972 4028 3068 4103 ad

810 4156 1370 4241 tabernaculum
1393 4179 1736 4250 magnum
1778 4179 1983 4230 mare
2024 4177 2310 4247 versus,
2335 4155 2432 4228 ad
2455 4155 2650 4250 quod
2689 4155 3071 4230 custodiae

812 4280 1208 4356 stationem
1265 4280 1583 4372 habent,
1660 4304 1967 4379 pergam
1992 4339 2008 4372 ,
2086 4288 2159 4355 et
2215 4279 2632 4379 profligatis
2707 4281 2860 4356 illis
2955 4305 3071 4357 me

815 4429 978 4481 cum
1042 4407 1281 4505 prima
1338 4408 1496 4481 acie
1556 4411 2016 4505 conjungam,
2077 4415 2625 4504 sequentesque
2682 4406 3073 4482 victoriam

813 4531 993 4606 nulli
1034 4531 1352 4606 hostium
1393 4556 1805 4629 parcemus.
1881 4531 2165 4623 Quodsi
2233 4533 2810 4630 quamplurimos
2846 4533 3071 4608 inter·
