3293 5219
783 277 938 353 248

781 495 997 569 XIX.
1025 492 1350 567 Kalend.
1374 492 1806 569 Januarias.
1830 491 2169 568 Victoria
2189 518 2421 592 penes
2449 492 2792 573 Guisium
2816 502 3031 593 stetit,

779 627 996 717 capto
1057 615 1447 693 Condensi.
1541 619 2087 695 Momorancius
2183 623 2715 698 connestabilis
2796 627 3015 719 magi-

778 754 932 822 ster
973 746 1297 841 equitum
1338 745 1552 818 vivus
1611 747 1838 818 cessit
1913 748 1986 819 in
2030 756 2472 844 potestatem
2514 764 3016 850 ugonotorum‚

779 873 939 947 XII
958 871 1188 946 millia
1225 872 1625 963 hominum,
1688 873 1880 947 inter
1914 896 2098 970 quos
2120 877 2455 973 plerique
2474 902 2827 976 proceres
2851 881 3020 958 Gal-

776 999 943 1086 liae,
970 1021 1062 1072 ex
1086 1000 1416 1095 utrisque
1439 999 1778 1096 partibus
1802 1023 2027 1075 caesa
2049 1024 2217 1076 esse
2241 1003 2597 1080 dicuntur.
2626 1006 3023 1088 Secundum

774 1126 1135 1225 praelium
1195 1123 1503 1200 Guisius
1544 1124 2026 1202 Aurelianum
2095 1131 2581 1208 circumsedit.
2625 1135 2725 1210 At
2782 1148 3016 1214 trans·

773 1254 955 1348 fuga
995 1252 1356 1348 quondam
1396 1252 1472 1325 in
1494 1253 1800 1328 servitio
1844 1253 2091 1329 Guisii
2148 1260 2544 1353 exsistens,
2570 1272 2644 1338 et
2681 1268 2775 1339 ob
2815 1265 2889 1340 id
2924 1271 3013 1342 ab

771 1402 857 1452 eo
897 1376 1085 1450 fidus
1124 1377 1443 1470 habitus,
1502 1386 1826 1453 attamen
1887 1380 2054 1455 dolo
2113 1383 2185 1456 in
2236 1393 2540 1461 mortem
2582 1390 2741 1483 ejus
2780 1394 3009 1488 pretio

774 1512 1032 1596 emtus,
1073 1503 1534 1600 emissusque
1574 1505 1908 1603 sclopeto
1947 1509 2397 1606 inopinatum
2442 1514 2740 1609 trajicit.
2839 1515 3015 1595 Cae-

775 1628 936 1702 dem
977 1626 1222 1702 Guisii
1260 1652 1409 1725 pax
1451 1631 1912 1727 subsequuta
1973 1643 2087 1708 est
2127 1635 2244 1709 his
2291 1637 2869 1716 conditionibus:
2917 1646 3012 1718 uti

773 1751 1189 1829 Condensis
1266 1778 1357 1826 ac
1458 1757 1990 1831 connestabilis
2069 1761 2163 1833 ab
2242 1761 2574 1859 utrisque
2657 1766 3011 1843 dimittan-

771 1889 925 1960 tur;
984 1878 1413 1973 religionem
1456 1880 1767 1977 quisque
1826 1908 1961 1979 pro
2004 1876 2461 1962 conscientia
2515 1893 3009 1990 amplectatur3

777 2003 1064 2100 equites
1162 2004 1499 2098 germani
1575 2008 1671 2080 ab
1732 2010 2075 2102 ugonotis
2153 2013 2538 2105 accersiti,
2611 2019 2870 2093 solutis
2906 2043 3008 2094 re-

774 2128 907 2224 gia
978 2129 1291 2226 pecunia
1366 2130 1756 2227 stipendiis
1844 2144 2433 2213 exauctorentur.
2561 2141 2775 2218 Haec
2854 2156 3009 2221 ante

770 2277 1091 2329 mensem
1151 2257 1426 2351 Majum
1486 2257 1592 2332 ita
1649 2268 1818 2335 acta
1881 2270 2071 2335 sunt.
2169 2263 2404 2341 Porro
2462 2268 2719 2344 eodem
2774 2295 3006 2348 mense

771 2380 948 2456 Pius
1015 2383 1149 2457 IV.
1187 2383 1519 2479 pontifex
1560 2386 1921 2461 maximus
1981 2390 2433 2468 cardinalem
2479 2395 2861 2472 Moronum
2911 2402 3001 2474 le·

766 2515 1020 2602 gatum
1079 2508 1175 2580 ab
1216 2507 1452 2582 latere
1494 2509 1590 2582 ad
1629 2532 2015 2587 caesarem
2058 2523 2134 2589 et
2190 2518 2285 2591 ad
2327 2521 2713 2595 concilium
2753 2524 3007 2599 triden-

766 2633 993 2706 tinum
1071 2633 1393 2708 miserat.
1472 2633 1761 2713 Caesar
1818 2648 2034 2714 extra
2090 2644 2439 2741 oppidum
2495 2649 2593 2723 ad
2650 2658 3004 2727 trecentos

769 2778 1039 2855 passus
1099 2758 1392 2833 obviam
1468 2760 1622 2851 ivit,
1720 2772 1795 2838 et
1852 2789 2079 2861 eques
2157 2778 2468 2868 uterque
2529 2774 2834 2851 dextras
2889 2779 3006 2851 mi-

769 2905 1048 2956 scuere.
1092 2881 1241 2958 Sed
1283 2885 1374 2958 de
1416 2889 1722 2964 concilio
1781 2899 1860 2966 ut
1916 2917 2151 2991 pauca
2190 2896 2448 2991 dicam,
2488 2923 2613 2976 res
2652 2904 2900 3000 exigit,
2937 2913 3009 2980 ut

767 3031 877 3098 ea,
937 3031 1126 3104 quae
1183 3011 1376 3085 inter
1433 3012 1617 3090 duos
1675 3017 2245 3098 christianitatis
2320 3028 2764 3103 monarchas
2851 3038 3006 3105 acta

768 3134 935 3225 sint,
992 3136 1250 3232 paucis
1305 3138 1497 3213 sorte
1558 3151 1959 3240 comperta,
2034 3171 2148 3222 me
2207 3151 2497 3245 quidem
2536 3155 3006 3232 intervenien-

764 3267 838 3333 te
876 3262 1070 3335 bono
1109 3262 1405 3359 publico
1443 3272 1859 3362 patescant.

976 3385 1492 3463 Ferdinandus
1552 3390 2054 3473 intermissum
2113 3401 2505 3477 concilium
2553 3403 2790 3482 denuo
2848 3429 3003 3481 cou-

772 3511 1232 3607 gregandum
1309 3527 1738 3612 curaverat,
1854 3525 2162 3621 ejusque
2236 3531 2717 3623 promovendi
2793 3554 3004 3607 causa

765 3634 1257 3735 Oenipontem
1299 3654 1794 3721 concesserat.
1836 3648 2105 3745 Legati
2146 3654 2479 3730 caesaris
2539 3666 2753 3734 erant
2791 3657 3003 3733 Anto·

762 3761 927 3834 nius
1004 3763 1405 3858 Muglicius
1481 3772 1876 3864 pragensis
1935 3777 2576 3878 archiepiscopus,
2640 3806 2729 3857 ac
2781 3782 3003 3860 Geor·

761 3884 930 3979 gius
1028 3888 1560 3967 Drascovicius
1673 3900 2068 3998 episcopus
2186 3906 2998 4003 quinqueecclesiensis.

759 4010 927 4085 Duo
985 4022 1195 4088 erant
1239 4042 1295 4090 a
1350 4019 1547 4094 clero
1585 4026 1964 4119 ungarico,
2041 4030 2093 4105 J
2101 4030 2430 4107 ohannes
2490 4035 3002 4113 chanadiensis

763 4143 836 4209 et
873 4134 1217 4214 Andreas
1259 4142 1618 4222 Dudicius
1662 4151 2055 4252 episcopus
2101 4159 2539 4235 tininiensis.
2580 4160 2869 4240 Caesar
2904 4187 3002 4238 re-

760 4263 1220 4338 formandum
1280 4277 1552 4347 statum
1631 4278 1995 4356 ecclesiae
2055 4285 2150 4358 ad
2208 4287 2517 4363 formam
2592 4290 2999 4388 primitivae

761 4392 1097 4482 urgebat.
1147 4389 1370 4468 Galli
1428 4398 1619 4474 idem
1674 4403 2139 4502 flagitabant.
2182 4412 2570 4490 'Moronus
2625 4427 2707 4491 ut
2755 4440 2994 4493 caesa·

760 4534 913 4585 rem
971 4540 1017 4588 a
1073 4522 1440 4594 sententia
1495 4527 1983 4628 abstraheret,
2042 4536 2312 4614 missus
2375 4548 2573 4637 erat3
2633 4543 2752 4616 vel
2788 4563 2995 4641 *quam
