3293 5219
776 298 932 381 370

774 522 1008 619 copiis
1090 521 1645 619 Adrianopolim
1687 521 2146 616 promovisse
2224 520 2582 595 sciebant.
2660 516 3020 596 Albertus

770 674 860 724 ex
900 650 1245 724 mandato
1321 649 1653 724 caesaris
1729 649 1972 722 omnia
2009 647 2402 746 pollicitae,
2443 659 2518 724 et
2556 648 2847 724 bellum
2885 651 3010 725 de-
3101 724 3104 727 ,

767 783 1136 875 precatus.
1213 776 1672 851 Mehemetus
1764 775 2161 873 primarius
2255 775 2573 850 vezirius
2649 777 3007 851 conviciis

765 903 1207 1003 probrisque
1246 902 1480 1001 ipsum
1539 910 1613 975 et
1651 924 2030 975 caesarem
2086 901 2508 993 insectatur,
2575 903 2771 999 quod
2811 902 3013 978 mala

732 1029 909 1106 *fide
950 1038 1024 1104 et
1063 1029 1229 1101 dolo
1267 1027 1603 1102 inducias
1643 1029 2060 1125 petiissent3
2121 1029 2565 1125 mandat-que
2606 1037 2686 1104 ut
2724 1027 3024 1105 Sacma·

765 1180 921 1231 rum
983 1163 1201 1250 atque
1278 1153 1636 1228 Tocaium
1674 1154 1999 1229 Johanui
2074 1155 2555 1230 restituantur
2587 1212 2602 1248 ,
2679 1163 3022 1231 oratores

768 1284 963 1358 intra
1001 1289 1282 1356 certam
1323 1280 1511 1355 diem
1554 1304 1712 1354 eum
1749 1282 2025 1356 tributo
2067 1283 2359 1367 adsint3
2418 1282 2535 1355 his
2595 1283 3029 1358 conditioni-

766 1412 902 1484 bus
980 1406 1326 1482 Selimum
1394 1416 1905 1482 revocaturum
2008 1410 2431 1490 exercitum,
2509 1417 2583 1483 et
2677 1407 3019 1486 Jobanni

765 1537 1225 1633 scripturum,
1318 1558 1409 1609 ne
1519 1532 1793 1609 bellum
1868 1535 2179 1609 ulterius
2291 1544 2742 1632 promoveat.
2844 1535 3026 1627 Qui-

756 1668 894 1739 bus
933 1661 1295 1738 mandatis
1333 1683 1589 1735 cursor
1627 1662 1723 1734 ad
1763 1682 2140 1736 caesarem
2180 1684 2722 1737 cum.reversus
2782 1673 3026 1762 esset,

760 1798 966 1865 tanta
1002 1790 1115 1863 ira
1174 1787 1456 1863 exarsit
1475 1781 1561 1883 ³⁸),
1620 1795 1701 1861 ut
1739 1788 1991 1862 decem
2063 1788 2224 1863 dies
2266 1789 2476 1862 domo
2553 1789 3014 1887 pedem'non

762 1915 1105 1992 extulerit
1127 1915 1454 2001 morbum
1493 1913 1926 1987 simulando.
1952 1910 2264 1989 Selimus
2306 1921 2548 1991 autem
2586 1916 2681 1989 ad
2718 1915 3012 1990 Johan-

761 2067 925 2118 nem
963 2045 1286 2138 legatum
1363 2041 1601 2133 mittit,
1661 2050 2050 2138 monetque
2123 2048 2203 2116 ut
2275 2043 2475 2118 bello
2513 2043 3025 2140 promovendo

759 2171 1148 2245 abstineat.
1207 2167 1594 2246 Johannes
1637 2191 1817 2264 ergo
1859 2167 2113 2257 victor,
2178 2177 2443 2266 pacato
2517 2170 2849 2243 exercitu
2891 2170 3028 2243 do-

758 2321 949 2373 mum
987 2296 1402 2373 revertitur.
1446 2291 1597 2368 Sed
1637 2317 1905 2369 caesar
1948 2295 2231 2369 amissa
2268 2295 2518 2393 ampla
2558 2296 2854 2387 ditione,
2893 2320 3030 2371 no-

758 2448 922 2499 vem
961 2432 1182 2520 atque
1223 2422 1473 2496 decem
1514 2421 1869 2514 castellis,
1931 2420 2221 2519 oppidis
2261 2431 2483 2519 atque
2522 2423 2824 2497 arcibus
2889 2432 3029 2497 aut

758 2550 1031 2627 excisis
1090 2556 1215 2625 aut
1264 2548 1522 2645 captis,
1601 2555 1710 2621 tot
1769 2548 2089 2623 millibus
2166 2550 2434 2648 partim
2511 2549 2772 2648 captis,
2838 2574 3028 2648 par—

757 2680 883 2754 tim
907 2677 1314 2772 trucidatis3
1327 2683 1709 2775 proventu,
1735 2700 1946 2773 quem
1968 2678 2362 2752 maximum
2410 2679 2814 2754 exmineris
2854 2674 3028 2753 auri

760 2815 834 2881 et
875 2802 1166 2900 argenti
1204 2808 1662 2898 speraverat,
1702 2803 2062 2898 privatus,
2084 2810 2426 2878 evastata
2466 2802 2774 2900 denique
2813 2807 3023 2879 omni

756 2930 1153 3031 Superiore
1195 2928 1537 3027 Ungaria
1579 2937 1807 3026 quota
1834 2953 1945 3004 me
1984 2930 2285 3005 hercule
2304 2955 2484 3029 pars
2514 2930 2771 3007 horum
2791 2942 3023 3007 erunt

756 3060 1170 3136 Zadvarum
1209 3066 1281 3133 et
1318 3053 1869 3156 Mucacium**).
1911 3058 2122 3133 Haec
2161 3082 2341 3154 ergo
2400 3060 2495 3134 ad
2532 3083 2763 3157 usque
2803 3083 3020 3135 men·

758 3210 912 3263 sem
953 3186 1253 3264 Junium
1291 3185 1397 3260 ita
1436 3191 1605 3259 acta
1643 3192 1834 3259 sunt.

970 3312 1117 3388 Per
1155 3313 1345 3387 idem
1384 3319 1674 3409 tempus
1712 3310 1788 3385 in
1829 3307 2238 3386 Germania
2295 3313 2566 3387 bellum
2611 3310 2828 3386 civile
2881 3338 3020 3409 ge-

759 3447 946 3516 stum
985 3449 1118 3515 est.
1162 3436 1250 3513 Id
1287 3439 1397 3512 sic
1435 3461 1518 3512 se
1555 3439 1810 3513 habet:
1851 3439 2063 3530 Bello
2105 3439 2584 3515 smalcaldico
2623 3440 2827 3514 vircc
2842 3440 3044 3514 bur·r

757 3565 1010 3662 gensis
1027 3565 1417 3663 episcopus
1431 3572 1926 3661 occupaverat
1939 3587 2184 3639 arcem
2207 3572 2428 3663 atque
2443 3568 2639 3642 bona
2650 3564 2827 3642 Vilh
2837 3566 3023 3641 elmi

757 3690 1228 3790 Crumpachii
1284 3690 1361 3763 in
1403 3689 1677 3765 ditione
1719 3712 1853 3765 sua
1894 3688 2333 3787 Franconia,
2377 3691 2574 3788 quod
2609 3693 2685 3767 in
2726 3694 3018 3767 castris

754 3818 1410 3896 Smalcaldensium
1427 3824 1685 3893 contra
1700 3817 2047 3893 Carolum
2063 3819 2152 3893 V.
2173 3819 2686 3917 imperatorem
2699 3818 3020 3896 militas-

753 3953 890 4022 set.
930 3949 1192 4044 Itaque
1229 3945 1295 4019 is
1337 3944 1731 4043 episcopus
1772 3945 2029 4043 paucis
2068 3953 2243 4042 post
2281 3946 2518 4042 annis,
2558 3945 2754 4042 quod
2793 3968 2885 4019 ea
2931 3971 3017 4021 re

749 4073 1080 4149 inimicos
1120 4072 1264 4148 sibi
1321 4078 1848 4170 comparasset,
1911 4095 2070 4145 cum
2130 4096 2219 4146 ex
2281 4070 2578 4147 civitate
2617 4071 2695 4146 in
2756 4094 3018 4148 arcem

958 4342 1018 4407 ὓ)
1063 4338 1329 4412 Fon-gach
1357 4341 1412 4396 S.
1435 4342 1743 4413 jegyzete:
1785 4340 1927 4395 Nem
1981 4341 2148 4410 „ira“,
2199 4303 2426 4397 hanem-
2451 4339 2634 4396 beinat
2662 4342 2800 4398 volt.
2836 4342 3017 4397 Vana

750 4438 840 4490 est
869 4436 993 4490 sine
1023 4434 1238 4490 viribus
1268 4433 1372 4488 ira.

962 4522 1061 4591 Μ)
1107 4521 1372 4597 Forgaieh
1401 4521 1459 4578 S.
1483 4527 1793 4596 jegyzete:
1836 4521 2154 4580 Zadvarert
2207 4540 2340 4578 nem
2369 4524 2567 4577 lcszen
2611 4521 2749 4577 vala
2782 4526 3009 4586 semmi,

754 4614 892 4668 csak
920 4612 1268 4668 Munkacsra
1310 4631 1381 4667 nc
1410 4613 1698 4686 megyiink
1731 4613 1881 4669 vala.
