3293 5219
613 1601 1011 1700 LIBER
1078 1599 1669 1699 DECIMUS
1721 1596 2181 1696 NONUS.

486 2014 709 2115 Regii
766 2040 1048 2093 summa
1103 2039 1272 2115 ope,
1329 2023 1408 2092 ut
1464 2016 1943 2090 adversarios
1998 2016 2377 2116 inopinato
2436 2041 2529 2094 ex

257 2171 397 2246 spe
417 2144 1013 2221 confirmatorum
1034 2127 1410 2219 foederum
1447 2143 1855 2240 imparatos
1877 2143 2397 2241 opprimerent,
2419 2150 2530 2221 at-

259 2297 408 2371 que
445 2272 765 2370 penitus,
803 2276 889 2344 nt
923 2267 1067 2367 ipsi
1104 2276 1568 2367 putaverant,
1592 2270 1942 2361 delerent,
1983 2294 2147 2345 cum
2186 2269 2530 2367 necquic-

257 2421 485 2496 quam
544 2396 789 2471 conati
846 2402 1116 2477 essent,
1178 2393 1451 2469 bellum
1526 2395 1791 2489 ingens
1846 2395 2166 2488 exarsit3
2207 2395 2343 2469 sed
2406 2396 2525 2469 de-

255 2524 540 2599 teriore
595 2523 1048 2621 aliquantum
1107 2520 1526 2597 conditione
1593 2519 2216 2613 adversariorum,
2277 2521 2403 2620 qui
2459 2530 2534 2596 et

265 2650 619 2749 imparati
658 2657 930 2740 essent,
971 2655 1044 2722 et
1109 2649 1184 2723 in
1223 2648 1543 2723 diversis
1597 2648 1812 2744 regni
1859 2649 2199 2746 partibus
2241 2654 2318 2724 et
2353 2668 2529 2747 pro·

263 2775 540 2851 vinciis
579 2773 1440 2873 dispersi,·conveniendi
1499 2774 1815 2850 facultas
1890 2798 2024 2872 per
2078 2776 2337 2871 regios
2379 2771 2525 2848 dis-

266 2909 661 2977 cursantes
716 2902 1149 3000 eriperetur.
1226 2899 1349 2973 Ad
1400 2899 1589 2976 haec
1627 2924 1761 2975 rex
1810 2899 1973 2999 ipse
2028 2902 2285 2976 Metim
2350 2924 2521 2999 pro-

264 3029 514 3103 fectus
551 3035 686 3119 est,
754 3050 916 3102 eam
975 3027 1071 3100 ob
1128 3047 1449 3116 causam,
1505 3031 1585 3099 ut
1641 3024 1924 3100 auxilia
1982 3023 2529 3102 Germanorum

267 3178 365 3229 ex
403 3153 820 3252 propinquo
860 3149 1323 3241 sollicitaret,
1402 3160 1660 3226 contra
1715 3152 1887 3227 illos
1925 3154 2021 3227 ab
2062 3148 2254 3227 omni
2288 3157 2528 3225 exter-

265 3301 531 3355 norum
581 3278 1017 3354 auxiliorum
1076 3300 1211 3375 spe
1278 3277 1727 3353 excluderet.
1766 3279 1867 3377 Et
1905 3302 2039 3377 per
2072 3278 2366 3353 Italiam
2409 3275 2529 3350 de-

266 3408 509 3481 lectus
554 3405 903 3495 habebat,
966 3404 1343 3481 conductis
1381 3405 1477 3479 ad
1526 3404 1902 3503 stipendia
1940 3402 2248 3478 ducibus
2303 3412 2527 3502 atque

269 3530 654 3607 militibus.
734 3531 894 3606 Nec
951 3530 1297 3605 Pontifex
1335 3528 1518 3605 Pius
1574 3531 1669 3605 V.
1732 3529 1981 3617 defuit,
2060 3529 2235 3627 quin
2292 3530 2528 3625 majo-

269 3659 480 3733 ribus
527 3680 743 3754 quam
804 3664 1024 3732 antea
1065 3657 1300 3755 copiis
1359 3654 1769 3753 adjuvaret,
1829 3661 1904 3731 et
1958 3656 2528 3752 impensissimis

270 3784 539 3862 animis
631 3784 904 3858 bellum
998 3784 1444 3877 concitaret3
1540 3804 1759 3879 quum
1835 3789 2115 3857 mature
2192 3783 2528 3880 regulum

270 3910 591 3985 Sanctae
639 3908 919 3983 Florae
958 3930 1118 3983 cum
1162 3909 1412 3983 valida
1452 3928 1672 3982 manu
1709 3908 2032 4005 equitum
2072 3915 2147 3982 et
2199 3908 2526 4006 peditum

269 4036 552 4113 auxilio
609 4034 1105 4110 submisisset.
1182 4035 1426 4111 Tanto
1469 4056 1652 4128 ergo
1691 4034 1954 4108 ardore
1991 4031 2346 4131 pontificii
2384 4035 2531 4109 sibi

268 4164 544 4239 bellum
606 4160 1190 4259 desumpserant‚
1247 4169 1329 4236 ut
1381 4161 1725 4237 hortante
1780 4158 2098 4234 maxime
2150 4159 2527 4235 cardinale

270 4286 707 4382 Lotaringo,
767 4287 889 4361 vel
949 4288 1043 4362 ob
1106 4284 1366 4362 fratris
1419 4306 1672 4361 necem
1726 4284 2370 4359 vehementissime
2431 4285 2531 4359 in·

269 4415 662 4503 flammato,
738 4413 935 4486 bona
1000 4411 1513 4487 ecclesiastica
1565 4412 1642 4487 in
1736 4417 2068 4508 sumptus
2124 4398 2308 4484 belli
2365 4422 2555 4483 con-·

270 4536 633 4614 vertenda
688 4538 1125 4614 censuerint.
1186 4535 1404 4628 Quod
1459 4535 1641 4612 Pius
1698 4536 1791 4613 V.
1835 4557 1996 4610 cum
2036 4555 2182 4610 non
2222 4540 2532 4630 gravate
