3293 5219
839 318 997 398 400

835 562 1124 629 sonare,
1184 564 1275 613 ne
1314 539 1655 615 hostibus
1693 536 1983 638 imperii
2024 530 2375 613 auxilium
2412 541 2676 631 ferant,
2706 524 2877 636 jam‘
2904 560 3072 613 vero

834 675 1136 743 neutros
1175 688 1344 740 esse
1383 664 1640 740 hostes
1679 643 2019 763 imperii:
2082 662 2503 742 Germanos
2542 667 2817 741 liberos
2856 688 3074 764 popu-

836 794 974 885 los,
1012 791 1140 867 ubi
1180 791 1477 883 vellent,
1517 798 1590 865 et
1627 790 1914 887 quibus,
1992 812 2283 889 semper
2331 792 2659 867 militare
2734 814 3073 868 consves-

841 941 944 993 se.
988 914 1108 990 Ad
1145 917 1595 1012 legationem
1635 938 1813 991 vero
1853 916 2055 1013 regis
2093 939 2528 1014 responsum
2569 918 2750 992 dant
2785 917 2860 991 in
2897 916 3073 991 hanc

840 1041 1317 1118 sententiam:
1376 1041 1598 1115 malle
1637 1064 1721 1115 se
1761 1044 1964 1117 foras
2023 1041 2278 1141 copias
2326 1039 2735 1119 auxiliares
2776 1043 3070 1131 mittere,

838 1192 1054 1267 quam
1149 1167 1344 1242 domi
1381 1167 1654 1242 bellum
1696 1176 2155 1266 exspectare,
2179 1169 2376 1265 quod
2414 1170 2694 1266 alioqui
2733 1169 2918 1268 ipsis
2953 1167 3068 1241 im-

838 1295 1112 1370 minere
1135 1302 1337 1370 certo
1361 1293 1913 1392 comperissent,
1938 1318 2030 1369 ex
2053 1317 2160 1389 e0,
2185 1295 2380 1392 quod
2418 1305 2793 1389 vocarent,
2835 1318 3068 1371 sacro-

837 1428 1092 1495 sancto
1147 1421 1467 1495 foedere.
1543 1421 1891 1517 Ingentia
1949 1445 2131 1517 ergo
2228 1421 2510 1496 auxilia
2582 1422 2916 1519 utrisque
2987 1446 3071 1496 ex

839 1546 1244 1625 Germania
1264 1547 1656 1623 advenere:
1694 1554 1803 1621 tot
1840 1547 2167 1621 illustres
2206 1548 2345 1622 viri
2384 1572 2477 1623 cx
2517 1548 2865 1623 universa
2901 1545 3071 1621 Gral-

797 1750 804 1763 ,
835 1675 958 1765 lia,
1000 1672 1421 1766 Germania,
1463 1673 1683 1748 Italia
1719 1681 2265 1766 concurrerunt,
2287 1675 2473 1749 tanti
2511 1675 2881 1750 exercitus
2917 1697 3069 1748 con·

837 1801 994 1877 flati
1066 1809 1254 1894 sunt,
1294 1808 1373 1876 ut
1429 1800 1553 1874 diu
1593 1801 2040 1876 christianus
2135 1801 2340 1877 orbis
2398 1811 2644 1878 tantos
2701 1827 2848 1877 non
2881 1802 3066 1877 fece-

838 1928 952 2021 rit,
991 1951 1125 2003 nec
1165 1926 1450 2001 viderit.
1492 1927 1685 2001 Nam
1726 1928 2053 2003 caesaris
2114 1930 2504 2020 exercitus,
2545 1929 2671 2027 qui
2710 1930 3062 2003 adversus

839 2053 1220 2152 Solymani
1256 2053 1842 2150 potentissimam
1916 2055 2476 2153 expeditionem,
2523 2064 2854 2153 tempore
2906 2051 3067 2128 belli

839 2179 1344 2277 zighetiensis,
1387 2201 1477 2252 ex
1517 2179 1913 2254 universae
1951 2181 2477 2279 propemodum
2517 2178 3067 2255 christianitatis

836 2305 1134 2382 auxiliis
1193 2306 1648 2398 constiterat,
1709 2329 1800 2380 ne
1860 2330 2079 2382 unum
2122 2307 2414 2403 quidem
2475 2330 2727 2381 earum
2766 2305 3060 2404 partium

834 2436 1058 2529 longo
1096 2430 1488 2506 intervallo
1529 2432 1928 2526 aequabat.
1974 2430 2223 2522 Quare
2263 2433 2528 2505 crebra
2563 2428 2854 2528 praelia
2890 2452 3061 2504 com·

833 2560 1329 2651 mittebantur,
1371 2580 1585 2632 arces
1643 2563 1865 2654 atque
1924 2558 2147 2633 urbes
2197 2557 2590 2656 aliquando
2632 2558 2730 2632 ab
2770 2557 2903 2650 his,
2940 2556 3057 2630 ali-

839 2687 1125 2786 qnando
1202 2686 1297 2760 ab
1374 2685 1525 2759 illis
1565 2687 2202 2783 expugnabantur,
2278 2686 2529 2784 populi
2574 2686 3058 2780 insurgebant,

837 2822 910 2890 et
950 2809 1294 2888 catholici
1352 2818 1872 2909 protestantes,
1950 2835 2131 2907 quos
2170 2811 2281 2885 illi
2351 2812 2740 2908 Ugenotos
2780 2815 3059 2898 vocant3

833 2944 1336 3037 protestantes
1432 2935 1759 3010 vicissim
1835 2936 2263 3028 catholicOS,
2314 2937 2530 3010 alteri
2589 2936 2867 3010 alteros
2932 2956 3057 3008 non

827 3063 1067 3140 solum
1104 3061 1317 3135 bonis
1358 3061 1804 3158 spoliabant,
1846 3061 1980 3136 sed
2051 3061 2271 3136 etiam
2311 3043 2489 3136 vita.=
2548 3062 2928 3135 Ecclesiae
2965 3066 3058 3130 at-

832 3214 974 3290 que
1045 3188 1494 3263 monasteria
1568 3187 2159 3262 destruebantur.
2240 3189 2358 3262 Ita
2397 3185 2835 3286 populorum
2887 3185 3057 3258 inter

834 3342 916 3394 se
956 3317 1386 3410 cocuntium,
1443 3312 1829 3390 catholicis
1907 3314 2095 3407 odio,
2163 3314 2313 3388 illis
2350 3313 2618 3409 inJuria
2656 3312 2961 3397 affectis,
2996 3314 3058 3382 et

831 3466 1066 3521 novae
1122 3440 1507 3537 religionis
1567 3440 1808 3514 studio
1847 3440 2204 3540 impulsiS,
2264 3439 2745 3513 admirandae
2801 3436 3047 3512 caedes

834 3581 907 3648 et
963 3567 1438 3644 crudelitates
1494 3574 1744 3641 mutuo
1803 3569 2313 3665 patrabantur.
2354 3566 2753 3640 Exercitus
2806 3573 3048 3648 tamen,

833 3717 1270 3795 quamquam
1289 3692 1434 3766 sibi
1470 3693 1784 3766 invicem
1823 3691 2220 3787 aliquando
2262 3690 2950 3789 appropinquarent,
2987 3691 3051 3759 et

836 3823 1034 3899 levia
1075 3818 1481 3896 certamina
1519 3818 1842 3909 ederent,
1903 3818 1992 3892 de
2033 3841 2313 3892 summa
2353 3826 2597 3891 tamen
2636 3817 2749 3890 rei
2785 3811 3048 3912 pericli-

832 3951 979 4029 tari
1016 3947 1211 4024 haud
1249 3946 1353 4022 ita
1389 3946 1614 4021 facile
1655 3944 2025 4038 volebant,
2076 3944 2378 4042 quodid
2417 3943 2915 4018 difficillimum
2953 3960 3049 4012 es·

834 4088 969 4171 set,
1011 4086 1085 4153 et
1120 4084 1397 4151 tantum
1438 4074 1874 4170 sangvinem
1911 4073 2390 4148 christianum
2447 4072 2792 4168 profundi
2825 4087 3049 4143 neces·

832 4232 915 4283 se
928 4205 1302 4297 videbant,
1315 4210 1389 4277 et
1407 4202 1843 4299 praesertim
1866 4202 2289 4277 universam
2310 4200 2691 4296 exstingvi
2713 4193 3048 4273 Franciae

833 4331 1315 4421 nobilitatem,
1393 4351 1535 4425 quo
1590 4326 1777 4401 nihil
1837 4325 2245 4402 dementius
2321 4325 2734 4419 videbatur,
2804 4345 2954 4397 cum
2986 4320 3050 4388 et

828 4457 1095 4534 victori
1134 4461 1209 4529 ct
1247 4453 1444 4527 victo
1465 4451 1748 4551 pariter
1785 4451 2309 4549 perniciosum,
2347 4458 2420 4524 et
2465 4449 2858 4523 universae
2897 4437 3050 4520 Gal-

831 4586 976 4663 liae
1033 4584 1400 4659 funestum
1457 4585 1661 4654 esset
1724 4577 2067 4652 futurum.
2127 4574 2474 4650 Pontifex
2528 4574 2825 4650 veroid
2860 4590 3046 4649 unum
