<?xml version="1.0" encoding="UTF-8"?>
<!DOCTYPE html PUBLIC "-//W3C//DTD XHTML 1.0 Transitional//EN"
    "http://www.w3.org/TR/xhtml1/DTD/xhtml1-transitional.dtd">
<html xmlns="http://www.w3.org/1999/xhtml" xml:lang="en" lang="en">
 <head>
  <title>
</title>
<meta http-equiv="Content-Type" content="text/html;charset=utf-8" />
  <meta name='ocr-system' content='tesseract 3.04.00' />
  <meta name='ocr-capabilities' content='ocr_page ocr_carea ocr_par ocr_line ocrx_word'/>
</head>
<body>
  <div class='ocr_page' id='page_1' title='image "./magyarhistorija00bpgoog/magyarhistorija00bpgoog_0547.png"; bbox 0 0 3293 5219; ppageno 0'>
   <div class='ocr_carea' id='block_1_1' title="bbox 2360 318 2515 399">
    <p class='ocr_par' dir='ltr' id='par_1_1' title="bbox 2360 318 2515 399">
     <span class='ocr_line' id='line_1_1' title="bbox 2360 318 2515 399; baseline 0 -1"><span class='ocrx_word' id='word_1_1' title='bbox 2360 318 2515 399; x_wconf 80' lang='lat'><strong>427</strong></span> 
     </span>
    </p>
   </div>
   <div class='ocr_carea' id='block_1_2' title="bbox 245 543 2617 2786">
    <p class='ocr_par' dir='ltr' id='par_1_2' title="bbox 245 543 2617 2786">
     <span class='ocr_line' id='line_1_2' title="bbox 245 543 2520 640; baseline -0.001 -23"><span class='ocrx_word' id='word_1_2' title='bbox 245 543 733 618; x_wconf 78' lang='lat' dir='ltr'><strong>crediderant</strong></span> <span class='ocrx_word' id='word_1_3' title='bbox 790 545 1028 640; x_wconf 87' lang='lat' dir='ltr'><strong>ipsum</strong></span> <span class='ocrx_word' id='word_1_4' title='bbox 1088 543 1682 617; x_wconf 88' lang='lat' dir='ltr'><strong>continuaturum</strong></span> <span class='ocrx_word' id='word_1_5' title='bbox 1739 553 1911 640; x_wconf 89' lang='lat' dir='ltr'><strong>post</strong></span> <span class='ocrx_word' id='word_1_6' title='bbox 1969 543 2349 616; x_wconf 79' lang='lat' dir='ltr'><strong>decessum</strong></span> <span class='ocrx_word' id='word_1_7' title='bbox 2397 566 2520 639; x_wconf 90' lang='lat' dir='ltr'><strong>pa-</strong></span> 
     </span>
     <span class='ocr_line' id='line_1_3' title="bbox 247 662 2524 767; baseline -0.001 -23"><span class='ocrx_word' id='word_1_8' title='bbox 247 671 429 759; x_wconf 88' lang='lat' dir='ltr'><strong>tris,</strong></span> <span class='ocrx_word' id='word_1_9' title='bbox 490 662 641 744; x_wconf 88' lang='lat' dir='ltr'><strong>non</strong></span> <span class='ocrx_word' id='word_1_10' title='bbox 706 670 1095 767; x_wconf 83' lang='lat' dir='ltr'><strong>placebat3</strong></span> <span class='ocrx_word' id='word_1_11' title='bbox 1168 693 1485 765; x_wconf 87' lang='lat' dir='ltr'><strong>namque</strong></span> <span class='ocrx_word' id='word_1_12' title='bbox 1524 663 1946 766; x_wconf 81' lang='lat' dir='ltr'><strong>ingentibus</strong></span> <span class='ocrx_word' id='word_1_13' title='bbox 2021 664 2524 763; x_wconf 82' lang='lat' dir='ltr'><strong>apparatibus,</strong></span> 
     </span>
     <span class='ocr_line' id='line_1_4' title="bbox 245 791 2522 892; baseline -0.002 -24"><span class='ocrx_word' id='word_1_14' title='bbox 245 793 832 892; x_wconf 86' lang='lat' dir='ltr'><strong>ingentibusque</strong></span> <span class='ocrx_word' id='word_1_15' title='bbox 907 795 1282 891; x_wconf 83' lang='lat' dir='ltr'><strong>impensis,</strong></span> <span class='ocrx_word' id='word_1_16' title='bbox 1361 800 1583 890; x_wconf 90' lang='lat' dir='ltr'><strong>atque</strong></span> <span class='ocrx_word' id='word_1_17' title='bbox 1677 793 2194 869; x_wconf 78' lang='lat' dir='ltr'><strong>innumerabili</strong></span> <span class='ocrx_word' id='word_1_18' title='bbox 2284 791 2522 865; x_wconf 82' lang='lat' dir='ltr'><strong>multi-</strong></span> 
     </span>
     <span class='ocr_line' id='line_1_5' title="bbox 245 920 2522 1018; baseline -0.002 -23"><span class='ocrx_word' id='word_1_19' title='bbox 245 922 513 995; x_wconf 86' lang='lat' dir='ltr'><strong>tudine</strong></span> <span class='ocrx_word' id='word_1_20' title='bbox 550 943 855 1017; x_wconf 86' lang='lat' dir='ltr'><strong>parvum</strong></span> <span class='ocrx_word' id='word_1_21' title='bbox 875 920 1190 1018; x_wconf 86' lang='lat' dir='ltr'><strong>pretium</strong></span> <span class='ocrx_word' id='word_1_22' title='bbox 1229 921 1770 1017; x_wconf 79' lang='lat' dir='ltr'><strong>acquirebatur.</strong></span> <span class='ocrx_word' id='word_1_23' title='bbox 1813 921 2009 994; x_wconf 91' lang='lat' dir='ltr'><strong>Nam</strong></span> <span class='ocrx_word' id='word_1_24' title='bbox 2047 926 2359 1016; x_wconf 88' lang='lat' dir='ltr'><strong>paterna</strong></span> <span class='ocrx_word' id='word_1_25' title='bbox 2399 941 2522 991; x_wconf 83' lang='lat' dir='ltr'><strong>ex-</strong></span> 
     </span>
     <span class='ocr_line' id='line_1_6' title="bbox 249 1042 2524 1145; baseline -0.002 -25"><span class='ocrx_word' id='word_1_26' title='bbox 249 1047 660 1144; x_wconf 87' lang='lat' dir='ltr'><strong>peditione,</strong></span> <span class='ocrx_word' id='word_1_27' title='bbox 685 1047 975 1120; x_wconf 87' lang='lat' dir='ltr'><strong>etiamsi</strong></span> <span class='ocrx_word' id='word_1_28' title='bbox 1016 1044 1272 1145; x_wconf 79' lang='lat' dir='ltr'><strong>Gryula</strong></span> <span class='ocrx_word' id='word_1_29' title='bbox 1308 1053 1533 1143; x_wconf 90' lang='lat' dir='ltr'><strong>atque</strong></span> <span class='ocrx_word' id='word_1_30' title='bbox 1573 1044 1907 1142; x_wconf 88' lang='lat' dir='ltr'><strong>Sigetum</strong></span> <span class='ocrx_word' id='word_1_31' title='bbox 1945 1067 2104 1120; x_wconf 90' lang='lat' dir='ltr'><strong>cum</strong></span> <span class='ocrx_word' id='word_1_32' title='bbox 2143 1042 2524 1140; x_wconf 88' lang='lat' dir='ltr'><strong>aliquanta</strong></span> 
     </span>
     <span class='ocr_line' id='line_1_7' title="bbox 249 1168 2617 1268; baseline 0 -24"><span class='ocrx_word' id='word_1_33' title='bbox 249 1178 472 1245; x_wconf 89' lang='lat' dir='ltr'><strong>terra</strong></span> <span class='ocrx_word' id='word_1_34' title='bbox 527 1178 746 1268; x_wconf 89' lang='lat' dir='ltr'><strong>capta</strong></span> <span class='ocrx_word' id='word_1_35' title='bbox 820 1179 1089 1262; x_wconf 91' lang='lat' dir='ltr'><strong>essent,</strong></span> <span class='ocrx_word' id='word_1_36' title='bbox 1149 1180 1392 1245; x_wconf 89' lang='lat' dir='ltr'><strong>tamen</strong></span> <span class='ocrx_word' id='word_1_37' title='bbox 1454 1172 1547 1245; x_wconf 90' lang='lat' dir='ltr'><strong>ad</strong></span> <span class='ocrx_word' id='word_1_38' title='bbox 1613 1171 1936 1246; x_wconf 91' lang='lat' dir='ltr'><strong>infinitas</strong></span> <span class='ocrx_word' id='word_1_39' title='bbox 1998 1168 2527 1268; x_wconf 86' lang='lat' dir='ltr'><strong>propemodum</strong></span> <span class='ocrx_word' id='word_1_40' title='bbox 2612 1178 2617 1185; x_wconf 86' lang='lat'>&#39;</span> 
     </span>
     <span class='ocr_line' id='line_1_8' title="bbox 249 1294 2528 1396; baseline -0.001 -24"><span class='ocrx_word' id='word_1_41' title='bbox 249 1298 641 1396; x_wconf 90' lang='lat' dir='ltr'><strong>impensas</strong></span> <span class='ocrx_word' id='word_1_42' title='bbox 680 1304 901 1393; x_wconf 88' lang='lat' dir='ltr'><strong>atque</strong></span> <span class='ocrx_word' id='word_1_43' title='bbox 940 1304 1236 1390; x_wconf 91' lang='lat' dir='ltr'><strong>mortes,</strong></span> <span class='ocrx_word' id='word_1_44' title='bbox 1258 1321 1418 1372; x_wconf 89' lang='lat' dir='ltr'><strong>cum</strong></span> <span class='ocrx_word' id='word_1_45' title='bbox 1458 1298 1553 1371; x_wconf 89' lang='lat' dir='ltr'><strong>ad</strong></span> <span class='ocrx_word' id='word_1_46' title='bbox 1630 1294 1693 1371; x_wconf 81' lang='lat' dir='ltr'>C</span> <span class='ocrx_word' id='word_1_47' title='bbox 1730 1296 1963 1371; x_wconf 91' lang='lat' dir='ltr'><strong>millia</strong></span> <span class='ocrx_word' id='word_1_48' title='bbox 1989 1319 2089 1371; x_wconf 81' lang='lat' dir='ltr'><strong>ea</strong></span> <span class='ocrx_word' id='word_1_49' title='bbox 2127 1295 2528 1393; x_wconf 82' lang='lat' dir='ltr'><strong>expeditio·</strong></span> 
     </span>
     <span class='ocr_line' id='line_1_9' title="bbox 254 1420 2525 1512; baseline 0 -16"><span class='ocrx_word' id='word_1_50' title='bbox 254 1446 352 1496; x_wconf 90' lang='lat' dir='ltr'><strong>ne</strong></span> <span class='ocrx_word' id='word_1_51' title='bbox 416 1429 703 1496; x_wconf 90' lang='lat' dir='ltr'><strong>mortua</strong></span> <span class='ocrx_word' id='word_1_52' title='bbox 777 1444 946 1495; x_wconf 89' lang='lat' dir='ltr'><strong>esse</strong></span> <span class='ocrx_word' id='word_1_53' title='bbox 1022 1431 1149 1499; x_wconf 89' lang='lat' dir='ltr'><strong>aut</strong></span> <span class='ocrx_word' id='word_1_54' title='bbox 1210 1424 1436 1497; x_wconf 89' lang='lat' dir='ltr'><strong>armis</strong></span> <span class='ocrx_word' id='word_1_55' title='bbox 1495 1428 1621 1498; x_wconf 91' lang='lat' dir='ltr'><strong>aut</strong></span> <span class='ocrx_word' id='word_1_56' title='bbox 1678 1420 1959 1496; x_wconf 88' lang='lat' dir='ltr'><strong>morbis</strong></span> <span class='ocrx_word' id='word_1_57' title='bbox 2013 1428 2525 1512; x_wconf 83' lang='lat' dir='ltr'><strong>memorentur,</strong></span> 
     </span>
     <span class='ocr_line' id='line_1_10' title="bbox 252 1549 2524 1648; baseline 0.001 -26"><span class='ocrx_word' id='word_1_58' title='bbox 252 1556 524 1624; x_wconf 84' lang='lat' dir='ltr'><strong>tantae</strong></span> <span class='ocrx_word' id='word_1_59' title='bbox 616 1550 1065 1647; x_wconf 83' lang='lat' dir='ltr'><strong>expeditioni</strong></span> <span class='ocrx_word' id='word_1_60' title='bbox 1196 1550 1321 1625; x_wconf 81' lang='lat' dir='ltr'><strong>vix</strong></span> <span class='ocrx_word' id='word_1_61' title='bbox 1417 1551 1717 1647; x_wconf 88' lang='lat' dir='ltr'><strong>dignum</strong></span> <span class='ocrx_word' id='word_1_62' title='bbox 1771 1549 2085 1648; x_wconf 89' lang='lat' dir='ltr'><strong>pretium</strong></span> <span class='ocrx_word' id='word_1_63' title='bbox 2161 1556 2524 1624; x_wconf 90' lang='lat' dir='ltr'><strong>censetur.</strong></span> 
     </span>
     <span class='ocr_line' id='line_1_11' title="bbox 259 1673 2521 1774; baseline -0.001 -24"><span class='ocrx_word' id='word_1_64' title='bbox 259 1674 708 1771; x_wconf 81' lang='lat' dir='ltr'><strong>Quanquam</strong></span> <span class='ocrx_word' id='word_1_65' title='bbox 783 1674 1228 1774; x_wconf 77' lang='lat' dir='ltr'><strong>Solyman&#39;us</strong></span> <span class='ocrx_word' id='word_1_66' title='bbox 1303 1675 1456 1767; x_wconf 86' lang='lat' dir='ltr'><strong>illa,</strong></span> <span class='ocrx_word' id='word_1_67' title='bbox 1528 1675 1893 1774; x_wconf 89' lang='lat' dir='ltr'><strong>principia</strong></span> <span class='ocrx_word' id='word_1_68' title='bbox 1987 1680 2268 1748; x_wconf 90' lang='lat' dir='ltr'><strong>tantum</strong></span> <span class='ocrx_word' id='word_1_69' title='bbox 2341 1673 2521 1749; x_wconf 91' lang='lat' dir='ltr'><strong>belli</strong></span> 
     </span>
     <span class='ocr_line' id='line_1_12' title="bbox 259 1799 2524 1898; baseline 0.001 -24"><span class='ocrx_word' id='word_1_70' title='bbox 259 1800 775 1894; x_wconf 88' lang='lat' dir='ltr'><strong>constituerat,</strong></span> <span class='ocrx_word' id='word_1_71' title='bbox 817 1824 979 1876; x_wconf 90' lang='lat' dir='ltr'><strong>eum</strong></span> <span class='ocrx_word' id='word_1_72' title='bbox 1018 1804 1377 1898; x_wconf 88' lang='lat' dir='ltr'><strong>reliquam</strong></span> <span class='ocrx_word' id='word_1_73' title='bbox 1417 1801 1833 1898; x_wconf 88' lang='lat' dir='ltr'><strong>Ungariam</strong></span> <span class='ocrx_word' id='word_1_74' title='bbox 1888 1824 1976 1874; x_wconf 91' lang='lat' dir='ltr'><strong>ae</strong></span> <span class='ocrx_word' id='word_1_75' title='bbox 2013 1799 2380 1876; x_wconf 88' lang='lat' dir='ltr'><strong>Viennam</strong></span> <span class='ocrx_word' id='word_1_76' title='bbox 2418 1808 2524 1876; x_wconf 88' lang='lat' dir='ltr'><strong>at-</strong></span> 
     </span>
     <span class='ocr_line' id='line_1_13' title="bbox 259 1925 2528 2025; baseline 0 -25"><span class='ocrx_word' id='word_1_77' title='bbox 259 1949 408 2021; x_wconf 90' lang='lat' dir='ltr'><strong>que</strong></span> <span class='ocrx_word' id='word_1_78' title='bbox 453 1925 832 2001; x_wconf 86' lang='lat' dir='ltr'><strong>Austriam</strong></span> <span class='ocrx_word' id='word_1_79' title='bbox 872 1928 967 2002; x_wconf 87' lang='lat' dir='ltr'><strong>ad</strong></span> <span class='ocrx_word' id='word_1_80' title='bbox 1023 1937 1450 2025; x_wconf 91' lang='lat' dir='ltr'><strong>sequentem</strong></span> <span class='ocrx_word' id='word_1_81' title='bbox 1490 1951 1760 2004; x_wconf 90' lang='lat' dir='ltr'><strong>annum</strong></span> <span class='ocrx_word' id='word_1_82' title='bbox 1797 1926 2052 2001; x_wconf 90' lang='lat' dir='ltr'><strong>Budae</strong></span> <span class='ocrx_word' id='word_1_83' title='bbox 2105 1925 2528 2002; x_wconf 87' lang='lat' dir='ltr'><strong>hibernatu-</strong></span> 
     </span>
     <span class='ocr_line' id='line_1_14' title="bbox 261 2046 2530 2143; baseline 0.001 -18"><span class='ocrx_word' id='word_1_84' title='bbox 261 2073 394 2125; x_wconf 85' lang='lat' dir='ltr'><strong>rus</strong></span> <span class='ocrx_word' id='word_1_85' title='bbox 475 2050 621 2125; x_wconf 90' lang='lat' dir='ltr'><strong>sibi</strong></span> <span class='ocrx_word' id='word_1_86' title='bbox 697 2052 1243 2143; x_wconf 80' lang='lat' dir='ltr'><strong>destinavisset,</strong></span> <span class='ocrx_word' id='word_1_87' title='bbox 1321 2055 1386 2128; x_wconf 90' lang='lat' dir='ltr'><strong>si</strong></span> <span class='ocrx_word' id='word_1_88' title='bbox 1461 2056 1614 2129; x_wconf 90' lang='lat' dir='ltr'><strong>fato</strong></span> <span class='ocrx_word' id='word_1_89' title='bbox 1689 2055 1883 2128; x_wconf 90' lang='lat' dir='ltr'><strong>bono</strong></span> <span class='ocrx_word' id='word_1_90' title='bbox 1961 2046 2530 2128; x_wconf 87' lang='lat' dir='ltr'><strong>christianorum</strong></span> 
     </span>
     <span class='ocr_line' id='line_1_15' title="bbox 255 2177 2522 2276; baseline 0.002 -27"><span class='ocrx_word' id='word_1_91' title='bbox 255 2177 558 2251; x_wconf 85' lang='lat' dir='ltr'><strong>functus</strong></span> <span class='ocrx_word' id='word_1_92' title='bbox 596 2199 741 2251; x_wconf 91' lang='lat' dir='ltr'><strong>non</strong></span> <span class='ocrx_word' id='word_1_93' title='bbox 778 2178 1063 2253; x_wconf 89' lang='lat' dir='ltr'><strong>fuisset.</strong></span> <span class='ocrx_word' id='word_1_94' title='bbox 1155 2180 1646 2254; x_wconf 89' lang='lat' dir='ltr'><strong>Moscovitiea</strong></span> <span class='ocrx_word' id='word_1_95' title='bbox 1671 2178 2039 2276; x_wconf 80' lang='lat' dir='ltr'><strong>expeditio</strong></span> <span class='ocrx_word' id='word_1_96' title='bbox 2079 2185 2363 2253; x_wconf 87' lang='lat' dir='ltr'><strong>tentata</strong></span> <span class='ocrx_word' id='word_1_97' title='bbox 2400 2201 2522 2275; x_wconf 91' lang='lat' dir='ltr'><strong>po-</strong></span> 
     </span>
     <span class='ocr_line' id='line_1_16' title="bbox 266 2302 2525 2401; baseline 0.001 -26"><span class='ocrx_word' id='word_1_98' title='bbox 266 2302 417 2376; x_wconf 89' lang='lat' dir='ltr'><strong>tius</strong></span> <span class='ocrx_word' id='word_1_99' title='bbox 476 2309 594 2376; x_wconf 90' lang='lat' dir='ltr'><strong>est</strong></span> <span class='ocrx_word' id='word_1_100' title='bbox 652 2324 883 2398; x_wconf 89' lang='lat' dir='ltr'><strong>quam·</strong></span> <span class='ocrx_word' id='word_1_101' title='bbox 944 2311 1183 2398; x_wconf 87' lang='lat' dir='ltr'><strong>gesta.</strong></span> <span class='ocrx_word' id='word_1_102' title='bbox 1263 2304 1504 2400; x_wconf 79' lang='lat' dir='ltr'><strong>Igitur</strong></span> <span class='ocrx_word' id='word_1_103' title='bbox 1558 2305 1710 2379; x_wconf 91' lang='lat' dir='ltr'><strong>tale</strong></span> <span class='ocrx_word' id='word_1_104' title='bbox 1770 2303 1944 2400; x_wconf 91' lang='lat' dir='ltr'><strong>quid</strong></span> <span class='ocrx_word' id='word_1_105' title='bbox 2000 2303 2525 2401; x_wconf 89' lang='lat' dir='ltr'><strong>auspicandum</strong></span> 
     </span>
     <span class='ocr_line' id='line_1_17' title="bbox 271 2426 2529 2526; baseline 0.002 -29"><span class='ocrx_word' id='word_1_106' title='bbox 271 2426 689 2519; x_wconf 83' lang='lat' dir='ltr'><strong>videbatur,</strong></span> <span class='ocrx_word' id='word_1_107' title='bbox 732 2427 926 2524; x_wconf 92' lang='lat' dir='ltr'><strong>quod</strong></span> <span class='ocrx_word' id='word_1_108' title='bbox 977 2436 1051 2504; x_wconf 93' lang='lat' dir='ltr'><strong>et</strong></span> <span class='ocrx_word' id='word_1_109' title='bbox 1090 2430 1370 2504; x_wconf 87' lang='lat' dir='ltr'><strong>lucrum</strong></span> <span class='ocrx_word' id='word_1_110' title='bbox 1426 2429 1728 2526; x_wconf 90' lang='lat' dir='ltr'><strong>aliquod</strong></span> <span class='ocrx_word' id='word_1_111' title='bbox 1768 2428 2115 2520; x_wconf 87' lang='lat' dir='ltr'><strong>adferret,</strong></span> <span class='ocrx_word' id='word_1_112' title='bbox 2158 2436 2232 2503; x_wconf 92' lang='lat' dir='ltr'><strong>et</strong></span> <span class='ocrx_word' id='word_1_113' title='bbox 2269 2429 2529 2503; x_wconf 90' lang='lat' dir='ltr'><strong>minori</strong></span> 
     </span>
     <span class='ocr_line' id='line_1_18' title="bbox 265 2552 2532 2652; baseline 0.003 -27"><span class='ocrx_word' id='word_1_114' title='bbox 265 2552 639 2652; x_wconf 89' lang='lat' dir='ltr'><strong>impendio</strong></span> <span class='ocrx_word' id='word_1_115' title='bbox 662 2560 1076 2648; x_wconf 79' lang='lat' dir='ltr'><strong>constaret3</strong></span> <span class='ocrx_word' id='word_1_116' title='bbox 1114 2554 2173 2651; x_wconf 80' lang='lat' dir='ltr'><strong>idautemeratmarifuturum3</strong></span> <span class='ocrx_word' id='word_1_117' title='bbox 2212 2577 2347 2629; x_wconf 88' lang='lat' dir='ltr'><strong>nec</strong></span> <span class='ocrx_word' id='word_1_118' title='bbox 2382 2555 2532 2631; x_wconf 87' lang='lat' dir='ltr'><strong>alia</strong></span> 
     </span>
     <span class='ocr_line' id='line_1_19' title="bbox 260 2679 2532 2786; baseline 0.001 -33"><span class='ocrx_word' id='word_1_119' title='bbox 260 2679 650 2777; x_wconf 86' lang='lat' dir='ltr'><strong>provincia</strong></span> <span class='ocrx_word' id='word_1_120' title='bbox 726 2679 1301 2755; x_wconf 89' lang='lat' dir='ltr'><strong>christianorum</strong></span> <span class='ocrx_word' id='word_1_121' title='bbox 1332 2680 1585 2780; x_wconf 84' lang='lat' dir='ltr'><strong>Cypro</strong></span> <span class='ocrx_word' id='word_1_122' title='bbox 1649 2682 1744 2786; x_wconf 91' lang='lat' dir='ltr'><strong>ad</strong></span> <span class='ocrx_word' id='word_1_123' title='bbox 1795 2681 2295 2780; x_wconf 87' lang='lat' dir='ltr'><strong>occupandum</strong></span> <span class='ocrx_word' id='word_1_124' title='bbox 2335 2681 2532 2755; x_wconf 91' lang='lat' dir='ltr'><strong>vide-</strong></span> 
     </span>
    </p>
   </div>
   <div class='ocr_carea' id='block_1_3' title="bbox 263 2806 2667 2906">
    <p class='ocr_par' dir='ltr' id='par_1_3' title="bbox 263 2806 2667 2906">
     <span class='ocr_line' id='line_1_20' title="bbox 263 2806 2667 2906; baseline 0.002 -28"><span class='ocrx_word' id='word_1_125' title='bbox 263 2806 485 2879; x_wconf 85' lang='lat' dir='ltr'><strong>batur</strong></span> <span class='ocrx_word' id='word_1_126' title='bbox 560 2806 1061 2902; x_wconf 84' lang='lat' dir='ltr'><strong>opportunior.</strong></span> <span class='ocrx_word' id='word_1_127' title='bbox 1124 2806 1416 2906; x_wconf 82' lang='lat' dir='ltr'><strong>Quippe</strong></span> <span class='ocrx_word' id='word_1_128' title='bbox 1511 2806 1700 2883; x_wconf 89' lang='lat' dir='ltr'><strong>Asia</strong></span> <span class='ocrx_word' id='word_1_129' title='bbox 1754 2808 1998 2883; x_wconf 90' lang='lat' dir='ltr'><strong>Minor</strong></span> <span class='ocrx_word' id='word_1_130' title='bbox 2043 2807 2279 2883; x_wconf 89' lang='lat' dir='ltr'><strong>millia</strong></span> <span class='ocrx_word' id='word_1_131' title='bbox 2318 2830 2531 2882; x_wconf 82' lang='lat' dir='ltr'><strong>sexa·</strong></span> <span class='ocrx_word' id='word_1_132' title='bbox 2656 2836 2667 2843; x_wconf 93' lang='lat'>·</span> 
     </span>
    </p>
   </div>
   <div class='ocr_carea' id='block_1_4' title="bbox 265 2933 2533 4664">
    <p class='ocr_par' dir='ltr' id='par_1_4' title="bbox 265 2933 2533 4036">
     <span class='ocr_line' id='line_1_21' title="bbox 265 2933 2532 3033; baseline 0.002 -29"><span class='ocrx_word' id='word_1_133' title='bbox 265 2933 476 3026; x_wconf 87' lang='lat' dir='ltr'><strong>ginta</strong></span> <span class='ocrx_word' id='word_1_134' title='bbox 514 2953 865 3028; x_wconf 90' lang='lat' dir='ltr'><strong>passuum</strong></span> <span class='ocrx_word' id='word_1_135' title='bbox 888 2933 1135 3025; x_wconf 89' lang='lat' dir='ltr'><strong>distat,</strong></span> <span class='ocrx_word' id='word_1_136' title='bbox 1177 2935 1448 3008; x_wconf 90' lang='lat' dir='ltr'><strong>ditione</strong></span> <span class='ocrx_word' id='word_1_137' title='bbox 1487 2937 1768 3010; x_wconf 88' lang='lat' dir='ltr'><strong>turcica</strong></span> <span class='ocrx_word' id='word_1_138' title='bbox 1787 2935 2253 3033; x_wconf 88' lang='lat' dir='ltr'><strong>undiquaque</strong></span> <span class='ocrx_word' id='word_1_139' title='bbox 2290 2933 2532 3029; x_wconf 88' lang='lat' dir='ltr'><strong>figura</strong></span> 
     </span>
     <span class='ocr_line' id='line_1_22' title="bbox 267 3056 2533 3158; baseline 0.001 -27"><span class='ocrx_word' id='word_1_140' title='bbox 267 3056 799 3132; x_wconf 86' lang='lat' dir='ltr'><strong>semicirculari</strong></span> <span class='ocrx_word' id='word_1_141' title='bbox 841 3058 1231 3153; x_wconf 82' lang='lat' dir='ltr'><strong>ambiente3</strong></span> <span class='ocrx_word' id='word_1_142' title='bbox 1273 3082 1486 3155; x_wconf 88' lang='lat' dir='ltr'><strong>quam</strong></span> <span class='ocrx_word' id='word_1_143' title='bbox 1527 3061 1592 3133; x_wconf 95' lang='lat' dir='ltr'><strong>si</strong></span> <span class='ocrx_word' id='word_1_144' title='bbox 1631 3061 1979 3158; x_wconf 86' lang='lat' dir='ltr'><strong>cepisset,</strong></span> <span class='ocrx_word' id='word_1_145' title='bbox 2019 3057 2318 3134; x_wconf 85' lang='lat' dir='ltr'><strong>Cretam</strong></span> <span class='ocrx_word' id='word_1_146' title='bbox 2361 3083 2533 3155; x_wconf 91' lang='lat' dir='ltr'><strong>quo-</strong></span> 
     </span>
     <span class='ocr_line' id='line_1_23' title="bbox 266 3181 2523 3278; baseline 0.001 -21"><span class='ocrx_word' id='word_1_147' title='bbox 266 3205 403 3278; x_wconf 88' lang='lat' dir='ltr'><strong>que</strong></span> <span class='ocrx_word' id='word_1_148' title='bbox 442 3181 520 3255; x_wconf 92' lang='lat' dir='ltr'><strong>in</strong></span> <span class='ocrx_word' id='word_1_149' title='bbox 559 3181 911 3257; x_wconf 87' lang='lat' dir='ltr'><strong>ditionem</strong></span> <span class='ocrx_word' id='word_1_150' title='bbox 949 3206 1159 3258; x_wconf 90' lang='lat' dir='ltr'><strong>suam</strong></span> <span class='ocrx_word' id='word_1_151' title='bbox 1195 3184 1418 3258; x_wconf 84' lang='lat' dir='ltr'><strong>facile</strong></span> <span class='ocrx_word' id='word_1_152' title='bbox 1456 3184 1925 3260; x_wconf 88' lang='lat' dir='ltr'><strong>redacturum</strong></span> <span class='ocrx_word' id='word_1_153' title='bbox 1964 3186 2289 3260; x_wconf 90' lang='lat' dir='ltr'><strong>rebatur.</strong></span> <span class='ocrx_word' id='word_1_154' title='bbox 2338 3182 2523 3260; x_wconf 81' lang='lat' dir='ltr'><strong>Cum</strong></span> 
     </span>
     <span class='ocr_line' id='line_1_24' title="bbox 268 3303 2527 3406; baseline 0 -24"><span class='ocrx_word' id='word_1_155' title='bbox 268 3316 516 3383; x_wconf 91' lang='lat' dir='ltr'><strong>autem</strong></span> <span class='ocrx_word' id='word_1_156' title='bbox 553 3332 812 3406; x_wconf 90' lang='lat' dir='ltr'><strong>pacem</strong></span> <span class='ocrx_word' id='word_1_157' title='bbox 868 3316 1254 3405; x_wconf 90' lang='lat' dir='ltr'><strong>paternam</strong></span> <span class='ocrx_word' id='word_1_158' title='bbox 1284 3303 1441 3404; x_wconf 75' lang='lat' dir='ltr'><strong>Jam</strong></span> <span class='ocrx_word' id='word_1_159' title='bbox 1500 3311 1593 3383; x_wconf 90' lang='lat' dir='ltr'><strong>ab</strong></span> <span class='ocrx_word' id='word_1_160' title='bbox 1633 3310 1840 3384; x_wconf 93' lang='lat' dir='ltr'><strong>initio</strong></span> <span class='ocrx_word' id='word_1_161' title='bbox 1882 3309 2132 3384; x_wconf 87' lang='lat' dir='ltr'><strong>statim</strong></span> <span class='ocrx_word' id='word_1_162' title='bbox 2171 3309 2527 3383; x_wconf 87' lang='lat' dir='ltr'><strong>firmavis-</strong></span> 
     </span>
     <span class='ocr_line' id='line_1_25' title="bbox 270 3432 2528 3532; baseline 0.001 -26"><span class='ocrx_word' id='word_1_163' title='bbox 270 3440 404 3526; x_wconf 90' lang='lat' dir='ltr'><strong>set,</strong></span> <span class='ocrx_word' id='word_1_164' title='bbox 448 3432 524 3506; x_wconf 95' lang='lat' dir='ltr'><strong>id</strong></span> <span class='ocrx_word' id='word_1_165' title='bbox 565 3432 708 3507; x_wconf 86' lang='lat' dir='ltr'><strong>sibi</strong></span> <span class='ocrx_word' id='word_1_166' title='bbox 767 3433 1142 3509; x_wconf 89' lang='lat' dir='ltr'><strong>commodo</strong></span> <span class='ocrx_word' id='word_1_167' title='bbox 1183 3457 1353 3509; x_wconf 91' lang='lat' dir='ltr'><strong>esse</strong></span> <span class='ocrx_word' id='word_1_168' title='bbox 1401 3434 1812 3530; x_wconf 87' lang='lat' dir='ltr'><strong>judicabat,</strong></span> <span class='ocrx_word' id='word_1_169' title='bbox 1850 3443 1930 3509; x_wconf 91' lang='lat' dir='ltr'><strong>ut</strong></span> <span class='ocrx_word' id='word_1_170' title='bbox 1980 3433 2070 3508; x_wconf 91' lang='lat' dir='ltr'><strong>de</strong></span> <span class='ocrx_word' id='word_1_171' title='bbox 2126 3434 2528 3532; x_wconf 84' lang='lat' dir='ltr'><strong>improviso</strong></span> 
     </span>
     <span class='ocr_line' id='line_1_26' title="bbox 266 3558 2529 3658; baseline 0 -27"><span class='ocrx_word' id='word_1_172' title='bbox 266 3558 584 3634; x_wconf 90' lang='lat' dir='ltr'><strong>insulam</strong></span> <span class='ocrx_word' id='word_1_173' title='bbox 657 3558 1067 3633; x_wconf 88' lang='lat' dir='ltr'><strong>invaderet.</strong></span> <span class='ocrx_word' id='word_1_174' title='bbox 1145 3558 1324 3634; x_wconf 92' lang='lat' dir='ltr'><strong>Ideo</strong></span> <span class='ocrx_word' id='word_1_175' title='bbox 1382 3583 1517 3658; x_wconf 89' lang='lat' dir='ltr'><strong>per</strong></span> <span class='ocrx_word' id='word_1_176' title='bbox 1574 3559 1864 3634; x_wconf 90' lang='lat' dir='ltr'><strong>hiemen</strong></span> <span class='ocrx_word' id='word_1_177' title='bbox 1937 3559 2244 3655; x_wconf 88' lang='lat' dir='ltr'><strong>navigia</strong></span> <span class='ocrx_word' id='word_1_178' title='bbox 2319 3558 2529 3655; x_wconf 91' lang='lat' dir='ltr'><strong>equis</strong></span> 
     </span>
     <span class='ocr_line' id='line_1_27' title="bbox 265 3683 2515 3784; baseline 0 -27"><span class='ocrx_word' id='word_1_179' title='bbox 265 3683 722 3780; x_wconf 84' lang='lat' dir='ltr'><strong>trajiciendis</strong></span> <span class='ocrx_word' id='word_1_180' title='bbox 745 3693 921 3782; x_wconf 86' lang='lat' dir='ltr'><strong>apta</strong></span> <span class='ocrx_word' id='word_1_181' title='bbox 943 3709 1160 3780; x_wconf 91' lang='lat' dir='ltr'><strong>quam</strong></span> <span class='ocrx_word' id='word_1_182' title='bbox 1181 3687 1498 3781; x_wconf 90' lang='lat' dir='ltr'><strong>plurima</strong></span> <span class='ocrx_word' id='word_1_183' title='bbox 1509 3686 1867 3760; x_wconf 89' lang='lat' dir='ltr'><strong>fabricari</strong></span> <span class='ocrx_word' id='word_1_184' title='bbox 1887 3687 2120 3783; x_wconf 89' lang='lat' dir='ltr'><strong>jubet,</strong></span> <span class='ocrx_word' id='word_1_185' title='bbox 2135 3686 2515 3784; x_wconf 89' lang='lat' dir='ltr'><strong>plerisque</strong></span> 
     </span>
     <span class='ocr_line' id='line_1_28' title="bbox 266 3790 2528 3908; baseline -0.001 -25"><span class='ocrx_word' id='word_1_186' title='bbox 266 3810 340 3884; x_wconf 91' lang='lat' dir='ltr'><strong>in</strong></span> <span class='ocrx_word' id='word_1_187' title='bbox 378 3790 587 3902; x_wconf 82' lang='lat' dir='ltr'><strong>locis,</strong></span> <span class='ocrx_word' id='word_1_188' title='bbox 610 3811 1054 3907; x_wconf 89' lang='lat' dir='ltr'><strong>praesertim</strong></span> <span class='ocrx_word' id='word_1_189' title='bbox 1077 3811 1584 3904; x_wconf 86' lang='lat' dir='ltr'><strong>vicinioribus,</strong></span> <span class='ocrx_word' id='word_1_190' title='bbox 1608 3819 1682 3886; x_wconf 91' lang='lat' dir='ltr'><strong>et</strong></span> <span class='ocrx_word' id='word_1_191' title='bbox 1703 3836 1893 3908; x_wconf 92' lang='lat' dir='ltr'><strong>quae</strong></span> <span class='ocrx_word' id='word_1_192' title='bbox 1934 3811 2384 3907; x_wconf 84' lang='lat' dir='ltr'><strong>expeditioni</strong></span> <span class='ocrx_word' id='word_1_193' title='bbox 2421 3809 2528 3882; x_wconf 88' lang='lat' dir='ltr'><strong>fo-</strong></span> 
     </span>
     <span class='ocr_line' id='line_1_29' title="bbox 265 3936 2529 4036; baseline 0 -28"><span class='ocrx_word' id='word_1_194' title='bbox 265 3944 429 4010; x_wconf 90' lang='lat' dir='ltr'><strong>rent</strong></span> <span class='ocrx_word' id='word_1_195' title='bbox 465 3937 902 4024; x_wconf 42' lang='lat' dir='ltr'><strong>necessaria,</strong></span> <span class='ocrx_word' id='word_1_196' title='bbox 951 3945 1243 4012; x_wconf 88' lang='lat' dir='ltr'><strong>secreto</strong></span> <span class='ocrx_word' id='word_1_197' title='bbox 1286 3945 1634 4034; x_wconf 90' lang='lat' dir='ltr'><strong>quantum</strong></span> <span class='ocrx_word' id='word_1_198' title='bbox 1674 3937 1834 4012; x_wconf 89' lang='lat' dir='ltr'><strong>fieri</strong></span> <span class='ocrx_word' id='word_1_199' title='bbox 1871 3944 2117 4036; x_wconf 90' lang='lat' dir='ltr'><strong>potest</strong></span> <span class='ocrx_word' id='word_1_200' title='bbox 2154 3936 2529 4033; x_wconf 87' lang='lat' dir='ltr'><strong>apparari·</strong></span> 
     </span>
    </p>

    <p class='ocr_par' dir='ltr' id='par_1_5' title="bbox 270 4059 2533 4664">
     <span class='ocr_line' id='line_1_30' title="bbox 486 4059 2525 4163; baseline -0.002 -27"><span class='ocrx_word' id='word_1_201' title='bbox 486 4061 699 4136; x_wconf 90' lang='lat' dir='ltr'><strong>Haec</strong></span> <span class='ocrx_word' id='word_1_202' title='bbox 737 4063 1030 4160; x_wconf 89' lang='lat' dir='ltr'><strong>quidem</strong></span> <span class='ocrx_word' id='word_1_203' title='bbox 1087 4064 1374 4138; x_wconf 91' lang='lat' dir='ltr'><strong>etiamsi</strong></span> <span class='ocrx_word' id='word_1_204' title='bbox 1431 4064 1974 4163; x_wconf 87' lang='lat' dir='ltr'><strong>impensissime</strong></span> <span class='ocrx_word' id='word_1_205' title='bbox 2028 4063 2308 4152; x_wconf 88' lang='lat' dir='ltr'><strong>fierent,</strong></span> <span class='ocrx_word' id='word_1_206' title='bbox 2348 4059 2525 4135; x_wconf 91' lang='lat' dir='ltr'><strong>nihil</strong></span> 
     </span>
     <span class='ocr_line' id='line_1_31' title="bbox 272 4185 2532 4286; baseline 0.002 -26"><span class='ocrx_word' id='word_1_207' title='bbox 272 4191 518 4260; x_wconf 88' lang='lat' dir='ltr'><strong>tamen</strong></span> <span class='ocrx_word' id='word_1_208' title='bbox 556 4187 739 4262; x_wconf 89' lang='lat' dir='ltr'><strong>foris</strong></span> <span class='ocrx_word' id='word_1_209' title='bbox 780 4187 1195 4281; x_wconf 89' lang='lat' dir='ltr'><strong>ostendere,</strong></span> <span class='ocrx_word' id='word_1_210' title='bbox 1253 4189 1399 4263; x_wconf 89' lang='lat' dir='ltr'><strong>nisi</strong></span> <span class='ocrx_word' id='word_1_211' title='bbox 1439 4189 1632 4286; x_wconf 91' lang='lat' dir='ltr'><strong>quod</strong></span> <span class='ocrx_word' id='word_1_212' title='bbox 1690 4190 2029 4264; x_wconf 89' lang='lat' dir='ltr'><strong>triremes</strong></span> <span class='ocrx_word' id='word_1_213' title='bbox 2086 4185 2532 4271; x_wconf 76' lang='lat' dir='ltr'><strong>christianas</strong></span> 
     </span>
     <span class='ocr_line' id='line_1_32' title="bbox 271 4310 2533 4411; baseline 0.002 -28"><span class='ocrx_word' id='word_1_214' title='bbox 271 4310 552 4384; x_wconf 87' lang='lat' dir='ltr'><strong>admitti</strong></span> <span class='ocrx_word' id='word_1_215' title='bbox 591 4318 811 4406; x_wconf 91' lang='lat' dir='ltr'><strong>atque</strong></span> <span class='ocrx_word' id='word_1_216' title='bbox 868 4311 1100 4410; x_wconf 89' lang='lat' dir='ltr'><strong>recipi</strong></span> <span class='ocrx_word' id='word_1_217' title='bbox 1166 4314 1437 4390; x_wconf 89' lang='lat' dir='ltr'><strong>dolere.</strong></span> <span class='ocrx_word' id='word_1_218' title='bbox 1497 4316 1690 4392; x_wconf 91' lang='lat' dir='ltr'><strong>Nam</strong></span> <span class='ocrx_word' id='word_1_219' title='bbox 1747 4312 2209 4389; x_wconf 91' lang='lat' dir='ltr'><strong>Mehemetus</strong></span> <span class='ocrx_word' id='word_1_220' title='bbox 2266 4313 2533 4411; x_wconf 88' lang='lat' dir='ltr'><strong>prima-</strong></span> 
     </span>
     <span class='ocr_line' id='line_1_33' title="bbox 270 4434 2531 4537; baseline 0.003 -31"><span class='ocrx_word' id='word_1_221' title='bbox 270 4434 422 4510; x_wconf 87' lang='lat' dir='ltr'><strong>rius</strong></span> <span class='ocrx_word' id='word_1_222' title='bbox 497 4446 1068 4534; x_wconf 89' lang='lat' dir='ltr'><strong>purpuratorum</strong></span> <span class='ocrx_word' id='word_1_223' title='bbox 1140 4450 1404 4516; x_wconf 88' lang='lat' dir='ltr'><strong>vocato</strong></span> <span class='ocrx_word' id='word_1_224' title='bbox 1463 4443 1560 4517; x_wconf 90' lang='lat' dir='ltr'><strong>ad</strong></span> <span class='ocrx_word' id='word_1_225' title='bbox 1634 4466 1716 4516; x_wconf 91' lang='lat' dir='ltr'><strong>se</strong></span> <span class='ocrx_word' id='word_1_226' title='bbox 1776 4443 2029 4537; x_wconf 88' lang='lat' dir='ltr'><strong>legato</strong></span> <span class='ocrx_word' id='word_1_227' title='bbox 2070 4446 2356 4530; x_wconf 90' lang='lat' dir='ltr'><strong>venet0,</strong></span> <span class='ocrx_word' id='word_1_228' title='bbox 2435 4462 2531 4513; x_wconf 88' lang='lat' dir='ltr'><strong>an</strong></span> 
     </span>
     <span class='ocr_line' id='line_1_34' title="bbox 274 4556 2524 4664; baseline 0.003 -32"><span class='ocrx_word' id='word_1_229' title='bbox 274 4556 569 4658; x_wconf 84' lang='lat' dir='ltr'><strong>Cyprus</strong></span> <span class='ocrx_word' id='word_1_230' title='bbox 689 4562 1136 4638; x_wconf 88' lang='lat' dir='ltr'><strong>Venetorum</strong></span> <span class='ocrx_word' id='word_1_231' title='bbox 1247 4576 1472 4662; x_wconf 87' lang='lat' dir='ltr'><strong>esset,</strong></span> <span class='ocrx_word' id='word_1_232' title='bbox 1587 4567 1993 4664; x_wconf 88' lang='lat' dir='ltr'><strong>quaesivit;</strong></span> <span class='ocrx_word' id='word_1_233' title='bbox 2110 4563 2524 4639; x_wconf 85' lang='lat' dir='ltr'><strong>affirmante</strong></span> 
     </span>
    </p>
   </div>
  </div>
 </body>
</html>
