3293 5219
803 321 956 399 142

802 527 1158 640 postridie
1196 546 1904 636 demonstraverunt3
1969 571 2135 622 nam
2176 545 2429 623 Cazon
2449 551 2680 624 bassa
2714 571 2878 624 cum
2916 570 3052 622 sex

806 673 1329 770 propemodum
1387 671 1712 746 millibus
1764 673 2340 770 expeditissimis
2377 668 2771 772 Tequitibus
2808 674 3056 749 Babo-

806 797 1017 874 cham
1076 821 1309 895 usque
1364 800 1799 897 praemisso.
1861 823 2002 896 quo
2059 800 2407 876 videlicet
2464 801 2797 899 principi,
2860 800 3057 896 quod

805 932 880 999 et
914 924 1188 1004 factum
1227 934 1357 1006 est,
1380 932 1580 1000 totas
1618 927 1818 1001 vires
1857 927 2312 1003 adventuras
2349 929 2907 1026 persvaderent,
2949 931 3058 1028 ip·

806 1052 966 1126 siin
1023 1052 1338 1150 pristino
1376 1054 1541 1128 loco
1581 1076 1664 1127 se
1741 1054 2268 1149 continuerunt,
2328 1056 2664 1152 quamvis
2702 1080 2850 1131 non
2888 1057 3054 1132 sine

806 1178 1156 1253 mediocri
1214 1201 1509 1254 suorum
1558 1183 1858 1274 jactura
1914 1203 2001 1255 eo
2076 1182 2567 1278 pervenerint.
2616 1181 3049 1280 Zighetien·

803 1329 927 1380 ses
965 1307 1155 1381 enim
1192 1306 1269 1380 in
1309 1330 1597 1402 agmen,
1636 1332 1781 1404 quo
1820 1307 2160 1406 supellex
2198 1310 2504 1385 barbari
2543 1312 2930 1409 omnisque
2948 1311 3056 1385 fe·

806 1456 889 1508 re
933 1434 1207 1509 bellica
1263 1457 1456 1529 gaza
1512 1435 1723 1531 equis
1762 1436 1949 1512 inter
1988 1437 2578 1512 confertissimos
2618 1437 2893 1513 milites
2933 1460 3058 1511 ve-

806 1559 1135 1652 hebatur,
1194 1561 1495 1658 inopina
1533 1562 1915 1659 eruptione
1962 1562 2182 1650 facta,
2223 1567 2635 1663 complures
2672 1563 3057 1652 occidere,

809 1684 1207 1781 plerosque
1248 1693 1321 1760 et
1375 1686 1563 1760 inter
1638 1709 1770 1761 eos
1809 1691 2259 1786 praefectum
2332 1688 2548 1765 aulae
2585 1691 3059 1788 beglerbegi,

807 1813 929 1923 qui
985 1823 1249 1910 postea
1286 1813 1541 1888 Marco
1587 1813 1883 1890 Horvat
1945 1816 2017 1889 in
2075 1818 2415 1892 auctione
2455 1817 2702 1904 cessit,
2743 1840 3059 1914 cepere;

808 1938 1143 2035 quodque
1183 1942 1420 2036 maius
1442 1950 1577 2030 est,
1598 1941 1859 2037 viginti
1882 1943 2197 2038 quinque
2236 1943 2818 2040 circiterequos,
2845 1953 3061 2019 veste

807 2066 1141 2161 pretiosa
1197 2088 1522 2163 auroque
1598 2076 1671 2140 et
1727 2078 2039 2163 argento
2080 2078 2384 2144 onustos
2424 2069 2791 2156 ademere,
2839 2093 3061 2167 prae-

805 2194 972 2269 dam
1008 2196 1199 2270 inter
1236 2218 1318 2269 se
1372 2194 1713 2268 divisere.
1789 2192 2145 2292 Princeps
2187 2195 2436 2270 audito
2478 2192 2731 2270 Gazon
2767 2197 3052 2270 bassae

807 2345 1243 2419 progressu,
1302 2327 1556 2396 coacto
1617 2345 1662 2393 a
1698 2321 2008 2416 prandio
2084 2322 2454 2396 seniorum
2528 2321 2836 2396 consilio
2875 2319 3060 2418 (tum

809 2451 997 2524 enim
1038 2450 1458 2548 speculator
1496 2445 1930 2545 advenerat)
1954 2449 2127 2547 quid
2145 2449 2343 2524 facto
2367 2471 2552 2547 opus
2590 2451 2709 2540 sit,
2746 2451 3062 2524 investi-

810 2587 961 2675 gat:
1021 2576 1585 2677 conclusumque
1640 2585 1776 2665 est,
1836 2585 1913 2652 ut
1949 2585 2340 2674 postquam
2380 2577 2583 2652 locus
2620 2577 2686 2653 is
2726 2599 2889 2652 cum
2927 2601 3058 2652 na-

805 2714 973 2780 tura
1027 2707 1126 2780 sit
1162 2704 1513 2798 infirmus,
1574 2716 1724 2779 tum
1762 2713 2067 2803 propter
2104 2729 2342 2803 aquae
2381 2706 2781 2803 pabulique
2818 2705 3059 2802 inopi-

810 2857 926 2907 am
1021 2830 1114 2905 ad
1164 2830 1674 2911 ¹sustinendum
1732 2831 2017 2906 hostem
2065 2830 2453 2922 infirmior,
2509 2833 2706 2907 ultra
2759 2831 3059 2908 Muram

807 2982 1094 3056 amnem
1149 2967 1399 3034 castra
1455 2960 1804 3047 locentur,
1842 2958 1948 3055 ibi
1985 2967 2283 3057 praeter
2322 2960 2814 3051 securitatem,
2854 2958 3056 3055 copi·

813 3112 930 3162 am
955 3109 1241 3185 quoque
1260 3110 1502 3162 rerum
1525 3086 1859 3177 omnium,
1882 3086 2282 3162 exercitum
2302 3086 2580 3161 affatim
2615 3085 3057 3176 habiturum,

809 3223 885 3290 et
916 3213 1087 3288 inde
1124 3213 1493 3290 commode
1514 3212 1845 3290 consiliis
1866 3212 2262 3288 hostilibus
2291 3236 2394 3305 ex,
2422 3237 2503 3288 re
2539 3221 2718 3287 nata
2755 3213 3055 3286 obviam

805 3340 897 3414 iri
934 3362 1178 3438 posse.
1208 3339 1454 3415 Edicit
1488 3348 1733 3413 tamen
1773 3339 2119 3436 princeps
2158 3339 2599 3429 senioribus,
2636 3345 2718 3412 ut
2756 3345 3050 3414 secreto

804 3489 959 3543 rem
995 3467 1186 3542 hanc
1201 3467 1387 3540 foris
1406 3467 1750 3555 habeant,
1791 3466 1964 3563 quin
1987 3465 2522 3541 dimicationem
2542 3466 2707 3541 Deo
2747 3466 3050 3541 volunte

808 3594 1166 3693 postridie
1184 3595 1505 3670 futuram
1524 3595 1817 3669 alacres
1840 3602 2221 3693 spargant.
2262 3592 2478 3685 Quod
2513 3593 2623 3668 illi
2657 3592 3053 3692 praecipiti

797 3724 955 3817 jam
977 3721 1137 3803 sole
1175 3728 1436 3796 senatu
1476 3720 1941 3812 excedentes,
1962 3720 2087 3794 ubi
2123 3722 2315 3795 inter
2331 3720 2600 3817 milites
2624 3720 3052 3817 divulgave-

811 3874 893 3924 re
914 3878 929 3921 ε
971 3849 1317 3927 mirificus
1338 3848 1644 3925 militum
1665 3848 1950 3924 animos
1969 3846 2067 3921 ad
2084 3847 2473 3922 ineundam
2493 3870 2815 3945 pugnam
2835 3847 3053 3943 vigor

811 3975 1137 4053 incessit.
1196 3976 1300 4051 At
1333 3977 1458 4052 ubi
1494 3985 1800 4077 postera
1853 3976 1971 4050 die
2007 3976 2487 4052 illucescente
2515 3976 2834 4050 tentoria
2877 3998 3050 4074 pau·

811 4106 1018 4181 latim
1054 4106 1230 4187 totis
1269 4106 1540 4180 castris
1579 4104 1794 4199 demi,
1817 4103 2178 4179 sarcinam
2221 4125 2502 4178 omnem
2533 4101 2888 4198 jumentis
2923 4102 3042 4175 im·

812 4232 988 4331 poni
1026 4233 1296 4323 vident,
1354 4231 1540 4307 adeo
1615 4231 1858 4307 subito
1895 4231 2158 4305 timore
2196 4229 2520 4328 perculsi
2558 4238 2748 4321 sunt,
2787 4236 2869 4303 ut
2905 4225 3045 4327 ipsi

815 4359 1087 4434 abitum
1143 4360 1664 4451 sollicitarent,
1722 4360 2149 4455 hostemque
2208 4357 2618 4433 cervicibus
2674 4356 3046 4431 imminere

817 4486 1297 4580 clamitarent,
1351 4494 1633 4565 tantam
1688 4486 2067 4581 inopinata
2132 4508 2373 4560 rerum
2428 4484 2733 4560 mutatio
2789 4484 3045 4560 animis

816 4612 1376 4708 trepidationem
1453 4613 1841 4688 indiderat.
1914 4612 2139 4687 Motis
2193 4613 2442 4708 itaque
2498 4613 2768 4686 castris
2825 4619 3040 4686 retro·
