3293 5219
2411 338 2570 414 475

313 583 515 635 mero
594 558 691 634 ad
804 561 933 639 OC
989 557 1587 661 splendidissime
1685 563 2128 647 ornatorum,
2214 559 2569 632 mulorum

312 689 904 789 camelorumque
921 686 1400 777 multitudine,
1441 684 1611 760 XV.
1651 683 1973 777 Augusti
2038 680 2312 758 Albam
2350 683 2572 757 venit.

311 812 452 891 Oui
507 815 855 914 princeps
913 814 1009 890 ad
1046 814 1360 912 primum
1414 809 1738 907 lapidem
1798 807 2093 882 obviam
2145 809 2300 883 ivit.
2378 809 2568 883 Tum

308 940 436 1016 ubi
475 942 861 1037 congressi
916 946 1108 1031 sunt,
1169 935 1516 1012 vexillum
1591 921 1897 1007 rubeum
1933 933 2245 1027 insigne,
2306 942 2571 1008 aurata

311 1066 639 1165 cuspide,
698 1092 792 1142 ex
868 1087 1055 1164 equo
1110 1064 1316 1163 prius
1374 1060 1882 1137 deosculatum
1933 1059 2249 1158 principi
2319 1060 2567 1136 tradit.

310 1193 675 1292 Princeps
709 1193 962 1269 itidem
1021 1214 1247 1290 eques
1328 1188 1832 1265 exosculatum
1890 1186 2179 1285 accipit.
2235 1185 2420 1264 Post
2490 1188 2566 1262 in

307 1320 566 1395 urbem
601 1319 727 1394 ubi
751 1325 1051 1395 ventum
1107 1325 1244 1409 est,
1281 1315 1688 1412 principem
1748 1335 1909 1387 cum
1948 1314 2225 1389 vexillo
2266 1314 2363 1388 ad
2398 1336 2564 1413 por-

311 1452 431 1519 tas
471 1445 729 1540 palatii
767 1467 1002 1541 usque
1042 1443 1366 1518 deduxit.
1406 1438 1670 1517 Tertio
1709 1442 1805 1515 ab
1847 1437 2016 1514 hinc
2055 1440 2173 1514 die
2210 1440 2286 1515 in
2325 1441 2561 1538 publi-

311 1592 471 1645 cum
510 1569 952 1669 colloquium
990 1570 1213 1659 venit,
1254 1577 1329 1645 et
1347 1568 1585 1667 primo
1618 1567 1930 1665 principi
1972 1589 2244 1643 aureas
2283 1575 2562 1657 vestes,

310 1717 540 1795 equos
613 1697 895 1795 aliquot
952 1696 1311 1772 militares
1369 1701 1790 1787 exornatos,
1851 1700 2222 1791 sceptrum
2281 1700 2356 1768 et
2411 1692 2563 1767 dia·
2608 1709 2625 1713 ’

311 1822 527 1900 dema
581 1823 829 1926 tradit.
885 1808 1177 1899 Deinde
1234 1824 1464 1898 XXV
1521 1822 1704 1897 viris
1760 1823 2068 1897 trabeas
2126 1821 2222 1896 ab
2281 1818 2557 1895 Selimo

307 1948 581 2023 missas
621 1947 808 2023 dono
850 1945 1051 2022 dedit
1073 1972 1101 2043 ;⁴
1129 1954 1280 2021 tum
1318 1947 1425 2021 uti
1484 1945 1761 2042 singuli
1814 1943 2327 2035 induebantur,
2365 1943 2563 2042 prin-

308 2074 454 2171 cipi
491 2071 751 2146 fideles
788 2080 867 2147 ut
887 2079 1155 2163 essent,
1196 2073 1490 2147 nomine
1509 2068 1764 2146 Selimi
1802 2067 2222 2144 mandabat.
2281 2066 2561 2143 Missus

307 2205 471 2274 erat
523 2221 684 2273 cum
734 2197 1148 2274 Mehemeto
1187 2198 1422 2290 alius;
1478 2196 1649 2271 huic
1686 2195 1837 2270 alia
1874 2194 2223 2270 mandata
2261 2193 2566 2269 dederat

308 2321 649 2415 Selimus,
729 2346 918 2420 quae
958 2325 1450 2416 continebant,
1542 2345 1796 2419 regem
1852 2319 2209 2395 Poloniae
2247 2341 2561 2416 conque-

307 2457 499 2525 stum
539 2471 733 2543 esse,
793 2472 918 2524 res
975 2452 1375 2550 plerasque
1431 2450 1485 2528 J
1489 2447 1802 2526 ohannis
1861 2444 2390 2544 consangvinei
2446 2444 2561 2519 sui

303 2573 634 2652 redditas
726 2599 873 2652 non
968 2599 1179 2670 esse,
1297 2598 1487 2676 quae
1570 2578 1743 2673 jure
1836 2572 2222 2671 sangvinis
2313 2572 2556 2671 ipsum

306 2711 864 2797 concernerent,
929 2711 1003 2779 et
1057 2710 1313 2802 petere
1370 2702 1515 2778 sibi
1571 2700 1884 2778 restitui.
1956 2698 2176 2774 Velle
2234 2721 2416 2794 ergo
2475 2720 2558 2800 se

307 2827 601 2903 edoceri
641 2852 737 2903 an
793 2852 927 2903 rex
967 2828 1322 2905 Poloniae
1363 2829 1959 2924 consangvineus
1994 2825 2233 2917 fuerit,
2274 2832 2349 2899 et
2379 2845 2555 2920 quo-

171 2970 178 2976 ·
305 2953 542 3047 modo,
599 2963 674 3029 et
746 2977 841 3030 an
879 2978 1002 3031 res
1041 2962 1397 3053 paternae
1437 2958 1911 3029 maternaeve
1968 2959 2274 3027 essent:
2334 2957 2408 3025 et
2463 2972 2558 3024 an

306 3079 379 3154 in
471 3103 704 3176 regno
755 3080 1185 3178 acquisitae.
1264 3076 1344 3153 Si
1402 3079 1592 3153 enim
1651 3102 1744 3154 ex
1799 3076 2013 3172 regni
2071 3074 2557 3152 emolumento

305 3211 752 3297 constarent,
773 3205 970 3280 nolle
1028 3227 1113 3280 se
1148 3204 1261 3305 illi
1318 3203 1648 3299 restitui,
1688 3203 1822 3277 sed
1876 3200 2249 3294 mandare,
2287 3209 2369 3276 ut
2403 3197 2558 3274 the·

306 3328 513 3404 sauri
585 3328 776 3424 regii
830 3328 907 3403 in
943 3350 1125 3404 usus
1164 3328 1379 3426 regni
1436 3333 1988 3418 conserventur,
2052 3325 2247 3412 item,
2286 3330 2367 3398 ut
2440 3346 2559 3398 co-

303 3454 502 3553 piam
559 3456 984 3530 testamenti
1058 3456 1153 3530 ad
1205 3479 1289 3531 se
1344 3433 1685 3530 mitteret.
1763 3452 2094 3527 Fuerant
2155 3471 2347 3546 quae
2421 3472 2557 3525 rex

307 3578 663 3657 Poloniae
701 3583 1112 3679 poscebat,
1154 3582 1446 3678 argenti
1500 3579 1652 3655 vivi
1690 3601 1824 3654 seu
1860 3575 2200 3651 mercurii
2241 3581 2560 3651 centum-

303 3704 574 3802 pondia
603 3706 1153 3804 quadringenta
1194 3730 1285 3782 ex
1327 3706 1605 3782 fodinis
1621 3702 2108 3779 feracissimis
2128 3709 2202 3776 et
2222 3700 2555 3799 adquan-

301 3839 741 3928 tamcunque
758 3830 1043 3929 copiam
1065 3830 1665 3907 cumulatissimis
1686 3826 2033 3906 montium
2046 3825 2289 3902 Albae
2301 3826 2355 3903 J
2357 3826 2556 3901 uliae

303 3956 585 4032 educta.
631 3954 1015 4031 Acerrimo
1076 3955 1317 4032 studio
1355 3978 1493 4053 pro
1532 3955 1625 4030 iis
1683 3977 1817 4054 per
1856 3960 2225 4028 oratorem
2265 3959 2554 4027 conten-

301 4081 427 4173 dit,
463 4081 907 4178 negantibus
948 4081 1160 4175 regni
1198 4080 1578 4156 ordinibus
1634 4079 1704 4154 ei
1743 4086 2183 4177 competere.
2246 4075 2396 4152 Sed
2433 4099 2556 4152 ne-

303 4229 445 4305 que
500 4205 784 4301 regiam
843 4230 1132 4302 gazam,
1173 4215 1521 4305 tanquam
1577 4204 1994 4304 priscorum
2050 4226 2310 4300 regum
2401 4200 2555 4279 Un-

302 4333 583 4432 gariae,
620 4335 1157 4431 exportandam
1177 4335 1677 4430 permissuros
1715 4333 1975 4424 fuisse,
2006 4330 2152 4405 nisi
2193 4332 2286 4405 ab
2325 4330 2555 4405 homi·

303 4460 520 4535 nibus
579 4459 1044 4535 avarissimis
1100 4459 1714 4558 tranquillitatem
1766 4457 2136 4557 publicam
2192 4457 2555 4532 redimere

306 4607 479 4660 sese
517 4586 1068 4685 speravissent:
1126 4607 1367 4684 neque
1426 4585 1716 4666 erubuit
1774 4583 1902 4659 ille
1960 4607 2092 4660 rex
2153 4582 2247 4657 ad
2285 4583 2552 4659 barba-
