3293 5219
2330 302 2485 382 265

223 521 477 597 nabat.
547 519 698 596 Sed
741 522 1030 598 Mocioc
1104 521 1197 595 ad
1235 522 1641 619 primores,
1705 544 1889 619 quos
1929 524 2330 621 bOJarones
2368 549 2492 600 vo·

220 654 416 736 cant,
457 647 789 734 dixerat,
858 670 1226 744 nunquam
1301 646 1620 743 angelos
1657 647 1912 746 plures
1954 672 2267 727 coronas
2309 652 2488 726 alla-

213 782 445 848 turos.
490 774 770 856 Tomsa
816 795 998 869 ergo
1039 771 1440 871 profligato
1469 774 1849 849 Demetrio
1892 775 1986 850 ad
2028 777 2485 853 obsidionem

214 900 546 989 revertit,
586 900 1248 996 discurrebantque
1288 900 1532 974 omnia
1571 902 1737 975 loca
1777 898 2138 998 Valachi3
2213 902 2485 978 nullum

211 1034 463 1100 tamen
507 1024 917 1123 sclopetum
940 1026 1060 1098 vel
1098 1031 1535 1099 tormentum
1579 1047 1669 1099 ex
1693 1049 1864 1100 arce
1907 1027 2276 1122 emittere3
2332 1029 2486 1102 nul·

213 1152 367 1226 lum
428 1174 727 1242 sonum,
787 1150 1065 1225 nullum
1124 1151 1493 1225 fremitum
1550 1150 1895 1225 hostilem
1955 1154 2198 1240 edere,
2275 1156 2488 1251 quasi

213 1302 476 1358 omnes
534 1278 804 1375 dilapsi
844 1283 1121 1366 essent,
1197 1285 1277 1350 ut
1332 1276 1638 1350 barbari
1693 1278 2068 1351 rebantur.
2128 1276 2275 1352 Sed
2324 1302 2484 1353 cum

206 1406 435 1506 pauci
504 1405 710 1503 prius
767 1403 1242 1495 accederent,
1299 1425 1468 1476 mox
1563 1401 1874 1478 conferti
1945 1404 2039 1479 ad
2075 1406 2346 1497 fossas,
2386 1405 2481 1480 ad

205 1542 496 1632 portas,
518 1539 590 1605 et
603 1530 699 1604 ad
711 1528 1403 1627 omnialoca,neque
1428 1530 1823 1627 quidquam
1851 1531 2206 1624 audirent,
2226 1555 2482 1631 repen·

205 1666 286 1735 te
325 1656 685 1756 displosis
727 1656 1064 1744 omnibus
1104 1646 2047 1754 sclopetistormentisque,
2071 1658 2288 1733 simul
2327 1683 2486 1734 eru-

202 1784 461 1883 ptione
501 1783 724 1872 facta,
746 1781 1146 1874 vulnerari,
1171 1781 1401 1872 caedi,
1443 1784 1839 1858 actandem
1877 1784 2268 1883 praecipiti
2303 1785 2485 1881 fuga

206 1912 283 1988 in
304 1914 565 1985 castra
582 1909 1004 2006 profugere.
1028 1908 1173 1983 His
1195 1931 1377 2004 ergo
1418 1917 1490 1982 et
1511 1910 1870 2007 proximis
1906 1911 2237 2008 praeliis,
2294 1934 2483 2008 quae

206 2039 282 2111 in
343 2035 511 2111 dies
573 2057 664 2108 ex
758 2057 932 2109 arce
991 2034 1653 2126 committebantur,
1714 2059 1872 2110 cum
1931 2034 2251 2110 Valachi
2306 2061 2483 2113 nun·

205 2186 428 2260 quam
468 2161 817 2259 impetum
859 2160 1182 2235 hostium
1220 2162 1696 2253 sustinerent,
1735 2161 1863 2235 ubi
1900 2162 1996 2236 ad
2035 2185 2329 2238 manum
2356 2187 2476 2238 ve·

204 2289 482 2383 nirent,
538 2309 779 2384 neque
835 2309 1082 2360 muros
1142 2289 1500 2362 subruere
1556 2298 1868 2386 possent
1924 2312 2015 2362 ex
2055 2289 2468 2365 minoribus

196 2416 618 2508 tormentis,
656 2416 941 2510 majora
979 2413 1169 2487 euim
1210 2437 1355 2487 non
1388 2412 1805 2489 habebant:
1892 2416 2174 2489 Tomsa
2221 2415 2318 2489 ad
2355 2415 2473 2490 de-

197 2542 706 2642 sperationem
728 2541 886 2615 fere
909 2540 1290 2633 adductus,
1315 2540 1593 2616 auxilia
1614 2540 1952 2616 alicunde
1976 2540 2473 2641 circumspici-

199 2694 357 2761 ens,
419 2669 522 2743 ad
574 2668 999 2744 Jobannem
1055 2668 1276 2743 misit.
1369 2668 1420 2744 J
1428 2670 1759 2743 ohannes
1802 2691 1978 2743 vero
2044 2668 2476 2744 Ladislaum

195 2795 469 2871 Radac
544 2817 707 2868 cum
805 2794 1092 2869 duobus
1206 2793 1533 2867 millibus
1629 2793 1957 2889 equitum
2013 2801 2086 2868 et
2141 2793 2479 2892 peditum

195 2921 274 2995 in
333 2917 691 2996 auxilium
771 2917 1174 3013 ablegavit.
1215 2916 1419 3008 Quos
1475 2918 1599 2992 ubi
1651 2919 1962 3016 primum
1999 2920 2337 2996 Jacobus
2376 2920 2480 2995 in-

196 3048 481 3145 spexit,
547 3045 768 3120 facile
804 3045 1192 3134 intellexit,
1230 3053 1575 3140 quantum
1615 3046 1914 3144 probris
1989 3047 2470 3143 profecissem

202 3173 396 3249 nihil
437 3179 818 3256 tamenex
857 3171 1087 3270 priori
1128 3171 1368 3246 animo
1408 3172 1742 3264 remisit,
1800 3196 2242 3268 quamquam
2283 3197 2480 3250 nova

190 3300 484 3375 auxilia
516 3298 763 3391 vallis,
787 3298 1214 3394 aggeribus,
1242 3297 1622 3386 cuniculis,
1657 3299 2165 3394 custodiisque
2189 3299 2333 3371 vim
2365 3291 2477 3373 re4

188 3432 662 3523 presserant,
689 3429 762 3497 et
784 3423 1055 3499 milites
1095 3446 1188 3498 ex
1225 3424 1675 3515 stationibus
1717 3424 1813 3497 ad
1841 3424 2286 3498 dedizionem
2324 3426 2466 3497 sol-

188 3550 241 3623 li
261 3550 626 3624 citabant.
669 3548 886 3640 Quod
922 3549 973 3625 J
980 3551 1213 3623 acobo
1254 3551 1478 3624 multo
1518 3550 1685 3646 plus
1722 3551 2009 3625 nocuit.
2063 3550 2254 3623 Nam
2293 3548 2476 3622 mili·

187 3670 308 3751 tes
369 3675 709 3773 pertaesi
765 3676 1037 3773 longae
1096 3676 1532 3767 obsidionis,
1598 3685 1821 3773 atque
1883 3659 2304 3774 desperata
2342 3698 2478 3774 spe

187 3801 500 3894 auxilii,
554 3802 857 3899 insuper
893 3826 938 3876 a
977 3802 1461 3901 popularibus
1503 3802 1838 3899 Ungaris
1878 3802 2224 3879 continue
2274 3802 2473 3878 solli·

191 3928 450 4017 citati,
504 3927 600 4001 ad
640 3927 1077 4004 deditionem
1117 3929 1596 4004 inclinabant.
1657 3928 1874 4004 Unde
1915 3951 2074 4001 cum
2119 3928 2213 4003 ad
2252 3952 2470 4026 prac-

189 4056 377 4131 lium
436 4054 777 4131 Jacobus
836 4054 1108 4128 milites
1165 4055 1560 4147 emisisset,
1618 4064 1716 4130 et·
1752 4054 2021 4129 Petrus
2060 4055 2329 4152 Devay
2365 4054 2461 4128 ad

182 4179 539 4259 subsidia
563 4186 767 4255 stare
795 4183 1055 4276 Jussus
1097 4189 1330 4255 esset:
1371 4182 1486 4257 his
1511 4183 1632 4278 qui
1671 4183 2033 4280 praelium
2078 4181 2475 4257 committe„
2574 4187 2583 4195 ’

181 4309 397 4397 bant,
459 4306 977 4382 laborantibus
1017 4307 1411 4383 subvenire
1459 4307 1721 4399 noluit,
1773 4308 2139 4382 hactenus
2179 4330 2474 4403 semper

189 4430 708 4523 fidelissimus,
731 4441 953 4529 atque
967 4433 1267 4509 militari
1280 4436 1501 4510 laude
1514 4438 1737 4530 longe
1750 4433 2472 4533 praestantissimus3

188 4558 543 4635 «Iacobus
564 4565 811 4633 tamen
833 4559 1035 4634 illum
1057 4561 1427 4656 precibus,
1451 4570 1676 4658 atque
1717 4560 1933 4635 donis
1979 4559 2074 4633 ad
2111 4578 2472 4657 praesens
