<?xml version="1.0" encoding="UTF-8"?>
<!DOCTYPE html PUBLIC "-//W3C//DTD XHTML 1.0 Transitional//EN"
    "http://www.w3.org/TR/xhtml1/DTD/xhtml1-transitional.dtd">
<html xmlns="http://www.w3.org/1999/xhtml" xml:lang="en" lang="en">
 <head>
  <title>
</title>
<meta http-equiv="Content-Type" content="text/html;charset=utf-8" />
  <meta name='ocr-system' content='tesseract 3.04.00' />
  <meta name='ocr-capabilities' content='ocr_page ocr_carea ocr_par ocr_line ocrx_word'/>
</head>
<body>
  <div class='ocr_page' id='page_1' title='image "./magyarhistorija00bpgoog/magyarhistorija00bpgoog_0531.png"; bbox 0 0 3293 5219; ppageno 0'>
   <div class='ocr_carea' id='block_1_1' title="bbox 2358 343 2508 419">
    <p class='ocr_par' dir='ltr' id='par_1_1' title="bbox 2358 343 2508 419">
     <span class='ocr_line' id='line_1_1' title="bbox 2358 343 2508 419; baseline -0.007 0"><span class='ocrx_word' id='word_1_1' title='bbox 2358 343 2458 419; x_wconf 84' lang='lat'><strong>41.</strong></span> <span class='ocrx_word' id='word_1_2' title='bbox 2476 351 2508 418; x_wconf 97' lang='grc'><strong>1</strong></span> 
     </span>
    </p>
   </div>
   <div class='ocr_carea' id='block_1_2' title="bbox 248 560 2520 3199">
    <p class='ocr_par' dir='ltr' id='par_1_2' title="bbox 248 560 2520 3199">
     <span class='ocr_line' id='line_1_2' title="bbox 255 560 2508 660; baseline 0 -23"><span class='ocrx_word' id='word_1_3' title='bbox 255 560 732 660; x_wconf 83' lang='lat' dir='ltr'><strong>gnificatione</strong></span> <span class='ocrx_word' id='word_1_4' title='bbox 787 570 1181 654; x_wconf 91' lang='lat' dir='ltr'><strong>constaret,</strong></span> <span class='ocrx_word' id='word_1_5' title='bbox 1223 563 1513 660; x_wconf 90' lang='lat' dir='ltr'><strong>quando</strong></span> <span class='ocrx_word' id='word_1_6' title='bbox 1572 564 1796 638; x_wconf 88' lang='lat' dir='ltr'><strong>toties</strong></span> <span class='ocrx_word' id='word_1_7' title='bbox 1833 564 2138 640; x_wconf 82' lang='lat' dir='ltr'><strong>foedera</strong></span> <span class='ocrx_word' id='word_1_8' title='bbox 2177 564 2324 638; x_wconf 91' lang='lat' dir='ltr'><strong>sint</strong></span> <span class='ocrx_word' id='word_1_9' title='bbox 2359 563 2508 637; x_wconf 88' lang='lat' dir='ltr'><strong>vio-</strong></span> 
     </span>
     <span class='ocr_line' id='line_1_3' title="bbox 257 688 2520 789; baseline 0 -27"><span class='ocrx_word' id='word_1_10' title='bbox 257 688 432 764; x_wconf 83' lang='lat' dir='ltr'><strong>lata.</strong></span> <span class='ocrx_word' id='word_1_11' title='bbox 494 689 788 789; x_wconf 82' lang='lat' dir='ltr'><strong>Quippe</strong></span> <span class='ocrx_word' id='word_1_12' title='bbox 845 690 1261 788; x_wconf 86' lang='lat' dir='ltr'><strong>pontificem</strong></span> <span class='ocrx_word' id='word_1_13' title='bbox 1339 713 1746 782; x_wconf 90' lang='lat' dir='ltr'><strong>romanum,</strong></span> <span class='ocrx_word' id='word_1_14' title='bbox 1807 691 1929 788; x_wconf 92' lang='lat' dir='ltr'><strong>qui</strong></span> <span class='ocrx_word' id='word_1_15' title='bbox 1975 689 2166 786; x_wconf 79' lang='lat' dir='ltr'><strong>Juris</strong></span> <span class='ocrx_word' id='word_1_16' title='bbox 2221 689 2520 764; x_wconf 91' lang='lat' dir='ltr'><strong>humani</strong></span> 
     </span>
     <span class='ocr_line' id='line_1_4' title="bbox 254 803 2515 916; baseline 0 -27"><span class='ocrx_word' id='word_1_17' title='bbox 254 803 630 915; x_wconf 81' lang='lat' dir='ltr'>divinique</span> <span class='ocrx_word' id='word_1_18' title='bbox 651 815 1133 914; x_wconf 87' lang='lat' dir='ltr'><strong>dispensandi</strong></span> <span class='ocrx_word' id='word_1_19' title='bbox 1154 825 1604 916; x_wconf 88' lang='lat' dir='ltr'><strong>potestatem</strong></span> <span class='ocrx_word' id='word_1_20' title='bbox 1641 825 2056 914; x_wconf 78' lang='lat' dir='ltr'>usurparet,</span> <span class='ocrx_word' id='word_1_21' title='bbox 2098 818 2217 893; x_wconf 88' lang='lat' dir='ltr'><strong>vel</strong></span> <span class='ocrx_word' id='word_1_22' title='bbox 2256 816 2515 892; x_wconf 86' lang='lat' dir='ltr'><strong>arctis·</strong></span> 
     </span>
     <span class='ocr_line' id='line_1_5' title="bbox 255 941 2514 1040; baseline -0 -24"><span class='ocrx_word' id='word_1_23' title='bbox 255 942 448 1018; x_wconf 87' lang='lat' dir='ltr'><strong>sima</strong></span> <span class='ocrx_word' id='word_1_24' title='bbox 521 941 828 1018; x_wconf 82' lang='lat' dir='ltr'><strong>foedera</strong></span> <span class='ocrx_word' id='word_1_25' title='bbox 886 950 962 1017; x_wconf 91' lang='lat' dir='ltr'><strong>et</strong></span> <span class='ocrx_word' id='word_1_26' title='bbox 1008 943 1524 1040; x_wconf 87' lang='lat' dir='ltr'><strong>jusjurandum</strong></span> <span class='ocrx_word' id='word_1_27' title='bbox 1583 944 2003 1020; x_wconf 82' lang='lat' dir='ltr'><strong>discindere</strong></span> <span class='ocrx_word' id='word_1_28' title='bbox 2058 967 2148 1018; x_wconf 91' lang='lat' dir='ltr'><strong>ac</strong></span> <span class='ocrx_word' id='word_1_29' title='bbox 2222 943 2514 1019; x_wconf 88' lang='lat' dir='ltr'><strong>solvere</strong></span> 
     </span>
     <span class='ocr_line' id='line_1_6' title="bbox 254 1068 2514 1168; baseline -0.001 -24"><span class='ocrx_word' id='word_1_30' title='bbox 254 1068 772 1165; x_wconf 82' lang='lat' dir='ltr'><strong>consuevisse3</strong></span> <span class='ocrx_word' id='word_1_31' title='bbox 794 1069 1107 1168; x_wconf 90' lang='lat' dir='ltr'><strong>ideoque</strong></span> <span class='ocrx_word' id='word_1_32' title='bbox 1125 1093 1259 1168; x_wconf 91' lang='lat' dir='ltr'><strong>per</strong></span> <span class='ocrx_word' id='word_1_33' title='bbox 1295 1070 1629 1168; x_wconf 83' lang='lat' dir='ltr'>reginam</span> <span class='ocrx_word' id='word_1_34' title='bbox 1668 1069 1902 1147; x_wconf 79' lang='lat' dir='ltr'>italici</span> <span class='ocrx_word' id='word_1_35' title='bbox 1941 1069 2326 1166; x_wconf 69' lang='lat' dir='ltr'><strong>sang-vinis</strong></span> <span class='ocrx_word' id='word_1_36' title='bbox 2365 1092 2514 1142; x_wconf 89' lang='lat' dir='ltr'><strong>am·</strong></span> 
     </span>
     <span class='ocr_line' id='line_1_7' title="bbox 250 1192 2516 1294; baseline -0.001 -24"><span class='ocrx_word' id='word_1_37' title='bbox 250 1195 599 1270; x_wconf 89' lang='lat' dir='ltr'><strong>bitiosam</strong></span> <span class='ocrx_word' id='word_1_38' title='bbox 620 1203 695 1269; x_wconf 89' lang='lat' dir='ltr'><strong>et</strong></span> <span class='ocrx_word' id='word_1_39' title='bbox 729 1195 1199 1294; x_wconf 86' lang='lat' dir='ltr'><strong>impotentem</strong></span> <span class='ocrx_word' id='word_1_40' title='bbox 1221 1198 1588 1289; x_wconf 85' lang='lat' dir='ltr'><strong>feminam,</strong></span> <span class='ocrx_word' id='word_1_41' title='bbox 1611 1222 1703 1273; x_wconf 89' lang='lat' dir='ltr'><strong>ac</strong></span> <span class='ocrx_word' id='word_1_42' title='bbox 1733 1195 2330 1292; x_wconf 82' lang='lat' dir='ltr'><strong>lotharingianae</strong></span> <span class='ocrx_word' id='word_1_43' title='bbox 2367 1192 2516 1269; x_wconf 86' lang='lat' dir='ltr'><strong>fac-</strong></span> 
     </span>
     <span class='ocr_line' id='line_1_8' title="bbox 252 1320 2513 1421; baseline -0.001 -25"><span class='ocrx_word' id='word_1_44' title='bbox 252 1322 479 1396; x_wconf 91' lang='lat' dir='ltr'><strong>tionis</strong></span> <span class='ocrx_word' id='word_1_45' title='bbox 551 1320 884 1396; x_wconf 88' lang='lat' dir='ltr'><strong>homines</strong></span> <span class='ocrx_word' id='word_1_46' title='bbox 977 1320 1200 1397; x_wconf 86' lang='lat' dir='ltr'><strong>facile</strong></span> <span class='ocrx_word' id='word_1_47' title='bbox 1274 1321 1752 1421; x_wconf 80' lang='lat' dir='ltr'>impulsurum</span> <span class='ocrx_word' id='word_1_48' title='bbox 1828 1346 2084 1421; x_wconf 83' lang='lat' dir='ltr'><strong>regem</strong></span> <span class='ocrx_word' id='word_1_49' title='bbox 2147 1323 2513 1417; x_wconf 87' lang='lat' dir='ltr'><strong>juvenem.</strong></span> 
     </span>
     <span class='ocr_line' id='line_1_9' title="bbox 256 1445 2515 1537; baseline -0.001 -14"><span class='ocrx_word' id='word_1_50' title='bbox 256 1447 561 1525; x_wconf 88' lang='lat' dir='ltr'><strong>Interim</strong></span> <span class='ocrx_word' id='word_1_51' title='bbox 602 1449 1105 1525; x_wconf 90' lang='lat' dir='ltr'><strong>crescentibus</strong></span> <span class='ocrx_word' id='word_1_52' title='bbox 1152 1448 1368 1525; x_wconf 90' lang='lat' dir='ltr'><strong>malis</strong></span> <span class='ocrx_word' id='word_1_53' title='bbox 1408 1449 1879 1526; x_wconf 90' lang='lat' dir='ltr'><strong>confluebant</strong></span> <span class='ocrx_word' id='word_1_54' title='bbox 1927 1449 2022 1523; x_wconf 88' lang='lat' dir='ltr'><strong>ad</strong></span> <span class='ocrx_word' id='word_1_55' title='bbox 2057 1445 2515 1537; x_wconf 87' lang='lat' dir='ltr'><strong>Amiralium,</strong></span> 
     </span>
     <span class='ocr_line' id='line_1_10' title="bbox 259 1571 2515 1671; baseline -0.001 -22"><span class='ocrx_word' id='word_1_56' title='bbox 259 1572 707 1668; x_wconf 82' lang='lat' dir='ltr'><strong>Condacum,</strong></span> <span class='ocrx_word' id='word_1_57' title='bbox 747 1583 821 1651; x_wconf 90' lang='lat' dir='ltr'><strong>et</strong></span> <span class='ocrx_word' id='word_1_58' title='bbox 856 1579 1249 1653; x_wconf 89' lang='lat' dir='ltr'><strong>nonnullas</strong></span> <span class='ocrx_word' id='word_1_59' title='bbox 1289 1576 1630 1653; x_wconf 88' lang='lat' dir='ltr'><strong>civitates</strong></span> <span class='ocrx_word' id='word_1_60' title='bbox 1686 1575 1985 1667; x_wconf 88' lang='lat' dir='ltr'><strong>amicas,</strong></span> <span class='ocrx_word' id='word_1_61' title='bbox 2025 1594 2212 1671; x_wconf 89' lang='lat' dir='ltr'><strong>quae</strong></span> <span class='ocrx_word' id='word_1_62' title='bbox 2249 1571 2515 1670; x_wconf 90' lang='lat' dir='ltr'><strong>partim</strong></span> 
     </span>
     <span class='ocr_line' id='line_1_11' title="bbox 259 1695 2514 1807; baseline 0.001 -32"><span class='ocrx_word' id='word_1_63' title='bbox 259 1695 646 1776; x_wconf 81' lang='lat' dir='ltr'><strong>voluntate</strong></span> <span class='ocrx_word' id='word_1_64' title='bbox 707 1701 1179 1797; x_wconf 77' lang='lat' dir='ltr'><strong>accedebant,</strong></span> <span class='ocrx_word' id='word_1_65' title='bbox 1236 1704 1506 1807; x_wconf 88' lang='lat' dir='ltr'><strong>partim</strong></span> <span class='ocrx_word' id='word_1_66' title='bbox 1561 1710 1780 1804; x_wconf 85' lang='lat' dir='ltr'><strong>metu,</strong></span> <span class='ocrx_word' id='word_1_67' title='bbox 1838 1710 1912 1784; x_wconf 87' lang='lat' dir='ltr'><strong>et</strong></span> <span class='ocrx_word' id='word_1_68' title='bbox 1949 1699 2352 1784; x_wconf 76' lang='lat' dir='ltr'><strong>auxiliares</strong></span> <span class='ocrx_word' id='word_1_69' title='bbox 2394 1721 2514 1778; x_wconf 85' lang='lat' dir='ltr'><strong>oo·</strong></span> 
     </span>
     <span class='ocr_line' id='line_1_12' title="bbox 254 1824 2511 1937; baseline 0.005 -37"><span class='ocrx_word' id='word_1_70' title='bbox 254 1826 425 1924; x_wconf 90' lang='lat' dir='ltr'><strong>pias</strong></span> <span class='ocrx_word' id='word_1_71' title='bbox 463 1851 556 1902; x_wconf 87' lang='lat' dir='ltr'><strong>ex</strong></span> <span class='ocrx_word' id='word_1_72' title='bbox 597 1824 1005 1906; x_wconf 78' lang='lat' dir='ltr'><strong>Germania</strong></span> <span class='ocrx_word' id='word_1_73' title='bbox 1062 1838 1617 1932; x_wconf 76' lang='lat' dir='ltr'><strong>exspectabant.</strong></span> <span class='ocrx_word' id='word_1_74' title='bbox 1663 1832 1789 1913; x_wconf 85' lang='lat' dir='ltr'><strong>Sic</strong></span> <span class='ocrx_word' id='word_1_75' title='bbox 1826 1831 2073 1931; x_wconf 87' lang='lat' dir='ltr'><strong>fiebat,</strong></span> <span class='ocrx_word' id='word_1_76' title='bbox 2111 1841 2192 1915; x_wconf 88' lang='lat' dir='ltr'><strong>ut</strong></span> <span class='ocrx_word' id='word_1_77' title='bbox 2231 1829 2511 1937; x_wconf 89' lang='lat' dir='ltr'><strong>passim</strong></span> 
     </span>
     <span class='ocr_line' id='line_1_13' title="bbox 255 1953 2510 2063; baseline 0.003 -34"><span class='ocrx_word' id='word_1_78' title='bbox 255 1953 538 2052; x_wconf 90' lang='lat' dir='ltr'><strong>oppida</strong></span> <span class='ocrx_word' id='word_1_79' title='bbox 626 1953 964 2054; x_wconf 89' lang='lat' dir='ltr'><strong>utrinque</strong></span> <span class='ocrx_word' id='word_1_80' title='bbox 1039 1970 1166 2034; x_wconf 90' lang='lat' dir='ltr'><strong>aut</strong></span> <span class='ocrx_word' id='word_1_81' title='bbox 1238 1962 1773 2057; x_wconf 76' lang='lat' dir='ltr'><strong>obsiderentur,</strong></span> <span class='ocrx_word' id='word_1_82' title='bbox 1848 1971 1976 2040; x_wconf 90' lang='lat' dir='ltr'><strong>aut</strong></span> <span class='ocrx_word' id='word_1_83' title='bbox 2050 1971 2510 2063; x_wconf 83' lang='lat' dir='ltr'><strong>caperentur.</strong></span> 
     </span>
     <span class='ocr_line' id='line_1_14' title="bbox 253 2078 2510 2188; baseline 0.006 -37"><span class='ocrx_word' id='word_1_84' title='bbox 253 2078 546 2154; x_wconf 90' lang='lat' dir='ltr'><strong>Andius</strong></span> <span class='ocrx_word' id='word_1_85' title='bbox 619 2081 1203 2176; x_wconf 85' lang='lat' dir='ltr'><strong>germanicorum</strong></span> <span class='ocrx_word' id='word_1_86' title='bbox 1298 2087 1617 2184; x_wconf 90' lang='lat' dir='ltr'><strong>equitum</strong></span> <span class='ocrx_word' id='word_1_87' title='bbox 1696 2088 1929 2188; x_wconf 86' lang='lat' dir='ltr'><strong>copiis</strong></span> <span class='ocrx_word' id='word_1_88' title='bbox 2003 2086 2288 2167; x_wconf 89' lang='lat' dir='ltr'><strong>auctior</strong></span> <span class='ocrx_word' id='word_1_89' title='bbox 2351 2093 2510 2186; x_wconf 75' lang='lat' dir='ltr'><strong>Jam</strong></span> 
     </span>
     <span class='ocr_line' id='line_1_15' title="bbox 253 2202 2510 2314; baseline 0.006 -36"><span class='ocrx_word' id='word_1_90' title='bbox 253 2211 329 2278; x_wconf 91' lang='lat' dir='ltr'><strong>et</strong></span> <span class='ocrx_word' id='word_1_91' title='bbox 364 2202 645 2278; x_wconf 90' lang='lat' dir='ltr'><strong>firmior</strong></span> <span class='ocrx_word' id='word_1_92' title='bbox 682 2206 1148 2302; x_wconf 88' lang='lat' dir='ltr'><strong>Engelmium</strong></span> <span class='ocrx_word' id='word_1_93' title='bbox 1207 2208 1553 2310; x_wconf 91' lang='lat' dir='ltr'><strong>oppidum</strong></span> <span class='ocrx_word' id='word_1_94' title='bbox 1593 2215 1688 2290; x_wconf 87' lang='lat' dir='ltr'><strong>ad</strong></span> <span class='ocrx_word' id='word_1_95' title='bbox 1727 2210 2298 2314; x_wconf 83' lang='lat' dir='ltr'><strong>expugnandum</strong></span> <span class='ocrx_word' id='word_1_96' title='bbox 2341 2235 2510 2292; x_wconf 83' lang='lat' dir='ltr'><strong>ven-</strong></span> 
     </span>
     <span class='ocr_line' id='line_1_16' title="bbox 250 2326 2509 2435; baseline 0.006 -32"><span class='ocrx_word' id='word_1_97' title='bbox 250 2336 482 2419; x_wconf 89' lang='lat' dir='ltr'><strong>turus,</strong></span> <span class='ocrx_word' id='word_1_98' title='bbox 506 2326 905 2406; x_wconf 83' lang='lat' dir='ltr'><strong>Carentam</strong></span> <span class='ocrx_word' id='word_1_99' title='bbox 929 2357 1215 2411; x_wconf 92' lang='lat' dir='ltr'><strong>amnem</strong></span> <span class='ocrx_word' id='word_1_100' title='bbox 1233 2338 1739 2415; x_wconf 80' lang='lat' dir='ltr'><strong>transmittere</strong></span> <span class='ocrx_word' id='word_1_101' title='bbox 1761 2341 2103 2435; x_wconf 82' lang='lat' dir='ltr'><strong>debebat3</strong></span> <span class='ocrx_word' id='word_1_102' title='bbox 2144 2364 2281 2416; x_wconf 92' lang='lat' dir='ltr'><strong>nec</strong></span> <span class='ocrx_word' id='word_1_103' title='bbox 2320 2339 2509 2417; x_wconf 80' lang='lat' dir='ltr'><strong>Con-</strong></span> 
     </span>
     <span class='ocr_line' id='line_1_17' title="bbox 252 2452 2504 2562; baseline 0.008 -35"><span class='ocrx_word' id='word_1_104' title='bbox 252 2452 486 2529; x_wconf 87' lang='lat' dir='ltr'><strong>daeus</strong></span> <span class='ocrx_word' id='word_1_105' title='bbox 561 2462 634 2529; x_wconf 90' lang='lat' dir='ltr'><strong>et</strong></span> <span class='ocrx_word' id='word_1_106' title='bbox 680 2453 1087 2535; x_wconf 86' lang='lat' dir='ltr'><strong>Amiralius</strong></span> <span class='ocrx_word' id='word_1_107' title='bbox 1160 2462 1238 2537; x_wconf 94' lang='lat' dir='ltr'><strong>id</strong></span> <span class='ocrx_word' id='word_1_108' title='bbox 1291 2465 1730 2562; x_wconf 87' lang='lat' dir='ltr'><strong>permissuri</strong></span> <span class='ocrx_word' id='word_1_109' title='bbox 1805 2467 2265 2554; x_wconf 85' lang='lat' dir='ltr'><strong>videbantur,</strong></span> <span class='ocrx_word' id='word_1_110' title='bbox 2345 2492 2504 2544; x_wconf 92' lang='lat' dir='ltr'><strong>cum</strong></span> 
     </span>
     <span class='ocr_line' id='line_1_18' title="bbox 249 2583 2502 2694; baseline 0.008 -38"><span class='ocrx_word' id='word_1_111' title='bbox 249 2587 666 2679; x_wconf 84' lang='lat' dir='ltr'><strong>opportuna</strong></span> <span class='ocrx_word' id='word_1_112' title='bbox 704 2583 976 2682; x_wconf 90' lang='lat' dir='ltr'><strong>oppida</strong></span> <span class='ocrx_word' id='word_1_113' title='bbox 997 2594 1071 2661; x_wconf 91' lang='lat' dir='ltr'><strong>et</strong></span> <span class='ocrx_word' id='word_1_114' title='bbox 1105 2596 1372 2686; x_wconf 90' lang='lat' dir='ltr'><strong>pontes</strong></span> <span class='ocrx_word' id='word_1_115' title='bbox 1410 2592 1484 2667; x_wconf 93' lang='lat' dir='ltr'><strong>in</strong></span> <span class='ocrx_word' id='word_1_116' title='bbox 1507 2591 1835 2671; x_wconf 80' lang='lat' dir='ltr'><strong>Carenta</strong></span> <span class='ocrx_word' id='word_1_117' title='bbox 1869 2594 2019 2694; x_wconf 90' lang='lat' dir='ltr'><strong>ipsi</strong></span> <span class='ocrx_word' id='word_1_118' title='bbox 2059 2595 2502 2690; x_wconf 85' lang='lat' dir='ltr'><strong>obtinerent,</strong></span> 
     </span>
     <span class='ocr_line' id='line_1_19' title="bbox 250 2706 2511 2815; baseline 0.008 -35"><span class='ocrx_word' id='word_1_119' title='bbox 250 2714 325 2782; x_wconf 93' lang='lat' dir='ltr'><strong>et</strong></span> <span class='ocrx_word' id='word_1_120' title='bbox 400 2706 791 2804; x_wconf 90' lang='lat' dir='ltr'><strong>aliquoties</strong></span> <span class='ocrx_word' id='word_1_121' title='bbox 901 2710 1158 2789; x_wconf 92' lang='lat' dir='ltr'><strong>hostes</strong></span> <span class='ocrx_word' id='word_1_122' title='bbox 1253 2719 1705 2815; x_wconf 86' lang='lat' dir='ltr'><strong>repulissent</strong></span> <span class='ocrx_word' id='word_1_123' title='bbox 1743 2747 1760 2814; x_wconf 80' lang='lat'><em>3</em></span> <span class='ocrx_word' id='word_1_124' title='bbox 1837 2722 1982 2796; x_wconf 94' lang='lat' dir='ltr'><strong>nisi</strong></span> <span class='ocrx_word' id='word_1_125' title='bbox 2052 2720 2339 2797; x_wconf 90' lang='lat' dir='ltr'><strong>Andius</strong></span> <span class='ocrx_word' id='word_1_126' title='bbox 2415 2725 2511 2799; x_wconf 88' lang='lat' dir='ltr'><strong>ad</strong></span> 
     </span>
     <span class='ocr_line' id='line_1_20' title="bbox 248 2830 2509 2942; baseline 0.009 -36"><span class='ocrx_word' id='word_1_127' title='bbox 248 2830 855 2910; x_wconf 83' lang='lat' dir='ltr'><strong>Castellonovum</strong></span> <span class='ocrx_word' id='word_1_128' title='bbox 890 2846 1187 2935; x_wconf 88' lang='lat' dir='ltr'><strong>pontem</strong></span> <span class='ocrx_word' id='word_1_129' title='bbox 1244 2843 1633 2921; x_wconf 91' lang='lat' dir='ltr'><strong>sublicium</strong></span> <span class='ocrx_word' id='word_1_130' title='bbox 1692 2848 2021 2925; x_wconf 90' lang='lat' dir='ltr'><strong>construi</strong></span> <span class='ocrx_word' id='word_1_131' title='bbox 2060 2849 2509 2942; x_wconf 85' lang='lat' dir='ltr'><strong>mandasset,</strong></span> 
     </span>
     <span class='ocr_line' id='line_1_21' title="bbox 249 2955 2512 3071; baseline 0.01 -39"><span class='ocrx_word' id='word_1_132' title='bbox 249 2981 341 3032; x_wconf 87' lang='lat' dir='ltr'><strong>ac</strong></span> <span class='ocrx_word' id='word_1_133' title='bbox 380 2955 723 3034; x_wconf 91' lang='lat' dir='ltr'><strong>celeriter</strong></span> <span class='ocrx_word' id='word_1_134' title='bbox 757 2984 895 3058; x_wconf 90' lang='lat' dir='ltr'><strong>per</strong></span> <span class='ocrx_word' id='word_1_135' title='bbox 950 2972 1238 3041; x_wconf 89' lang='lat' dir='ltr'><strong>noctem</strong></span> <span class='ocrx_word' id='word_1_136' title='bbox 1296 2991 1549 3046; x_wconf 91' lang='lat' dir='ltr'><strong>omnes</strong></span> <span class='ocrx_word' id='word_1_137' title='bbox 1615 2973 2397 3071; x_wconf 84' lang='lat' dir='ltr'><strong>copias-traduxisset,</strong></span> <span class='ocrx_word' id='word_1_138' title='bbox 2439 2987 2512 3055; x_wconf 92' lang='lat' dir='ltr'><strong>et</strong></span> 
     </span>
     <span class='ocr_line' id='line_1_22' title="bbox 248 3081 2512 3199; baseline 0.011 -43"><span class='ocrx_word' id='word_1_139' title='bbox 248 3081 325 3156; x_wconf 94' lang='lat' dir='ltr'><strong>in</strong></span> <span class='ocrx_word' id='word_1_140' title='bbox 365 3091 832 3181; x_wconf 82' lang='lat' dir='ltr'><strong>conspectum</strong></span> <span class='ocrx_word' id='word_1_141' title='bbox 852 3110 1085 3186; x_wconf 90' lang='lat' dir='ltr'><strong>prope</strong></span> <span class='ocrx_word' id='word_1_142' title='bbox 1125 3087 1460 3169; x_wconf 81' lang='lat' dir='ltr'><strong>Condaei</strong></span> <span class='ocrx_word' id='word_1_143' title='bbox 1500 3104 1574 3172; x_wconf 91' lang='lat' dir='ltr'><strong>et</strong></span> <span class='ocrx_word' id='word_1_144' title='bbox 1614 3095 1957 3174; x_wconf 90' lang='lat' dir='ltr'><strong>Amiralii</strong></span> <span class='ocrx_word' id='word_1_145' title='bbox 1995 3100 2345 3194; x_wconf 86' lang='lat' dir='ltr'><strong>venisset,</strong></span> <span class='ocrx_word' id='word_1_146' title='bbox 2388 3105 2512 3199; x_wconf 92' lang='lat' dir='ltr'><strong>qui</strong></span> 
     </span>
    </p>
   </div>
   <div class='ocr_carea' id='block_1_3' title="bbox 120 3208 2510 3322">
    <p class='ocr_par' dir='ltr' id='par_1_3' title="bbox 120 3208 2510 3322">
     <span class='ocr_line' id='line_1_23' title="bbox 120 3208 2510 3322; baseline 0.01 -43"><span class='ocrx_word' id='word_1_147' title='bbox 120 3222 127 3229; x_wconf 85' lang='lat'><strong>·</strong></span> <span class='ocrx_word' id='word_1_148' title='bbox 249 3215 401 3282; x_wconf 88' lang='lat' dir='ltr'><strong>tum</strong></span> <span class='ocrx_word' id='word_1_149' title='bbox 439 3208 645 3282; x_wconf 85' lang='lat' dir='ltr'><strong>sol&#39;as</strong></span> <span class='ocrx_word' id='word_1_150' title='bbox 685 3220 1073 3307; x_wconf 88' lang='lat' dir='ltr'><strong>equestres</strong></span> <span class='ocrx_word' id='word_1_151' title='bbox 1151 3218 1408 3315; x_wconf 85' lang='lat' dir='ltr'><strong>copias</strong></span> <span class='ocrx_word' id='word_1_152' title='bbox 1448 3228 1522 3296; x_wconf 91' lang='lat' dir='ltr'><strong>et</strong></span> <span class='ocrx_word' id='word_1_153' title='bbox 1571 3223 1966 3322; x_wconf 84' lang='lat' dir='ltr'><strong>expeditas</strong></span> <span class='ocrx_word' id='word_1_154' title='bbox 2000 3223 2346 3303; x_wconf 89' lang='lat' dir='ltr'><strong>cohortes</strong></span> <span class='ocrx_word' id='word_1_155' title='bbox 2378 3229 2510 3303; x_wconf 89' lang='lat' dir='ltr'><strong>ali-</strong></span> 
     </span>
    </p>
   </div>
   <div class='ocr_carea' id='block_1_4' title="bbox 240 3336 2507 4704">
    <p class='ocr_par' dir='ltr' id='par_1_4' title="bbox 240 3336 2507 4704">
     <span class='ocr_line' id='line_1_24' title="bbox 250 3336 2506 3448; baseline 0.01 -43"><span class='ocrx_word' id='word_1_156' title='bbox 250 3340 428 3429; x_wconf 90' lang='lat' dir='ltr'><strong>quot</strong></span> <span class='ocrx_word' id='word_1_157' title='bbox 480 3355 738 3410; x_wconf 89' lang='lat' dir='ltr'><strong>secum</strong></span> <span class='ocrx_word' id='word_1_158' title='bbox 794 3336 1204 3439; x_wconf 81' lang='lat' dir='ltr'><strong>habebant3</strong></span> <span class='ocrx_word' id='word_1_159' title='bbox 1244 3368 1484 3444; x_wconf 91' lang='lat' dir='ltr'><strong>neque</strong></span> <span class='ocrx_word' id='word_1_160' title='bbox 1526 3371 1709 3444; x_wconf 83' lang='lat' dir='ltr'><strong>ergo</strong></span> <span class='ocrx_word' id='word_1_161' title='bbox 1766 3350 2128 3448; x_wconf 90' lang='lat' dir='ltr'><strong>praelium</strong></span> <span class='ocrx_word' id='word_1_162' title='bbox 2185 3354 2506 3429; x_wconf 89' lang='lat' dir='ltr'><strong>commit-</strong></span> 
     </span>
     <span class='ocr_line' id='line_1_25' title="bbox 245 3457 2502 3575; baseline 0.009 -43"><span class='ocrx_word' id='word_1_163' title='bbox 245 3457 541 3533; x_wconf 92' lang='lat' dir='ltr'><strong>tendum</strong></span> <span class='ocrx_word' id='word_1_164' title='bbox 580 3483 668 3535; x_wconf 90' lang='lat' dir='ltr'><strong>eo</strong></span> <span class='ocrx_word' id='word_1_165' title='bbox 708 3460 827 3536; x_wconf 91' lang='lat' dir='ltr'><strong>die</strong></span> <span class='ocrx_word' id='word_1_166' title='bbox 881 3465 1256 3562; x_wconf 89' lang='lat' dir='ltr'><strong>rebantur,</strong></span> <span class='ocrx_word' id='word_1_167' title='bbox 1292 3470 1427 3546; x_wconf 91' lang='lat' dir='ltr'><strong>sed</strong></span> <span class='ocrx_word' id='word_1_168' title='bbox 1462 3473 2074 3549; x_wconf 89' lang='lat' dir='ltr'><strong>retrocedendum</strong></span> <span class='ocrx_word' id='word_1_169' title='bbox 2151 3484 2225 3552; x_wconf 89' lang='lat' dir='ltr'><strong>et</strong></span> <span class='ocrx_word' id='word_1_170' title='bbox 2299 3477 2502 3575; x_wconf 88' lang='lat' dir='ltr'><strong>pedi-</strong></span> 
     </span>
     <span class='ocr_line' id='line_1_26' title="bbox 248 3584 2507 3697; baseline 0.009 -40"><span class='ocrx_word' id='word_1_171' title='bbox 248 3590 482 3658; x_wconf 88' lang='lat' dir='ltr'><strong>tatum</strong></span> <span class='ocrx_word' id='word_1_172' title='bbox 539 3584 921 3661; x_wconf 90' lang='lat' dir='ltr'><strong>celerrime</strong></span> <span class='ocrx_word' id='word_1_173' title='bbox 977 3594 1528 3671; x_wconf 90' lang='lat' dir='ltr'><strong>accersendum.</strong></span> <span class='ocrx_word' id='word_1_174' title='bbox 1592 3596 1884 3675; x_wconf 91' lang='lat' dir='ltr'><strong>Andius</strong></span> <span class='ocrx_word' id='word_1_175' title='bbox 1944 3601 2283 3697; x_wconf 84' lang='lat' dir='ltr'><strong>vestigiis</strong></span> <span class='ocrx_word' id='word_1_176' title='bbox 2332 3602 2507 3678; x_wconf 78' lang='lat' dir='ltr'><strong>insi-</strong></span> 
     </span>
     <span class='ocr_line' id='line_1_27' title="bbox 246 3712 2504 3826; baseline 0.01 -44"><span class='ocrx_word' id='word_1_177' title='bbox 246 3716 468 3803; x_wconf 89' lang='lat' dir='ltr'><strong>stere,</strong></span> <span class='ocrx_word' id='word_1_178' title='bbox 488 3717 711 3808; x_wconf 85' lang='lat' dir='ltr'><strong>atque</strong></span> <span class='ocrx_word' id='word_1_179' title='bbox 750 3712 1024 3790; x_wconf 90' lang='lat' dir='ltr'><strong>acriter</strong></span> <span class='ocrx_word' id='word_1_180' title='bbox 1063 3741 1375 3814; x_wconf 76' lang='lat' dir='ltr'><strong>urgere3</strong></span> <span class='ocrx_word' id='word_1_181' title='bbox 1414 3724 1708 3799; x_wconf 82' lang='lat' dir='ltr'><strong>tandem</strong></span> <span class='ocrx_word' id='word_1_182' title='bbox 1760 3726 2187 3822; x_wconf 83' lang='lat' dir='ltr'><strong>germanico</strong></span> <span class='ocrx_word' id='word_1_183' title='bbox 2226 3729 2504 3826; x_wconf 87' lang='lat' dir='ltr'><strong>equita·</strong></span> 
     </span>
     <span class='ocr_line' id='line_1_28' title="bbox 245 3833 2506 3953; baseline 0.01 -46"><span class='ocrx_word' id='word_1_184' title='bbox 245 3841 325 3908; x_wconf 91' lang='lat' dir='ltr'><strong>tu</strong></span> <span class='ocrx_word' id='word_1_185' title='bbox 379 3833 455 3907; x_wconf 92' lang='lat' dir='ltr'><strong>in</strong></span> <span class='ocrx_word' id='word_1_186' title='bbox 511 3833 709 3913; x_wconf 79' lang='lat' dir='ltr'><strong>latus</strong></span> <span class='ocrx_word' id='word_1_187' title='bbox 746 3836 1059 3932; x_wconf 89' lang='lat' dir='ltr'><strong>invecto,</strong></span> <span class='ocrx_word' id='word_1_188' title='bbox 1101 3839 1494 3923; x_wconf 87' lang='lat' dir='ltr'><strong>Condaeus</strong></span> <span class='ocrx_word' id='word_1_189' title='bbox 1533 3857 1872 3947; x_wconf 89' lang='lat' dir='ltr'><strong>postrato</strong></span> <span class='ocrx_word' id='word_1_190' title='bbox 1931 3874 2117 3948; x_wconf 93' lang='lat' dir='ltr'><strong>equo</strong></span> <span class='ocrx_word' id='word_1_191' title='bbox 2195 3855 2506 3953; x_wconf 88' lang='lat' dir='ltr'><strong>capitur,</strong></span> 
     </span>
     <span class='ocr_line' id='line_1_29' title="bbox 248 3952 2502 4078; baseline 0.011 -45"><span class='ocrx_word' id='word_1_192' title='bbox 248 3966 323 4034; x_wconf 88' lang='lat' dir='ltr'><strong>et</strong></span> <span class='ocrx_word' id='word_1_193' title='bbox 358 3959 553 4035; x_wconf 89' lang='lat' dir='ltr'><strong>inter</strong></span> <span class='ocrx_word' id='word_1_194' title='bbox 591 3960 947 4040; x_wconf 88' lang='lat' dir='ltr'><strong>victorum</strong></span> <span class='ocrx_word' id='word_1_195' title='bbox 969 3952 1247 4045; x_wconf 65' lang='lat' dir='ltr'><strong>&#39;manus</strong></span> <span class='ocrx_word' id='word_1_196' title='bbox 1278 3978 1644 4052; x_wconf 91' lang='lat' dir='ltr'><strong>tormento</strong></span> <span class='ocrx_word' id='word_1_197' title='bbox 1685 3999 1820 4075; x_wconf 90' lang='lat' dir='ltr'><strong>per</strong></span> <span class='ocrx_word' id='word_1_198' title='bbox 1859 3987 2081 4076; x_wconf 90' lang='lat' dir='ltr'><strong>caput</strong></span> <span class='ocrx_word' id='word_1_199' title='bbox 2117 3980 2502 4078; x_wconf 87' lang='lat' dir='ltr'><strong>trajicitur.</strong></span> 
     </span>
     <span class='ocr_line' id='line_1_30' title="bbox 246 4080 2505 4204; baseline 0.012 -47"><span class='ocrx_word' id='word_1_200' title='bbox 246 4080 487 4181; x_wconf 84' lang='lat' dir='ltr'><strong>Signa</strong></span> <span class='ocrx_word' id='word_1_201' title='bbox 523 4091 900 4183; x_wconf 89' lang='lat' dir='ltr'><strong>equestria</strong></span> <span class='ocrx_word' id='word_1_202' title='bbox 923 4102 1142 4191; x_wconf 91' lang='lat' dir='ltr'><strong>capta</strong></span> <span class='ocrx_word' id='word_1_203' title='bbox 1178 4097 1462 4194; x_wconf 86' lang='lat' dir='ltr'><strong>aliquot</strong></span> <span class='ocrx_word' id='word_1_204' title='bbox 1518 4109 1591 4176; x_wconf 91' lang='lat' dir='ltr'><strong>et</strong></span> <span class='ocrx_word' id='word_1_205' title='bbox 1626 4101 1940 4179; x_wconf 89' lang='lat' dir='ltr'><strong>Romam</strong></span> <span class='ocrx_word' id='word_1_206' title='bbox 1979 4105 2224 4181; x_wconf 90' lang='lat' dir='ltr'><strong>missa.</strong></span> <span class='ocrx_word' id='word_1_207' title='bbox 2265 4090 2505 4204; x_wconf 78' lang='lat' dir='ltr'><strong>Lega-</strong></span> 
     </span>
     <span class='ocr_line' id='line_1_31' title="bbox 243 4210 2506 4324; baseline 0.011 -42"><span class='ocrx_word' id='word_1_208' title='bbox 243 4217 368 4283; x_wconf 88' lang='lat' dir='ltr'><strong>tus</strong></span> <span class='ocrx_word' id='word_1_209' title='bbox 425 4210 681 4307; x_wconf 86' lang='lat' dir='ltr'><strong>regius</strong></span> <span class='ocrx_word' id='word_1_210' title='bbox 723 4214 818 4287; x_wconf 90' lang='lat' dir='ltr'><strong>ab</strong></span> <span class='ocrx_word' id='word_1_211' title='bbox 877 4216 1178 4293; x_wconf 90' lang='lat' dir='ltr'><strong>cohorte</strong></span> <span class='ocrx_word' id='word_1_212' title='bbox 1200 4221 1505 4317; x_wconf 84' lang='lat' dir='ltr'><strong>vigilum</strong></span> <span class='ocrx_word' id='word_1_213' title='bbox 1526 4227 2082 4324; x_wconf 86' lang='lat' dir='ltr'><strong>pontificiorum,</strong></span> <span class='ocrx_word' id='word_1_214' title='bbox 2141 4238 2215 4305; x_wconf 90' lang='lat' dir='ltr'><strong>et</strong></span> <span class='ocrx_word' id='word_1_215' title='bbox 2266 4240 2506 4317; x_wconf 87' lang='lat' dir='ltr'><strong>turma</strong></span> 
     </span>
     <span class='ocr_line' id='line_1_32' title="bbox 242 4336 2502 4455; baseline 0.011 -45"><span class='ocrx_word' id='word_1_216' title='bbox 242 4336 582 4432; x_wconf 87' lang='lat' dir='ltr'><strong>equitum,</strong></span> <span class='ocrx_word' id='word_1_217' title='bbox 605 4339 1013 4440; x_wconf 87' lang='lat' dir='ltr'><strong>aulicisque</strong></span> <span class='ocrx_word' id='word_1_218' title='bbox 1051 4349 1531 4427; x_wconf 90' lang='lat' dir='ltr'><strong>comitatusin</strong></span> <span class='ocrx_word' id='word_1_219' title='bbox 1569 4354 1856 4430; x_wconf 92' lang='lat' dir='ltr'><strong>modum</strong></span> <span class='ocrx_word' id='word_1_220' title='bbox 1897 4380 2220 4455; x_wconf 65' lang='lat' dir='ltr'><strong>pompae,</strong></span> <span class='ocrx_word' id='word_1_221' title='bbox 2250 4358 2502 4434; x_wconf 90' lang='lat' dir='ltr'><strong>trium-</strong></span> 
     </span>
     <span class='ocr_line' id='line_1_33' title="bbox 240 4458 2497 4580; baseline 0.014 -49"><span class='ocrx_word' id='word_1_222' title='bbox 240 4458 488 4557; x_wconf 85' lang='lat' dir='ltr'><strong>phalis</strong></span> <span class='ocrx_word' id='word_1_223' title='bbox 524 4462 600 4535; x_wconf 93' lang='lat' dir='ltr'><strong>in</strong></span> <span class='ocrx_word' id='word_1_224' title='bbox 624 4462 1057 4543; x_wconf 88' lang='lat' dir='ltr'><strong>Vaticanum</strong></span> <span class='ocrx_word' id='word_1_225' title='bbox 1081 4473 1427 4549; x_wconf 81' lang='lat' dir='ltr'><strong>traduxit.</strong></span> <span class='ocrx_word' id='word_1_226' title='bbox 1456 4476 1665 4568; x_wconf 80' lang='lat' dir='ltr'><strong>Quae</strong></span> <span class='ocrx_word' id='word_1_227' title='bbox 1688 4480 2019 4571; x_wconf 88' lang='lat' dir='ltr'><strong>victoria,</strong></span> <span class='ocrx_word' id='word_1_228' title='bbox 2062 4504 2497 4580; x_wconf 84' lang='lat' dir='ltr'><strong>quamquam</strong></span> 
     </span>
     <span class='ocr_line' id='line_1_34' title="bbox 244 4585 2496 4704; baseline 0.012 -47"><span class='ocrx_word' id='word_1_229' title='bbox 244 4585 565 4668; x_wconf 77' lang='lat' dir='ltr'><strong>maxima</strong></span> <span class='ocrx_word' id='word_1_230' title='bbox 626 4587 1041 4673; x_wconf 83' lang='lat' dir='ltr'><strong>habebatur</strong></span> <span class='ocrx_word' id='word_1_231' title='bbox 1098 4604 1330 4677; x_wconf 84' lang='lat' dir='ltr'><strong>morte</strong></span> <span class='ocrx_word' id='word_1_232' title='bbox 1369 4599 1599 4693; x_wconf 77' lang='lat' dir='ltr'><strong>ducis,</strong></span> <span class='ocrx_word' id='word_1_233' title='bbox 1661 4610 1905 4679; x_wconf 89' lang='lat' dir='ltr'><strong>tamen</strong></span> <span class='ocrx_word' id='word_1_234' title='bbox 1943 4604 2235 4704; x_wconf 82' lang='lat' dir='ltr'><strong>integra</strong></span> <span class='ocrx_word' id='word_1_235' title='bbox 2274 4611 2496 4689; x_wconf 90' lang='lat' dir='ltr'><strong>multo</strong></span> 
     </span>
    </p>
   </div>
  </div>
 </body>
</html>
