3293 5219
787 295 1141 362 LXXXVI

789 483 926 571 cia,
986 481 1553 570 coniurationes,
1610 483 2090 580 proditiones,
2151 492 2305 558 toto
2365 507 2457 558 ex
2517 483 2727 574 libro,
2781 507 2863 557 ex
2903 483 3017 557 his

789 609 991 683 velut
1028 608 1355 682 fontibus
1396 607 1809 694 traduntur,
1850 608 2319 707 profluxisse,
2361 633 2550 708 quae
2598 615 2856 708 postea
2888 617 3017 683 tor-

787 735 1021 810 rentis
1059 734 1297 810 instar
1327 743 1523 810 totas
1561 737 1988 835 provincias
2019 737 2483 828 inundarunt,
2507 737 3017 814 deformatunt.

786 861 997 936 Haec
1035 870 1109 936 et
1164 861 1316 936 alia
1371 861 1445 935 id
1502 884 1743 957 genus
1808 863 2191 938 innumera
2250 873 2462 939 erunt
2517 863 2641 937 hic
2704 861 3023 958 legenda.

794 988 1030 1065 Porro
1088 989 1184 1064 ad
1241 988 1596 1063 rationem
1657 988 1875 1065 huius
1932 990 2070 1064 mei
2147 990 2409 1087 scripti
2477 990 2670 1087 quod
2745 990 3026 1077 adtinet,

796 1115 1300 1191 Serenissime
1361 1116 1742 1215 Princeps,
1784 1116 1984 1191 absit
2039 1126 2118 1191 ut
2173 1117 2358 1192 tant-i
2396 1117 2560 1191 Viri
2608 1123 2682 1193 et
2739 1115 3028 1190 Antisti·

795 1244 896 1318 tis
975 1243 1561 1340 elegantissimis
1635 1241 1936 1339 scriptis
2013 1242 2541 1318 dedicatoriam
2618 1243 3028 1340 praefigam.

789 1370 1011 1445 Haud
1051 1392 1165 1443 me
1203 1366 1339 1442 tali
1377 1368 1644 1464 dignor
1691 1368 1997 1442 honore.
2042 1366 2227 1458 Erit,
2268 1368 2446 1458 scio,
2485 1392 2530 1442 a
2568 1367 2734 1458 fide,
2774 1391 3031 1463 magna

791 1519 974 1570 sane
1034 1504 1106 1570 et
1146 1471 1551 1593 praecipua
1599 1495 1674 1568 in
1733 1494 2112 1570 Historico
2152 1494 2443 1584 virtute,
2485 1491 2887 1570 Serenitati
2920 1516 3030 1569 ve-

792 1632 996 1698 strae
1054 1621 1625 1697 commendatus.
1688 1619 1837 1696 Sed
1877 1645 2039 1696 cum
2076 1644 2269 1696 anno
2308 1621 2692 1721 superiore
2733 1618 2851 1695 vir
2890 1620 3034 1718 qui·

787 1751 955 1823 dam
997 1745 1266 1821 nobilis
1324 1770 1417 1820 ex
1478 1746 2007 1821 Familiaribus
2067 1747 2408 1845 Inclytae
2461 1746 2702 1821 Aulae
2759 1743 3035 1820 Sereni·

785 1873 963 1949 tatis
1003 1874 1327 1949 Vestrae
1368 1873 1565 1972 apud
1605 1897 1720 1948 me
1760 1874 1877 1948 hic
1918 1870 2330 1949 Cassoviae
2369 1873 2700 1948 existens
2739 1872 2809 1946 in
2857 1873 3036 1947 hunc

789 2006 1189 2093 auctorem,
1230 2023 1444 2098 quem
1483 2028 1506 2074 z
1531 2008 1708 2075 ntea
1765 2024 2131 2098 uunquam
2177 2000 2487 2081 viderat.
2528 2000 2929 2088 incidisset,
2966 2005 3035 2072 et

782 2127 858 2201 in
919 2125 1521 2202 Transilvaniam
1598 2148 1949 2201 reversus
2006 2123 2403 2201 Serenitati
2460 2125 2783 2201 Vestrae
2856 2148 3034 2201 com·

786 2253 1234 2343 mendasset‚
1277 2251 1434 2327 eius
1475 2252 1847 2327 desiderio
1891 2251 2381 2328 Serenitatem
2422 2252 2772 2327 Vestram
2808 2251 3036 2327 teneri

788 2380 1179 2478 aliquoties
1254 2378 1657 2468 intimavit,
1716 2386 1938 2476 atque
2014 2379 2107 2452 ad
2187 2378 2750 2454 describendum
2808 2377 3032 2454 literi-

785 2506 940 2581 suis
979 2506 1316 2580 hortatus
1373 2513 1506 2580 est.
1566 2504 1808 2580 Huius
1866 2505 2058 2580 enim
2115 2513 2263 2580 tam
2313 2504 2631 2601 insignis
2674 2503 3038 2590 Auctoris,

785 2641 861 2706 et
932 2631 1023 2705 de
1100 2639 1323 2728 gente
1399 2639 1660 2706 nostra
1738 2632 2194 2707 meritissimi
2285 2632 2600 2732 scripta,
2680 2631 2803 2704 vix
2879 2630 3037 2719 tria,

787 2765 1204 2853 quatuorve
1245 2757 1480 2853 (quod
1538 2758 1807 2846 sciam)
1869 2758 2327 2855 exemplaria
2383 2757 2890 2855 manuscripta
2947 2756 3037 2830 ab

786 2883 1083 2958 interitu
1142 2882 1531 2957 vindicant.
1595 2884 1855 2981 ltaque
1896 2885 2159 2982 partim
2211 2885 2454 2962 studio
2496 2884 2818 2959 demisse
2857 2905 3040 2956 com-

785 3008 1124 3108 placendi
1203 3008 1600 3086 Serenitati
1664 3009 2022 3086 Vestrae.
2103 3012 2369 3106 partim
2451 3033 2666 3101 vem,
2726 3019 2808 3083 nt
2880 3006 3038 3084 usui

787 3136 1265 3234 plurimorum
1324 3136 1443 3210 hic
1501 3144 1758 3211 auctor
1833 3137 2351 3233 evulgaretur‚
2410 3161 2550 3212 non
2627 3134 3038 3231 subterfugi

785 3262 1143 3351 laborem,
1182 3261 1316 3335 sed
1357 3261 1807 3360 descriptum
1848 3260 2252 3339 Serenitati
2281 3264 2598 3339 Vestrae
2638 3260 3037 3336 transmisi.

785 3390 1063 3480 Porro,
1125 3397 1204 3465 ut
1260 3392 1453 3465 hanc
1510 3413 1746 3465 meam
1804 3391 2443 3488 compellationem
2520 3388 3041 3464 observantiae

785 3542 993 3594 meae
1031 3517 1450 3594 submissae
1508 3526 1773 3592 testem
1816 3513 2198 3592 Serenitas
2236 3518 2514 3594 Vestra
2560 3515 2884 3609 benigne
2923 3514 3041 3590 ad-

788 3646 1078 3720 mittere
1136 3656 1360 3742 atque
1419 3645 1743 3742 probare
1801 3643 2166 3738 dignetur,
2226 3643 2546 3717 demisse
2602 3661 2753 3714 oro.
2836 3641 3043 3715 Deus

786 3768 1130 3866 Optimus
1207 3768 1572 3843 Maximus
1661 3776 2051 3842 conservet
2127 3765 2615 3843 Serenitatem
2692 3767 3039 3843 Vestram

784 3892 1194 3971 diutissime
1243 3894 1695 3969 incolumem.
1758 3891 2192 3985 Cassoviae,
2254 3894 2490 3969 Nonis
2549 3892 2744 3967 Iulii.
2829 3894 3041 3969 Anno

789 4017 1085 4095 Domini
1129 4018 1580 4096 MDCXIX.

1004 4141 1448 4221 Serenitatis
1488 4146 1809 4222 Vestrae

2188 4212 2621 4265 Subiectissimus
2649 4212 2832 4263 Cliens

2197 4304 2578 4406 Casparus
2619 4306 2830 4380 Tasi.

789 4436 1059 4507 (Brodetie
1088 4437 1257 4486 Dobai
1287 4438 1509 4506 Szekely
1540 4444 1749 4495 samuel
1792 4445 2263 4509 gytijtemenyeben
2291 4448 2416 4497 volt.
2456 4448 2647 4497 Kiadtn
2688 4446 2911 4498 bibit-an
2945 4448 3039 4496 Ho-

1258 4524 1424 4589 rfinyi.
1454 4530 1525 4581 ltt
1548 4534 1676 4583 ffibb
1704 4533 1937 4582 codexek
1967 4531 2295 4583 osszevetese
2324 4535 2575 4600 alnpjfin).
