3293 5219
2365 310 2520 386 279

257 525 812 625 pacificatorem
851 525 1048 621 apud
1084 532 1374 621 patrem
1414 530 1871 619 assumptum
1892 525 2237 621 speciosa
2275 535 2516 601 osten-

254 665 491 748 tasse,
530 676 722 728 nunc
759 651 1050 728 occulta
1070 651 1241 726 odia
1277 673 1636 748 promere.
1698 651 1802 726 At
1838 675 2102 726 caesar
2157 652 2232 725 in
2272 653 2514 727 animo

255 781 693 872 destinarat,
792 778 1445 876 quomodocunque
1538 778 1937 852 vindictam
2032 800 2358 872 sumere余
2436 790 2510 854 et

253 915 494 998 erant,
552 905 677 1003 qui
733 904 1033 981 libellos
1091 911 1559 1002 spargerent,
1619 905 1829 1001 queis
1885 905 2086 979 facta
2138 904 2507 980 Johannis

252 1033 799 1132 praedicarent,
840 1039 1159 1106 econtra
1197 1053 1578 1106 caesarem
1601 1039 2015 1128 carperent,
2091 1031 2513 1130 repertique

251 1161 484 1235 etiam
552 1160 689 1234 sub
749 1158 1069 1249 aulaeis,
1128 1158 1254 1233 ubi
1314 1160 1750 1234 accumbere
1815 1165 2287 1254 consvesset余
2365 1180 2508 1258 quo

248 1289 496 1385 magis
537 1286 1100 1380 accendebatur,
1154 1287 1259 1361 ita
1294 1293 1374 1364 ut
1409 1309 1581 1363 raro
1619 1287 1696 1362 in
1733 1287 2109 1385 publicum
2144 1286 2499 1385 prodiret.

250 1413 756 1490 Nihilominus
797 1411 1264 1487 consiliarios
1300 1434 1630 1509 ungaros
1670 1412 2070 1488 Posonium
2118 1413 2511 1489 convenire

237 1543 485 1636 jubet,
544 1547 618 1615 et
672 1562 923 1614 eorum
996 1538 1359 1636 perquirit
1438 1539 1878 1638 opinionem.
1939 1538 2288 1614 Difficilis
2347 1546 2511 1615 erat

248 1665 689 1764 responsi03
765 1688 935 1739 nam
1031 1688 1124 1739 ex
1218 1665 1407 1739 actis
1503 1665 2172 1740 commissariorum
2248 1664 2507 1738 eadem

249 1791 905 1885 convincebantur3
960 1797 1337 1887 postremo
1376 1798 1621 1865 tamen
1677 1790 1787 1865 ita
1829 1774 2299 1888 responsum:
2357 1789 2505 1863 Pro

245 1919 502 1994 affinis
543 1915 789 1992 officio
848 1940 931 1991 se
970 1917 1258 2013 gratias
1315 1940 1575 2014 agere余
1635 1925 1958 1992 ceterum
2015 1938 2262 1990 coram
2318 1938 2508 1989 com-

242 2043 622 2119 missariis
661 2042 1135 2141 quaestiones
1186 2043 1591 2141 disceptari
1632 2043 2020 2138 debuisse,
2061 2049 2500 2117 conventum

243 2173 341 2246 ab
383 2170 849 2245 adversariis
888 2170 1225 2261 solutum,
1283 2179 1358 2245 et
1412 2171 1799 2245 castellum
1826 2172 1999 2267 jure
2038 2175 2510 2258 exstructum,

239 2307 320 2374 ut
379 2297 867 2374 excursiones
940 2296 1276 2372 Mucacio
1385 2304 1460 2371 et
1513 2296 1836 2371 Husthio
1872 2302 2321 2388 arcerentur,
2356 2290 2512 2368 nul-

240 2423 390 2500 lius
428 2420 832 2522 injuriandi
870 2444 1137 2519 causa余
1173 2422 1448 2497 bellum
1503 2423 1711 2520 prius
1769 2447 1815 2496 a
1851 2421 2191 2497 -Johanne
2225 2419 2510 2495 illatum

242 2575 325 2628 se
384 2551 1014 2650 propulsaturum.
1071 2547 1193 2624 Ad
1248 2550 1657 2626 tollendum
1712 2533 1937 2625 etiam
1997 2570 2280 2622 veneno
2356 2545 2508 2621 ani-

242 2701 445 2754 mum
486 2677 785 2775 adjecit,
822 2675 1121 2773 datique
1160 2683 1330 2751 sunt
1385 2677 1505 2752 bis
1561 2677 1764 2750 mille
1825 2673 2347 2772 quadringenti
2383 2696 2509 2746 nu-

242 2805 342 2880 mi
446 2803 660 2878 aurei
749 2802 1086 2897 Josepho
1162 2803 1520 2896 Macario,
1614 2801 2046 2878 Melchioris
2138 2800 2508 2873 Balassae

244 2928 686 3021 secretario,
727 2928 923 3026 quod
956 2928 1088 3003 isti
1142 2929 1652 3026 exequendum
1675 2931 2183 3025 susceperant.
2225 2923 2513 2998 Eadem

241 3066 543 3134 aestate
581 3055 905 3154 Hispani
953 3053 1390 3152 Pignonum,
1430 3076 1675 3130 arcem
1697 3053 2015 3128 adverso
2054 3051 2303 3126 littore
2339 3046 2512 3123 freti

237 3182 588 3280 gaditani
625 3182 847 3257 situm
885 3182 1048 3256 loco
1089 3179 1309 3275 edito,
1352 3185 1808 3279 expugnant.
