<?xml version="1.0" encoding="UTF-8"?>
<!DOCTYPE html PUBLIC "-//W3C//DTD XHTML 1.0 Transitional//EN"
    "http://www.w3.org/TR/xhtml1/DTD/xhtml1-transitional.dtd">
<html xmlns="http://www.w3.org/1999/xhtml" xml:lang="en" lang="en">
 <head>
  <title>
</title>
<meta http-equiv="Content-Type" content="text/html;charset=utf-8" />
  <meta name='ocr-system' content='tesseract 3.04.00' />
  <meta name='ocr-capabilities' content='ocr_page ocr_carea ocr_par ocr_line ocrx_word'/>
</head>
<body>
  <div class='ocr_page' id='page_1' title='image "./magyarhistorija00bpgoog/magyarhistorija00bpgoog_0260.png"; bbox 0 0 3293 5219; ppageno 0'>
   <div class='ocr_carea' id='block_1_1' title="bbox 783 315 935 394">
    <p class='ocr_par' dir='ltr' id='par_1_1' title="bbox 783 315 935 394">
     <span class='ocr_line' id='line_1_1' title="bbox 783 315 935 394; baseline 0.007 -1"><span class='ocrx_word' id='word_1_1' title='bbox 783 315 935 394; x_wconf 78' lang='lat'><strong>142</strong></span> 
     </span>
    </p>
   </div>
   <div class='ocr_carea' id='block_1_2' title="bbox 778 520 3034 4703">
    <p class='ocr_par' dir='ltr' id='par_1_2' title="bbox 778 520 3034 4703">
     <span class='ocr_line' id='line_1_2' title="bbox 781 520 3025 636; baseline 0 -21"><span class='ocrx_word' id='word_1_2' title='bbox 781 520 1137 636; x_wconf 73' lang='lat' dir='ltr'>postridie</span> <span class='ocrx_word' id='word_1_3' title='bbox 1175 540 1882 630; x_wconf 79' lang='lat' dir='ltr'><strong>demonstraverunt3</strong></span> <span class='ocrx_word' id='word_1_4' title='bbox 1922 566 2114 617; x_wconf 88' lang='lat' dir='ltr'><strong>nam</strong></span> <span class='ocrx_word' id='word_1_5' title='bbox 2154 539 2407 618; x_wconf 83' lang='lat' dir='ltr'><strong>Oazon</strong></span> <span class='ocrx_word' id='word_1_6' title='bbox 2427 544 2657 618; x_wconf 87' lang='lat' dir='ltr'><strong>bassa</strong></span> <span class='ocrx_word' id='word_1_7' title='bbox 2695 565 2856 618; x_wconf 90' lang='lat' dir='ltr'><strong>cum</strong></span> <span class='ocrx_word' id='word_1_8' title='bbox 2895 563 3025 617; x_wconf 85' lang='lat' dir='ltr'><strong>sex</strong></span> 
     </span>
     <span class='ocr_line' id='line_1_3' title="bbox 782 662 3029 766; baseline 0 -24"><span class='ocrx_word' id='word_1_9' title='bbox 782 666 1309 765; x_wconf 81' lang='lat' dir='ltr'>propemodum</span> <span class='ocrx_word' id='word_1_10' title='bbox 1366 665 1690 741; x_wconf 90' lang='lat' dir='ltr'><strong>millibus</strong></span> <span class='ocrx_word' id='word_1_11' title='bbox 1742 666 2317 764; x_wconf 78' lang='lat' dir='ltr'><strong>expeditissimis</strong></span> <span class='ocrx_word' id='word_1_12' title='bbox 2355 662 2752 766; x_wconf 64' lang='lat' dir='ltr'><strong>sequitibus</strong></span> <span class='ocrx_word' id='word_1_13' title='bbox 2791 668 3029 743; x_wconf 87' lang='lat' dir='ltr'><strong>Babo-</strong></span> 
     </span>
     <span class='ocr_line' id='line_1_4' title="bbox 785 792 3031 894; baseline 0 -28"><span class='ocrx_word' id='word_1_14' title='bbox 785 792 996 868; x_wconf 91' lang='lat' dir='ltr'><strong>cham</strong></span> <span class='ocrx_word' id='word_1_15' title='bbox 1054 815 1288 891; x_wconf 91' lang='lat' dir='ltr'><strong>usque</strong></span> <span class='ocrx_word' id='word_1_16' title='bbox 1342 794 1777 890; x_wconf 84' lang='lat' dir='ltr'><strong>praemisso,</strong></span> <span class='ocrx_word' id='word_1_17' title='bbox 1839 817 1980 891; x_wconf 91' lang='lat' dir='ltr'><strong>quo</strong></span> <span class='ocrx_word' id='word_1_18' title='bbox 2040 795 2385 870; x_wconf 88' lang='lat' dir='ltr'><strong>videlicet</strong></span> <span class='ocrx_word' id='word_1_19' title='bbox 2443 795 2779 894; x_wconf 76' lang='lat' dir='ltr'><strong>principi,</strong></span> <span class='ocrx_word' id='word_1_20' title='bbox 2839 794 3031 892; x_wconf 91' lang='lat' dir='ltr'><strong>quod</strong></span> 
     </span>
     <span class='ocr_line' id='line_1_5' title="bbox 783 920 3031 1023; baseline 0.002 -29"><span class='ocrx_word' id='word_1_21' title='bbox 783 926 858 994; x_wconf 90' lang='lat' dir='ltr'><strong>et</strong></span> <span class='ocrx_word' id='word_1_22' title='bbox 894 920 1166 995; x_wconf 84' lang='lat' dir='ltr'><strong>factum</strong></span> <span class='ocrx_word' id='word_1_23' title='bbox 1207 926 1336 1008; x_wconf 75' lang='lat' dir='ltr'><strong>est,</strong></span> <span class='ocrx_word' id='word_1_24' title='bbox 1360 927 1558 995; x_wconf 87' lang='lat' dir='ltr'><strong>totas</strong></span> <span class='ocrx_word' id='word_1_25' title='bbox 1597 920 1796 995; x_wconf 80' lang='lat' dir='ltr'><strong>vires</strong></span> <span class='ocrx_word' id='word_1_26' title='bbox 1836 921 2290 998; x_wconf 89' lang='lat' dir='ltr'><strong>adventuras</strong></span> <span class='ocrx_word' id='word_1_27' title='bbox 2328 923 2884 1020; x_wconf 85' lang='lat' dir='ltr'><strong>persvaderent,</strong></span> <span class='ocrx_word' id='word_1_28' title='bbox 2923 925 3031 1023; x_wconf 88' lang='lat' dir='ltr'><strong>ip-</strong></span> 
     </span>
     <span class='ocr_line' id='line_1_6' title="bbox 785 1046 3026 1146; baseline 0.002 -25"><span class='ocrx_word' id='word_1_29' title='bbox 785 1046 945 1121; x_wconf 89' lang='lat' dir='ltr'><strong>siin</strong></span> <span class='ocrx_word' id='word_1_30' title='bbox 1001 1047 1317 1144; x_wconf 90' lang='lat' dir='ltr'><strong>pristino</strong></span> <span class='ocrx_word' id='word_1_31' title='bbox 1356 1048 1521 1123; x_wconf 92' lang='lat' dir='ltr'><strong>loco</strong></span> <span class='ocrx_word' id='word_1_32' title='bbox 1560 1069 1644 1122; x_wconf 92' lang='lat' dir='ltr'><strong>se</strong></span> <span class='ocrx_word' id='word_1_33' title='bbox 1720 1048 2246 1143; x_wconf 86' lang='lat' dir='ltr'><strong>continuerunt,</strong></span> <span class='ocrx_word' id='word_1_34' title='bbox 2307 1051 2644 1146; x_wconf 84' lang='lat' dir='ltr'><strong>quamvis</strong></span> <span class='ocrx_word' id='word_1_35' title='bbox 2684 1075 2828 1126; x_wconf 88' lang='lat' dir='ltr'><strong>non</strong></span> <span class='ocrx_word' id='word_1_36' title='bbox 2867 1052 3026 1127; x_wconf 91' lang='lat' dir='ltr'><strong>sine</strong></span> 
     </span>
     <span class='ocr_line' id='line_1_7' title="bbox 784 1172 3021 1274; baseline 0.002 -27"><span class='ocrx_word' id='word_1_37' title='bbox 784 1172 1134 1260; x_wconf 90' lang='lat' dir='ltr'><strong>mediocri</strong></span> <span class='ocrx_word' id='word_1_38' title='bbox 1193 1196 1489 1249; x_wconf 89' lang='lat' dir='ltr'><strong>suorum</strong></span> <span class='ocrx_word' id='word_1_39' title='bbox 1537 1177 1837 1270; x_wconf 88' lang='lat' dir='ltr'><strong>jactura</strong></span> <span class='ocrx_word' id='word_1_40' title='bbox 1893 1197 1979 1249; x_wconf 93' lang='lat' dir='ltr'><strong>eo</strong></span> <span class='ocrx_word' id='word_1_41' title='bbox 2053 1176 2547 1273; x_wconf 84' lang='lat' dir='ltr'><strong>pervenerint.</strong></span> <span class='ocrx_word' id='word_1_42' title='bbox 2596 1176 3021 1274; x_wconf 81' lang='lat' dir='ltr'><strong>Zighetien·</strong></span> 
     </span>
     <span class='ocr_line' id='line_1_8' title="bbox 782 1301 3028 1404; baseline 0.002 -30"><span class='ocrx_word' id='word_1_43' title='bbox 782 1323 907 1375; x_wconf 90' lang='lat' dir='ltr'><strong>ses</strong></span> <span class='ocrx_word' id='word_1_44' title='bbox 945 1302 1135 1376; x_wconf 90' lang='lat' dir='ltr'><strong>enim</strong></span> <span class='ocrx_word' id='word_1_45' title='bbox 1172 1301 1248 1376; x_wconf 90' lang='lat' dir='ltr'><strong>in</strong></span> <span class='ocrx_word' id='word_1_46' title='bbox 1288 1324 1576 1396; x_wconf 80' lang='lat' dir='ltr'><strong>agmen,</strong></span> <span class='ocrx_word' id='word_1_47' title='bbox 1617 1326 1759 1399; x_wconf 92' lang='lat' dir='ltr'><strong>quo</strong></span> <span class='ocrx_word' id='word_1_48' title='bbox 1799 1302 2138 1401; x_wconf 86' lang='lat' dir='ltr'><strong>supellex</strong></span> <span class='ocrx_word' id='word_1_49' title='bbox 2178 1304 2484 1380; x_wconf 89' lang='lat' dir='ltr'><strong>barbari</strong></span> <span class='ocrx_word' id='word_1_50' title='bbox 2522 1306 2904 1404; x_wconf 88' lang='lat' dir='ltr'><strong>omnisque</strong></span> <span class='ocrx_word' id='word_1_51' title='bbox 2922 1305 3028 1379; x_wconf 79' lang='lat' dir='ltr'><strong>fe-</strong></span> 
     </span>
     <span class='ocr_line' id='line_1_9' title="bbox 785 1429 3028 1526; baseline 0.001 -24"><span class='ocrx_word' id='word_1_52' title='bbox 785 1452 868 1503; x_wconf 90' lang='lat' dir='ltr'><strong>re</strong></span> <span class='ocrx_word' id='word_1_53' title='bbox 913 1429 1185 1505; x_wconf 88' lang='lat' dir='ltr'><strong>bellica</strong></span> <span class='ocrx_word' id='word_1_54' title='bbox 1242 1453 1435 1525; x_wconf 84' lang='lat' dir='ltr'><strong>gaza</strong></span> <span class='ocrx_word' id='word_1_55' title='bbox 1492 1430 1702 1526; x_wconf 91' lang='lat' dir='ltr'><strong>equis</strong></span> <span class='ocrx_word' id='word_1_56' title='bbox 1740 1431 1930 1506; x_wconf 85' lang='lat' dir='ltr'><strong>inter</strong></span> <span class='ocrx_word' id='word_1_57' title='bbox 1968 1431 2558 1507; x_wconf 85' lang='lat' dir='ltr'><strong>confertissimos</strong></span> <span class='ocrx_word' id='word_1_58' title='bbox 2597 1431 2871 1506; x_wconf 89' lang='lat' dir='ltr'><strong>milites</strong></span> <span class='ocrx_word' id='word_1_59' title='bbox 2908 1455 3028 1505; x_wconf 88' lang='lat' dir='ltr'><strong>ve-</strong></span> 
     </span>
     <span class='ocr_line' id='line_1_10' title="bbox 786 1554 3027 1657; baseline 0.002 -31"><span class='ocrx_word' id='word_1_60' title='bbox 786 1554 1114 1648; x_wconf 88' lang='lat' dir='ltr'><strong>hebatur,</strong></span> <span class='ocrx_word' id='word_1_61' title='bbox 1173 1556 1475 1653; x_wconf 89' lang='lat' dir='ltr'><strong>inopina</strong></span> <span class='ocrx_word' id='word_1_62' title='bbox 1513 1557 1894 1654; x_wconf 88' lang='lat' dir='ltr'><strong>eruptione</strong></span> <span class='ocrx_word' id='word_1_63' title='bbox 1940 1556 2161 1646; x_wconf 84' lang='lat' dir='ltr'><strong>facta,</strong></span> <span class='ocrx_word' id='word_1_64' title='bbox 2202 1561 2616 1657; x_wconf 83' lang='lat' dir='ltr'><strong>complures</strong></span> <span class='ocrx_word' id='word_1_65' title='bbox 2653 1558 3027 1648; x_wconf 89' lang='lat' dir='ltr'><strong>occidere,</strong></span> 
     </span>
     <span class='ocr_line' id='line_1_11' title="bbox 786 1678 3028 1783; baseline 0.004 -31"><span class='ocrx_word' id='word_1_66' title='bbox 786 1678 1187 1776; x_wconf 88' lang='lat' dir='ltr'><strong>plerosque</strong></span> <span class='ocrx_word' id='word_1_67' title='bbox 1227 1688 1301 1755; x_wconf 90' lang='lat' dir='ltr'><strong>et</strong></span> <span class='ocrx_word' id='word_1_68' title='bbox 1355 1681 1543 1755; x_wconf 89' lang='lat' dir='ltr'><strong>inter</strong></span> <span class='ocrx_word' id='word_1_69' title='bbox 1618 1703 1750 1756; x_wconf 94' lang='lat' dir='ltr'><strong>eos</strong></span> <span class='ocrx_word' id='word_1_70' title='bbox 1788 1684 2237 1780; x_wconf 86' lang='lat' dir='ltr'><strong>praefectum</strong></span> <span class='ocrx_word' id='word_1_71' title='bbox 2312 1682 2527 1760; x_wconf 85' lang='lat' dir='ltr'><strong>aulae</strong></span> <span class='ocrx_word' id='word_1_72' title='bbox 2564 1684 3028 1783; x_wconf 82' lang='lat' dir='ltr'><strong>beglerbegi,</strong></span> 
     </span>
     <span class='ocr_line' id='line_1_12' title="bbox 788 1808 3028 1918; baseline 0.004 -39"><span class='ocrx_word' id='word_1_73' title='bbox 788 1808 911 1918; x_wconf 73' lang='lat' dir='ltr'><strong>qui</strong></span> <span class='ocrx_word' id='word_1_74' title='bbox 966 1817 1228 1905; x_wconf 89' lang='lat' dir='ltr'><strong>postea</strong></span> <span class='ocrx_word' id='word_1_75' title='bbox 1265 1808 1520 1882; x_wconf 84' lang='lat' dir='ltr'><strong>Marco</strong></span> <span class='ocrx_word' id='word_1_76' title='bbox 1558 1808 1862 1884; x_wconf 21' lang='lat' dir='ltr'><strong>*Horvat</strong></span> <span class='ocrx_word' id='word_1_77' title='bbox 1923 1811 1996 1883; x_wconf 92' lang='lat' dir='ltr'><strong>in</strong></span> <span class='ocrx_word' id='word_1_78' title='bbox 2054 1812 2394 1894; x_wconf 86' lang='lat' dir='ltr'><strong>auctione</strong></span> <span class='ocrx_word' id='word_1_79' title='bbox 2435 1812 2682 1899; x_wconf 88' lang='lat' dir='ltr'><strong>cessit,</strong></span> <span class='ocrx_word' id='word_1_80' title='bbox 2724 1835 3028 1909; x_wconf 79' lang='lat' dir='ltr'><strong>cepere3</strong></span> 
     </span>
     <span class='ocr_line' id='line_1_13' title="bbox 787 1934 3030 2035; baseline 0.004 -29"><span class='ocrx_word' id='word_1_81' title='bbox 787 1934 1123 2031; x_wconf 91' lang='lat' dir='ltr'><strong>quodque</strong></span> <span class='ocrx_word' id='word_1_82' title='bbox 1163 1937 1400 2031; x_wconf 88' lang='lat' dir='ltr'><strong>majus</strong></span> <span class='ocrx_word' id='word_1_83' title='bbox 1421 1944 1556 2024; x_wconf 92' lang='lat' dir='ltr'><strong>est,</strong></span> <span class='ocrx_word' id='word_1_84' title='bbox 1578 1936 1840 2031; x_wconf 80' lang='lat' dir='ltr'><strong>viginti</strong></span> <span class='ocrx_word' id='word_1_85' title='bbox 1862 1938 2177 2034; x_wconf 88' lang='lat' dir='ltr'><strong>quinque</strong></span> <span class='ocrx_word' id='word_1_86' title='bbox 2216 1938 2797 2035; x_wconf 79' lang='lat' dir='ltr'><strong>circiter-equos,</strong></span> <span class='ocrx_word' id='word_1_87' title='bbox 2824 1946 3030 2014; x_wconf 87' lang='lat' dir='ltr'><strong>veste</strong></span> 
     </span>
     <span class='ocr_line' id='line_1_14' title="bbox 788 2060 3029 2163; baseline 0.002 -29"><span class='ocrx_word' id='word_1_88' title='bbox 788 2060 1121 2157; x_wconf 90' lang='lat' dir='ltr'><strong>pretiosa</strong></span> <span class='ocrx_word' id='word_1_89' title='bbox 1177 2083 1503 2158; x_wconf 89' lang='lat' dir='ltr'><strong>auroque</strong></span> <span class='ocrx_word' id='word_1_90' title='bbox 1577 2071 1651 2136; x_wconf 88' lang='lat' dir='ltr'><strong>et</strong></span> <span class='ocrx_word' id='word_1_91' title='bbox 1706 2072 2018 2158; x_wconf 86' lang='lat' dir='ltr'><strong>argento</strong></span> <span class='ocrx_word' id='word_1_92' title='bbox 2059 2073 2363 2139; x_wconf 90' lang='lat' dir='ltr'><strong>onustos</strong></span> <span class='ocrx_word' id='word_1_93' title='bbox 2403 2064 2771 2152; x_wconf 85' lang='lat' dir='ltr'><strong>ademere,</strong></span> <span class='ocrx_word' id='word_1_94' title='bbox 2820 2088 3029 2163; x_wconf 87' lang='lat' dir='ltr'><strong>prae-</strong></span> 
     </span>
     <span class='ocr_line' id='line_1_15' title="bbox 786 2187 3021 2288; baseline 0 -25"><span class='ocrx_word' id='word_1_95' title='bbox 786 2188 951 2264; x_wconf 89' lang='lat' dir='ltr'><strong>dam</strong></span> <span class='ocrx_word' id='word_1_96' title='bbox 989 2190 1178 2265; x_wconf 92' lang='lat' dir='ltr'><strong>inter</strong></span> <span class='ocrx_word' id='word_1_97' title='bbox 1214 2213 1298 2265; x_wconf 91' lang='lat' dir='ltr'><strong>se</strong></span> <span class='ocrx_word' id='word_1_98' title='bbox 1352 2188 1693 2264; x_wconf 86' lang='lat' dir='ltr'><strong>divisere.</strong></span> <span class='ocrx_word' id='word_1_99' title='bbox 1769 2187 2125 2288; x_wconf 88' lang='lat' dir='ltr'><strong>Princeps</strong></span> <span class='ocrx_word' id='word_1_100' title='bbox 2166 2189 2415 2264; x_wconf 90' lang='lat' dir='ltr'><strong>audito</strong></span> <span class='ocrx_word' id='word_1_101' title='bbox 2458 2187 2712 2265; x_wconf 85' lang='lat' dir='ltr'><strong>Cazon</strong></span> <span class='ocrx_word' id='word_1_102' title='bbox 2749 2192 3021 2265; x_wconf 86' lang='lat' dir='ltr'><strong>bassae</strong></span> 
     </span>
     <span class='ocr_line' id='line_1_16' title="bbox 788 2313 3028 2416; baseline -0.002 -23"><span class='ocrx_word' id='word_1_103' title='bbox 788 2340 1223 2416; x_wconf 86' lang='lat' dir='ltr'><strong>progressu,</strong></span> <span class='ocrx_word' id='word_1_104' title='bbox 1281 2322 1536 2391; x_wconf 88' lang='lat' dir='ltr'><strong>coacto</strong></span> <span class='ocrx_word' id='word_1_105' title='bbox 1596 2341 1640 2388; x_wconf 81' lang='lat' dir='ltr'><strong>a</strong></span> <span class='ocrx_word' id='word_1_106' title='bbox 1677 2314 1988 2413; x_wconf 82' lang='lat' dir='ltr'><strong>prandio</strong></span> <span class='ocrx_word' id='word_1_107' title='bbox 2062 2316 2435 2390; x_wconf 88' lang='lat' dir='ltr'><strong>seniorum</strong></span> <span class='ocrx_word' id='word_1_108' title='bbox 2508 2316 2815 2391; x_wconf 87' lang='lat' dir='ltr'><strong>consilio</strong></span> <span class='ocrx_word' id='word_1_109' title='bbox 2855 2313 3028 2412; x_wconf 91' lang='lat' dir='ltr'><strong>(tum</strong></span> 
     </span>
     <span class='ocr_line' id='line_1_17' title="bbox 789 2441 3030 2542; baseline 0 -23"><span class='ocrx_word' id='word_1_110' title='bbox 789 2445 978 2519; x_wconf 93' lang='lat' dir='ltr'><strong>enim</strong></span> <span class='ocrx_word' id='word_1_111' title='bbox 1017 2445 1437 2542; x_wconf 89' lang='lat' dir='ltr'><strong>speculator</strong></span> <span class='ocrx_word' id='word_1_112' title='bbox 1476 2441 1910 2540; x_wconf 87' lang='lat' dir='ltr'><strong>advenerat)</strong></span> <span class='ocrx_word' id='word_1_113' title='bbox 1934 2444 2108 2541; x_wconf 90' lang='lat' dir='ltr'><strong>quid</strong></span> <span class='ocrx_word' id='word_1_114' title='bbox 2124 2445 2323 2518; x_wconf 87' lang='lat' dir='ltr'><strong>facto</strong></span> <span class='ocrx_word' id='word_1_115' title='bbox 2346 2466 2532 2542; x_wconf 90' lang='lat' dir='ltr'><strong>opus</strong></span> <span class='ocrx_word' id='word_1_116' title='bbox 2571 2445 2689 2535; x_wconf 85' lang='lat' dir='ltr'><strong>sit,</strong></span> <span class='ocrx_word' id='word_1_117' title='bbox 2727 2445 3030 2520; x_wconf 79' lang='lat' dir='ltr'><strong>investi-</strong></span> 
     </span>
     <span class='ocr_line' id='line_1_18' title="bbox 790 2570 3029 2671; baseline -0 -24"><span class='ocrx_word' id='word_1_118' title='bbox 790 2581 941 2670; x_wconf 87' lang='lat' dir='ltr'><strong>gat:</strong></span> <span class='ocrx_word' id='word_1_119' title='bbox 1000 2570 1565 2671; x_wconf 89' lang='lat' dir='ltr'><strong>conclusumque</strong></span> <span class='ocrx_word' id='word_1_120' title='bbox 1619 2582 1755 2661; x_wconf 86' lang='lat' dir='ltr'><strong>est,</strong></span> <span class='ocrx_word' id='word_1_121' title='bbox 1816 2581 1891 2646; x_wconf 89' lang='lat' dir='ltr'><strong>ut</strong></span> <span class='ocrx_word' id='word_1_122' title='bbox 1927 2580 2320 2669; x_wconf 87' lang='lat' dir='ltr'><strong>postquam</strong></span> <span class='ocrx_word' id='word_1_123' title='bbox 2359 2572 2563 2648; x_wconf 88' lang='lat' dir='ltr'><strong>locus</strong></span> <span class='ocrx_word' id='word_1_124' title='bbox 2600 2572 2666 2648; x_wconf 94' lang='lat' dir='ltr'><strong>is</strong></span> <span class='ocrx_word' id='word_1_125' title='bbox 2706 2594 2870 2646; x_wconf 89' lang='lat' dir='ltr'><strong>cum</strong></span> <span class='ocrx_word' id='word_1_126' title='bbox 2908 2597 3029 2647; x_wconf 84' lang='lat' dir='ltr'><strong>na-</strong></span> 
     </span>
     <span class='ocr_line' id='line_1_19' title="bbox 784 2699 3030 2799; baseline -0.001 -25"><span class='ocrx_word' id='word_1_127' title='bbox 784 2707 953 2774; x_wconf 86' lang='lat' dir='ltr'><strong>tura</strong></span> <span class='ocrx_word' id='word_1_128' title='bbox 1008 2701 1105 2775; x_wconf 88' lang='lat' dir='ltr'><strong>sit</strong></span> <span class='ocrx_word' id='word_1_129' title='bbox 1140 2699 1493 2792; x_wconf 90' lang='lat' dir='ltr'><strong>infirmus,</strong></span> <span class='ocrx_word' id='word_1_130' title='bbox 1553 2709 1703 2774; x_wconf 89' lang='lat' dir='ltr'><strong>tum</strong></span> <span class='ocrx_word' id='word_1_131' title='bbox 1740 2708 2047 2798; x_wconf 87' lang='lat' dir='ltr'><strong>propter</strong></span> <span class='ocrx_word' id='word_1_132' title='bbox 2084 2724 2323 2798; x_wconf 88' lang='lat' dir='ltr'><strong>aquae</strong></span> <span class='ocrx_word' id='word_1_133' title='bbox 2361 2700 2762 2799; x_wconf 87' lang='lat' dir='ltr'><strong>pabulique</strong></span> <span class='ocrx_word' id='word_1_134' title='bbox 2799 2700 3030 2797; x_wconf 91' lang='lat' dir='ltr'><strong>inopi-</strong></span> 
     </span>
     <span class='ocr_line' id='line_1_20' title="bbox 790 2824 3032 2919; baseline -0.001 -18"><span class='ocrx_word' id='word_1_135' title='bbox 790 2851 906 2901; x_wconf 92' lang='lat' dir='ltr'><strong>am</strong></span> <span class='ocrx_word' id='word_1_136' title='bbox 999 2826 1094 2901; x_wconf 92' lang='lat' dir='ltr'><strong>ad</strong></span> <span class='ocrx_word' id='word_1_137' title='bbox 1150 2824 1653 2900; x_wconf 88' lang='lat' dir='ltr'><strong>sustinendum</strong></span> <span class='ocrx_word' id='word_1_138' title='bbox 1710 2824 1996 2900; x_wconf 91' lang='lat' dir='ltr'><strong>hostem</strong></span> <span class='ocrx_word' id='word_1_139' title='bbox 2045 2824 2433 2919; x_wconf 84' lang='lat' dir='ltr'><strong>infirmior,</strong></span> <span class='ocrx_word' id='word_1_140' title='bbox 2489 2828 2686 2902; x_wconf 90' lang='lat' dir='ltr'><strong>ultra</strong></span> <span class='ocrx_word' id='word_1_141' title='bbox 2741 2827 3032 2903; x_wconf 86' lang='lat' dir='ltr'><strong>Muram</strong></span> 
     </span>
     <span class='ocr_line' id='line_1_21' title="bbox 787 2952 3030 3051; baseline -0.002 -22"><span class='ocrx_word' id='word_1_142' title='bbox 787 2975 1074 3049; x_wconf 89' lang='lat' dir='ltr'><strong>amnem</strong></span> <span class='ocrx_word' id='word_1_143' title='bbox 1129 2961 1380 3028; x_wconf 88' lang='lat' dir='ltr'><strong>castra</strong></span> <span class='ocrx_word' id='word_1_144' title='bbox 1434 2953 1783 3043; x_wconf 85' lang='lat' dir='ltr'><strong>locentur,</strong></span> <span class='ocrx_word' id='word_1_145' title='bbox 1822 2952 1926 3047; x_wconf 87' lang='lat' dir='ltr'><strong>ibi</strong></span> <span class='ocrx_word' id='word_1_146' title='bbox 1963 2962 2263 3050; x_wconf 90' lang='lat' dir='ltr'><strong>praeter</strong></span> <span class='ocrx_word' id='word_1_147' title='bbox 2302 2954 2794 3044; x_wconf 88' lang='lat' dir='ltr'><strong>securitatem,</strong></span> <span class='ocrx_word' id='word_1_148' title='bbox 2835 2953 3030 3051; x_wconf 90' lang='lat' dir='ltr'><strong>copi-</strong></span> 
     </span>
     <span class='ocr_line' id='line_1_22' title="bbox 794 3081 3032 3179; baseline 0 -24"><span class='ocrx_word' id='word_1_149' title='bbox 794 3105 912 3156; x_wconf 93' lang='lat' dir='ltr'><strong>am</strong></span> <span class='ocrx_word' id='word_1_150' title='bbox 934 3102 1220 3179; x_wconf 91' lang='lat' dir='ltr'><strong>quoque</strong></span> <span class='ocrx_word' id='word_1_151' title='bbox 1241 3104 1482 3156; x_wconf 89' lang='lat' dir='ltr'><strong>rerum</strong></span> <span class='ocrx_word' id='word_1_152' title='bbox 1504 3081 1839 3172; x_wconf 90' lang='lat' dir='ltr'><strong>omnium,</strong></span> <span class='ocrx_word' id='word_1_153' title='bbox 1861 3081 2262 3157; x_wconf 84' lang='lat' dir='ltr'><strong>exercitum</strong></span> <span class='ocrx_word' id='word_1_154' title='bbox 2283 3081 2560 3157; x_wconf 87' lang='lat' dir='ltr'><strong>affatim</strong></span> <span class='ocrx_word' id='word_1_155' title='bbox 2596 3081 3032 3170; x_wconf 88' lang='lat' dir='ltr'><strong>habiturum,</strong></span> 
     </span>
     <span class='ocr_line' id='line_1_23' title="bbox 789 3207 3031 3301; baseline -0.002 -18"><span class='ocrx_word' id='word_1_156' title='bbox 789 3216 865 3283; x_wconf 94' lang='lat' dir='ltr'><strong>et</strong></span> <span class='ocrx_word' id='word_1_157' title='bbox 898 3207 1067 3283; x_wconf 92' lang='lat' dir='ltr'><strong>inde</strong></span> <span class='ocrx_word' id='word_1_158' title='bbox 1104 3208 1474 3283; x_wconf 90' lang='lat' dir='ltr'><strong>commode</strong></span> <span class='ocrx_word' id='word_1_159' title='bbox 1495 3207 1825 3284; x_wconf 91' lang='lat' dir='ltr'><strong>consiliis</strong></span> <span class='ocrx_word' id='word_1_160' title='bbox 1844 3207 2242 3282; x_wconf 90' lang='lat' dir='ltr'><strong>hostilibus</strong></span> <span class='ocrx_word' id='word_1_161' title='bbox 2271 3231 2483 3301; x_wconf 83' lang='lat' dir='ltr'><strong>exre</strong></span> <span class='ocrx_word' id='word_1_162' title='bbox 2518 3216 2699 3283; x_wconf 89' lang='lat' dir='ltr'><strong>nata</strong></span> <span class='ocrx_word' id='word_1_163' title='bbox 2737 3208 3031 3282; x_wconf 85' lang='lat' dir='ltr'><strong>obviam</strong></span> 
     </span>
     <span class='ocr_line' id='line_1_24' title="bbox 785 3333 3025 3432; baseline -0.001 -25"><span class='ocrx_word' id='word_1_164' title='bbox 785 3333 878 3408; x_wconf 93' lang='lat' dir='ltr'><strong>iri</strong></span> <span class='ocrx_word' id='word_1_165' title='bbox 914 3356 1157 3432; x_wconf 87' lang='lat' dir='ltr'><strong>posse.</strong></span> <span class='ocrx_word' id='word_1_166' title='bbox 1188 3334 1434 3409; x_wconf 91' lang='lat' dir='ltr'><strong>Edicit</strong></span> <span class='ocrx_word' id='word_1_167' title='bbox 1469 3342 1713 3409; x_wconf 90' lang='lat' dir='ltr'><strong>tamen</strong></span> <span class='ocrx_word' id='word_1_168' title='bbox 1752 3334 2098 3431; x_wconf 89' lang='lat' dir='ltr'><strong>princeps</strong></span> <span class='ocrx_word' id='word_1_169' title='bbox 2139 3334 2580 3425; x_wconf 90' lang='lat' dir='ltr'><strong>senioribus,</strong></span> <span class='ocrx_word' id='word_1_170' title='bbox 2618 3340 2698 3408; x_wconf 88' lang='lat' dir='ltr'><strong>ut</strong></span> <span class='ocrx_word' id='word_1_171' title='bbox 2737 3340 3025 3409; x_wconf 89' lang='lat' dir='ltr'><strong>secreto</strong></span> 
     </span>
     <span class='ocr_line' id='line_1_25' title="bbox 784 3460 3026 3557; baseline -0 -22"><span class='ocrx_word' id='word_1_172' title='bbox 784 3484 939 3536; x_wconf 90' lang='lat' dir='ltr'><strong>rem</strong></span> <span class='ocrx_word' id='word_1_173' title='bbox 975 3462 1166 3536; x_wconf 89' lang='lat' dir='ltr'><strong>hanc</strong></span> <span class='ocrx_word' id='word_1_174' title='bbox 1181 3461 1367 3536; x_wconf 86' lang='lat' dir='ltr'><strong>foris</strong></span> <span class='ocrx_word' id='word_1_175' title='bbox 1387 3460 1729 3550; x_wconf 89' lang='lat' dir='ltr'><strong>habeant,</strong></span> <span class='ocrx_word' id='word_1_176' title='bbox 1771 3460 1943 3557; x_wconf 86' lang='lat' dir='ltr'><strong>quin</strong></span> <span class='ocrx_word' id='word_1_177' title='bbox 1966 3461 2502 3536; x_wconf 88' lang='lat' dir='ltr'><strong>dimicationem</strong></span> <span class='ocrx_word' id='word_1_178' title='bbox 2522 3460 2688 3536; x_wconf 90' lang='lat' dir='ltr'><strong>Deo</strong></span> <span class='ocrx_word' id='word_1_179' title='bbox 2728 3461 3026 3536; x_wconf 88' lang='lat' dir='ltr'><strong>volunte</strong></span> 
     </span>
     <span class='ocr_line' id='line_1_26' title="bbox 788 3586 3030 3688; baseline -0.001 -25"><span class='ocrx_word' id='word_1_180' title='bbox 788 3589 1145 3688; x_wconf 91' lang='lat' dir='ltr'><strong>postridie</strong></span> <span class='ocrx_word' id='word_1_181' title='bbox 1165 3590 1484 3665; x_wconf 84' lang='lat' dir='ltr'><strong>futuram</strong></span> <span class='ocrx_word' id='word_1_182' title='bbox 1503 3591 1796 3664; x_wconf 88' lang='lat' dir='ltr'><strong>alacres</strong></span> <span class='ocrx_word' id='word_1_183' title='bbox 1819 3596 2201 3686; x_wconf 86' lang='lat' dir='ltr'><strong>spargant.</strong></span> <span class='ocrx_word' id='word_1_184' title='bbox 2242 3586 2458 3679; x_wconf 85' lang='lat' dir='ltr'><strong>Quod</strong></span> <span class='ocrx_word' id='word_1_185' title='bbox 2493 3588 2602 3663; x_wconf 92' lang='lat' dir='ltr'><strong>illi</strong></span> <span class='ocrx_word' id='word_1_186' title='bbox 2639 3587 3030 3686; x_wconf 89' lang='lat' dir='ltr'><strong>praecipiti</strong></span> 
     </span>
     <span class='ocr_line' id='line_1_27' title="bbox 778 3715 3033 3813; baseline -0.001 -22"><span class='ocrx_word' id='word_1_187' title='bbox 778 3719 936 3813; x_wconf 88' lang='lat' dir='ltr'><strong>jam</strong></span> <span class='ocrx_word' id='word_1_188' title='bbox 957 3716 1117 3795; x_wconf 88' lang='lat' dir='ltr'><strong>sole</strong></span> <span class='ocrx_word' id='word_1_189' title='bbox 1156 3724 1416 3791; x_wconf 89' lang='lat' dir='ltr'><strong>senatu</strong></span> <span class='ocrx_word' id='word_1_190' title='bbox 1456 3715 1920 3808; x_wconf 83' lang='lat' dir='ltr'><strong>excedentes,</strong></span> <span class='ocrx_word' id='word_1_191' title='bbox 1942 3715 2066 3790; x_wconf 91' lang='lat' dir='ltr'><strong>ubi</strong></span> <span class='ocrx_word' id='word_1_192' title='bbox 2102 3716 2295 3790; x_wconf 91' lang='lat' dir='ltr'><strong>inter</strong></span> <span class='ocrx_word' id='word_1_193' title='bbox 2312 3715 2580 3789; x_wconf 89' lang='lat' dir='ltr'><strong>milites</strong></span> <span class='ocrx_word' id='word_1_194' title='bbox 2605 3715 3033 3812; x_wconf 82' lang='lat' dir='ltr'><strong>divulgave-</strong></span> 
     </span>
     <span class='ocr_line' id='line_1_28' title="bbox 792 3841 3034 3939; baseline -0.002 -20"><span class='ocrx_word' id='word_1_195' title='bbox 792 3869 873 3919; x_wconf 88' lang='lat' dir='ltr'><strong>re</strong></span> <span class='ocrx_word' id='word_1_196' title='bbox 894 3873 910 3917; x_wconf 76' lang='grc' dir='ltr'>ε</span> <span class='ocrx_word' id='word_1_197' title='bbox 951 3844 1297 3919; x_wconf 91' lang='lat' dir='ltr'><strong>mirificus</strong></span> <span class='ocrx_word' id='word_1_198' title='bbox 1319 3843 1623 3917; x_wconf 89' lang='lat' dir='ltr'><strong>militum</strong></span> <span class='ocrx_word' id='word_1_199' title='bbox 1643 3842 1929 3918; x_wconf 88' lang='lat' dir='ltr'><strong>animos</strong></span> <span class='ocrx_word' id='word_1_200' title='bbox 1949 3841 2046 3916; x_wconf 90' lang='lat' dir='ltr'><strong>ad</strong></span> <span class='ocrx_word' id='word_1_201' title='bbox 2062 3841 2453 3917; x_wconf 89' lang='lat' dir='ltr'><strong>ineundam</strong></span> <span class='ocrx_word' id='word_1_202' title='bbox 2473 3864 2796 3939; x_wconf 81' lang='lat' dir='ltr'><strong>pugnam</strong></span> <span class='ocrx_word' id='word_1_203' title='bbox 2817 3842 3034 3937; x_wconf 81' lang='lat' dir='ltr'><strong>vigor</strong></span> 
     </span>
     <span class='ocr_line' id='line_1_29' title="bbox 792 3970 3031 4072; baseline -0 -26"><span class='ocrx_word' id='word_1_204' title='bbox 792 3973 1117 4048; x_wconf 89' lang='lat' dir='ltr'><strong>incessit.</strong></span> <span class='ocrx_word' id='word_1_205' title='bbox 1175 3972 1278 4047; x_wconf 92' lang='lat' dir='ltr'><strong>At</strong></span> <span class='ocrx_word' id='word_1_206' title='bbox 1313 3972 1440 4047; x_wconf 91' lang='lat' dir='ltr'><strong>ubi</strong></span> <span class='ocrx_word' id='word_1_207' title='bbox 1474 3980 1778 4072; x_wconf 88' lang='lat' dir='ltr'><strong>postera</strong></span> <span class='ocrx_word' id='word_1_208' title='bbox 1833 3970 1953 4044; x_wconf 91' lang='lat' dir='ltr'><strong>die</strong></span> <span class='ocrx_word' id='word_1_209' title='bbox 1987 3971 2466 4046; x_wconf 90' lang='lat' dir='ltr'><strong>illucescente</strong></span> <span class='ocrx_word' id='word_1_210' title='bbox 2495 3971 2816 4045; x_wconf 86' lang='lat' dir='ltr'><strong>tentoria</strong></span> <span class='ocrx_word' id='word_1_211' title='bbox 2843 3993 3031 4068; x_wconf 86' lang='lat' dir='ltr'><strong>pau-</strong></span> 
     </span>
     <span class='ocr_line' id='line_1_30' title="bbox 791 4095 3024 4195; baseline -0.003 -21"><span class='ocrx_word' id='word_1_212' title='bbox 791 4100 999 4174; x_wconf 89' lang='lat' dir='ltr'><strong>latim</strong></span> <span class='ocrx_word' id='word_1_213' title='bbox 1032 4100 1210 4177; x_wconf 85' lang='lat' dir='ltr'><strong>totis</strong></span> <span class='ocrx_word' id='word_1_214' title='bbox 1250 4100 1519 4175; x_wconf 89' lang='lat' dir='ltr'><strong>castris</strong></span> <span class='ocrx_word' id='word_1_215' title='bbox 1559 4100 1772 4195; x_wconf 85' lang='lat' dir='ltr'><strong>demi,</strong></span> <span class='ocrx_word' id='word_1_216' title='bbox 1794 4097 2158 4173; x_wconf 90' lang='lat' dir='ltr'><strong>sarcinam</strong></span> <span class='ocrx_word' id='word_1_217' title='bbox 2201 4119 2484 4172; x_wconf 89' lang='lat' dir='ltr'><strong>omnem</strong></span> <span class='ocrx_word' id='word_1_218' title='bbox 2513 4096 2867 4193; x_wconf 83' lang='lat' dir='ltr'><strong>jumentis</strong></span> <span class='ocrx_word' id='word_1_219' title='bbox 2903 4095 3024 4169; x_wconf 89' lang='lat' dir='ltr'><strong>im·</strong></span> 
     </span>
     <span class='ocr_line' id='line_1_31' title="bbox 792 4221 3027 4324; baseline -0.004 -22"><span class='ocrx_word' id='word_1_220' title='bbox 792 4225 968 4324; x_wconf 89' lang='lat' dir='ltr'><strong>poni</strong></span> <span class='ocrx_word' id='word_1_221' title='bbox 1006 4226 1277 4318; x_wconf 86' lang='lat' dir='ltr'><strong>vident,</strong></span> <span class='ocrx_word' id='word_1_222' title='bbox 1335 4227 1519 4303; x_wconf 89' lang='lat' dir='ltr'><strong>adeo</strong></span> <span class='ocrx_word' id='word_1_223' title='bbox 1595 4226 1836 4302; x_wconf 91' lang='lat' dir='ltr'><strong>subito</strong></span> <span class='ocrx_word' id='word_1_224' title='bbox 1873 4226 2137 4301; x_wconf 92' lang='lat' dir='ltr'><strong>timore</strong></span> <span class='ocrx_word' id='word_1_225' title='bbox 2175 4224 2501 4322; x_wconf 89' lang='lat' dir='ltr'><strong>perculsi</strong></span> <span class='ocrx_word' id='word_1_226' title='bbox 2538 4230 2729 4315; x_wconf 88' lang='lat' dir='ltr'><strong>sunt,</strong></span> <span class='ocrx_word' id='word_1_227' title='bbox 2768 4230 2849 4297; x_wconf 90' lang='lat' dir='ltr'><strong>ut</strong></span> <span class='ocrx_word' id='word_1_228' title='bbox 2884 4221 3027 4321; x_wconf 90' lang='lat' dir='ltr'><strong>ipsi</strong></span> 
     </span>
     <span class='ocr_line' id='line_1_32' title="bbox 794 4350 3028 4450; baseline -0.001 -24"><span class='ocrx_word' id='word_1_229' title='bbox 794 4352 1068 4427; x_wconf 87' lang='lat' dir='ltr'><strong>abitum</strong></span> <span class='ocrx_word' id='word_1_230' title='bbox 1124 4355 1643 4447; x_wconf 86' lang='lat' dir='ltr'><strong>sollicitarent,</strong></span> <span class='ocrx_word' id='word_1_231' title='bbox 1701 4354 2129 4450; x_wconf 84' lang='lat' dir='ltr'><strong>hostemque</strong></span> <span class='ocrx_word' id='word_1_232' title='bbox 2187 4351 2598 4427; x_wconf 84' lang='lat' dir='ltr'><strong>cervicibus</strong></span> <span class='ocrx_word' id='word_1_233' title='bbox 2654 4350 3028 4426; x_wconf 90' lang='lat' dir='ltr'><strong>imminere</strong></span> 
     </span>
     <span class='ocr_line' id='line_1_33' title="bbox 797 4478 3026 4576; baseline -0.001 -23"><span class='ocrx_word' id='word_1_234' title='bbox 797 4480 1278 4573; x_wconf 83' lang='lat' dir='ltr'><strong>clamitarent,</strong></span> <span class='ocrx_word' id='word_1_235' title='bbox 1332 4490 1613 4557; x_wconf 86' lang='lat' dir='ltr'><strong>tantam</strong></span> <span class='ocrx_word' id='word_1_236' title='bbox 1668 4480 2047 4576; x_wconf 86' lang='lat' dir='ltr'><strong>inopinata</strong></span> <span class='ocrx_word' id='word_1_237' title='bbox 2111 4502 2352 4555; x_wconf 90' lang='lat' dir='ltr'><strong>rerum</strong></span> <span class='ocrx_word' id='word_1_238' title='bbox 2407 4478 2713 4554; x_wconf 89' lang='lat' dir='ltr'><strong>mutatio</strong></span> <span class='ocrx_word' id='word_1_239' title='bbox 2769 4478 3026 4553; x_wconf 89' lang='lat' dir='ltr'><strong>animis</strong></span> 
     </span>
     <span class='ocr_line' id='line_1_34' title="bbox 797 4605 3021 4703; baseline 0 -24"><span class='ocrx_word' id='word_1_240' title='bbox 797 4605 1357 4702; x_wconf 87' lang='lat' dir='ltr'><strong>trepidationem</strong></span> <span class='ocrx_word' id='word_1_241' title='bbox 1433 4607 1820 4681; x_wconf 88' lang='lat' dir='ltr'><strong>indiderat.</strong></span> <span class='ocrx_word' id='word_1_242' title='bbox 1894 4608 2118 4693; x_wconf 82' lang='lat' dir='ltr'><strong>Motis</strong></span> <span class='ocrx_word' id='word_1_243' title='bbox 2172 4608 2420 4703; x_wconf 90' lang='lat' dir='ltr'><strong>itaque</strong></span> <span class='ocrx_word' id='word_1_244' title='bbox 2479 4607 2747 4680; x_wconf 89' lang='lat' dir='ltr'><strong>castris</strong></span> <span class='ocrx_word' id='word_1_245' title='bbox 2806 4615 3021 4681; x_wconf 88' lang='lat' dir='ltr'><strong>retro·</strong></span> 
     </span>
    </p>
   </div>
  </div>
 </body>
</html>
