3293 5219
775 345 933 424 342

668 658 679 663 -
773 588 932 641 cum
972 563 1276 639 retineri
1316 584 1541 658 aegre
1580 575 1911 662 possent,
1972 574 2143 640 sunt
2202 568 2506 643 dimissi.
2547 570 2668 644 Ita
2706 569 3038 662 Bohemi,

778 690 1091 776 Moravi,
1157 687 1497 776 Slesitae,
1558 689 1882 782 Lusacii,
1964 694 2256 791 expleto
2315 702 2642 792 tempore
2701 695 3031 789 militiae;

775 820 943 895 dein
984 813 1503 890 Ferdinandus
1564 818 1822 892 Idibus
1902 817 2201 895 Octobr.
2265 820 2590 915 Pragam
2631 821 3025 896 concessit.

773 951 862 1024 In
897 945 1016 1019 his
1058 965 1238 1038 crgo
1280 940 1873 1040 difficultatibus,
1917 947 2208 1045 quando
2251 946 2469 1022 etiam
2510 956 2761 1021 castra
2803 950 2900 1021 ob
2942 948 3040 1021 in·

772 1071 1264 1171 frequentiam
1339 1069 1537 1142 haud
1633 1084 1750 1149 sat
1841 1084 2000 1149 tuta
2054 1074 2512 1164 videbantur,
2590 1075 3040 1150 consultavit

779 1224 1057 1292 caesar,
1118 1195 1576 1289 restringere
1665 1209 1934 1290 castra,
1995 1185 2105 1275 ¹an
2143 1201 2553 1275 transferre
2609 1201 2684 1275 in
2721 1201 3046 1277 insulam

777 1332 1173 1431 placeret?
1230 1335 1568 1432 Namque
1662 1331 2007 1425 majorem
2087 1327 2392 1402 militum
2467 1329 3041 1425 provincialium

778 1468 1068 1561 partem
1105 1461 1547 1558 digressam,
1583 1465 1659 1532 et
1696 1455 1884 1530 alios
1944 1454 2069 1527 vix
2107 1452 2464 1528 hactenus
2502 1461 2837 1529 retentos
2880 1456 3038 1530 abi·

781 1598 932 1664 tum
972 1613 1264 1687 parare.
1307 1589 1428 1662 Ad
1467 1586 1656 1662 haec
1694 1589 2140 1678 augescente
2178 1582 2254 1656 in
2294 1581 2450 1656 dies
2492 1584 3042 1677 aegrotantium

788 1717 1394 1812 morientiumque
1451 1735 1796 1802 numere,
1877 1709 2170 1784 dubium
2230 1733 2325 1783 an
2384 1701 2645 1784 contra
2702 1710 3047 1786 adsultus

787 1840 1098 1918 hostiles
1138 1843 1381 1918 adhuc
1435 1841 1759 1916 incertos
1818 1836 2109 1911 defendi
2163 1845 2493 1935 possent.
2540 1836 2828 1935 Ungari
2870 1839 3054 1913 scri-

790 1976 916 2070 pto
956 1968 1429 2068 respondere:
1510 1967 1575 2040 si
1613 1964 1854 2040 adhuc
1880 1963 2057 2037 illae
2097 1963 2297 2038 vires
2337 1964 2736 2061 supersint,
2780 1965 3052 2061 quibus

790 2096 1067 2171 vallum
1123 2093 1425 2169 retineri
1483 2098 1725 2190 queat,
1783 2087 2046 2166 iisdem
2100 2089 2503 2164 incastris
2560 2112 3054 2189 perseveran-

795 2224 984 2315 dum,
1024 2244 1159 2297 nec
1197 2219 1786 2322 permittendum,
1810 2228 1890 2294 ut
1908 2226 2142 2293 metus
2182 2225 2256 2292 et
2291 2219 2475 2314 fuga
2502 2217 2843 2294 hostibus
2883 2244 3054 2319 pro·

792 2351 1076 2426 dautur.
1140 2348 1272 2426 Sin
1330 2371 1569 2438 secus,
1649 2347 1794 2422 sibi
1831 2347 1907 2420 in
1946 2346 2203 2445 primis
2279 2352 2354 2419 et
2427 2346 2780 2421 exercitui
2875 2369 3048 2421 con·

789 2480 1086 2572 suleret.
1165 2477 1308 2567 Qui
1400 2475 1591 2550 enim
1684 2495 2028 2547 uumerus
2104 2471 2439 2563 militum,
2536 2495 2723 2570 quae
2819 2474 3050 2550 vires·

790 2607 915 2705 qui
1006 2605 1313 2698 animus,
1426 2603 1547 2700 qui
1644 2601 1890 2697 duces,
1980 2602 2165 2700 ipsis
2240 2601 2499 2697 ignota
2571 2611 2886 2698 essent,
2918 2626 3059 2678 nec

791 2730 1017 2807 multo
1091 2739 1264 2829 post
1359 2728 1558 2802 fama
1628 2729 1850 2819 venit,
1926 2734 2288 2803 tormenta
2378 2730 2795 2826 praemissa
2890 2753 3059 2805 cum

794 2858 1253 2954 beglerbego
1335 2851 1705 2929 Graeciae
1799 2878 1943 2929 non
1984 2854 2238 2952 procul
2297 2855 2563 2929 castris
2621 2856 3055 2931 albensibus

796 2985 1102 3075 abesse3
1213 2981 1690 3055 dubitabatur
1775 2988 2020 3055 tamen
2114 3006 2211 3055 an
2308 2988 2559 3056 castra
2666 2983 2789 3056 vel
2865 2982 3051 3058 Bes-

795 3110 1131 3209 primium
1188 3116 1624 3208 appeterent
1663 3118 1787 3185 aut
1825 3106 2237 3185 Comarum.
2315 3100 2525 3201 Quae
2580 3110 2895 3185 fallendi
2934 3134 3052 3185 ar·

797 3246 914 3313 tes
954 3236 1432 3311 astutissimis
1471 3237 1819 3313 barbaris
1841 3236 2394 3329 simulabantur,
2435 3245 2516 3312 ut
2550 3239 2791 3335 patuit
2827 3239 3055 3333 paulo

803 3370 993 3463 post.
1053 3362 1270 3438 Unde
1309 3388 1572 3438 caesar
1612 3365 1790 3438 XII.
1853 3360 2159 3438 Calend.
2219 3364 2615 3439 Novembr.
2658 3364 3053 3441 concilium

804 3500 1162 3566 convocat
1202 3487 1604 3566 Germanis
1627 3514 1716 3565 ac
1756 3489 2088 3588 Ungaris
2127 3491 2345 3565 simul
2380 3498 2532 3566 tum
2588 3492 2901 3590 primum
2941 3515 3058 3567 co·

801 3616 1163 3693 euntibus.
1212 3617 1404 3707 Nam
1445 3617 1918 3692 decrescente
1939 3618 2013 3691 in
2055 3617 2213 3692 dies
2227 3641 2524 3693 numero
2564 3618 2872 3694 militum
2909 3642 3057 3693 me·

798 3753 918 3819 tus
960 3743 1395 3839 augebatur,
1438 3751 1512 3817 et
1547 3767 1804 3819 rursus
1833 3744 2064 3841 pudor
2121 3744 2680 3820 obversabatur.
2723 3744 3054 3835 Quorum

802 3869 1204 3945 sententias
1246 3893 1334 3944 ac
1369 3871 1662 3944 nomina
1698 3869 1894 3947 haud
1934 3871 2332 3945 absurdum
2370 3872 2694 3969 posteris
2731 3871 3058 3959 tradere,

798 4007 880 4073 ut
935 3997 1197 4094 quibus
1274 3997 1478 4091 viris,
1518 4000 1764 4091 armis,
1805 3998 2136 4073 consiliis
2230 4007 2397 4073 acta
2455 3999 2553 4073 sit
2606 3997 3058 4096 respublica,

803 4132 1169 4209 noscatur.
1257 4124 1623 4200 Henricus
1701 4134 1774 4201 et
1840 4123 2215 4222 Georgius
2294 4126 2515 4200 duces
2598 4124 3057 4220 lignioenses

800 4253 991 4326 inter
1031 4249 1449 4328 Germanos
1476 4254 2137 4353 principemlocum
2178 4277 2653 4351 occupavere.
2695 4252 2878 4327 Post
2916 4253 3057 4328 hos

802 4377 1355 4476 Rosembergus
1428 4381 1840 4457 litterarum
1897 4388 2239 4478 expertes
2297 4366 2495 4456 nullo
2571 4404 2710 4456 usu
2747 4381 3054 4457 militiae

804 4515 877 4579 et
915 4505 1242 4579 struendi
1265 4506 1581 4581 convivii
1602 4507 1842 4582 studio
1885 4510 2184 4604 majore3
2221 4507 2274 4583 J
2280 4506 2606 4581 ohannes
2653 4508 3051 4595 Trautsen,

807 4631 1245 4706 Leonardus
1283 4631 1650 4725 Harrach,
1726 4635 1957 4709 intimi
2007 4634 2410 4710 consiliarii
2450 4632 2584 4733 (ita
2622 4645 2891 4712 vocant
2929 4660 3048 4714 so·
