3293 5219
832 329 987 410 286

830 547 1242 641 silvaniam,
1265 549 1824 641 Temesvarum,
1867 549 2206 648 Lippam,
2266 558 2339 625 et
2394 550 2931 649 amplissimam
2967 575 3069 626 re·

822 676 951 772 gni
1005 684 1291 774 partem
1313 674 1786 750 Ferdinando
1845 674 2293 769 tradidisset,
2330 701 2502 752 mox
2542 678 3069 752 Temesvarum

823 810 897 877 et
917 801 1222 900 quiquid
1252 807 1468 876 extra
1507 800 2152 877 Transsilvaniam
2170 802 2328 896 fuit,
2352 803 2634 900 ingenti
2659 825 2807 876 non
2845 802 3067 877 solum

832 928 1238 1026 Ungariae,
1278 928 1413 1003 sed
1455 927 2019 1004 christianitatis
2050 931 2366 1026 jactura,
2407 930 2675 1029 quippe
2715 928 3071 1007 nobilissi-

835 1079 955 1130 ma
993 1063 1068 1129 et
1106 1054 1623 1153 antiquissima
1640 1054 2032 1152 Ungariae
2072 1056 2397 1131 claustra
2434 1056 2798 1131 amisisse.
2849 1057 2963 1130 Ita
2996 1050 3070 1127 ti-

828 1181 1294 1274 mendum,ne
1316 1182 1702 1278 Tocajum,
1743 1188 1818 1255 et
1837 1180 1991 1257 alia
2027 1182 2280 1258 Turca
2299 1183 2372 1255 vi
2412 1182 2700 1279 eripiat,
2742 1204 2905 1255 cum
2940 1199 3063 1276 pro

828 1306 1405 1382 Transsilvania
1442 1305 1740 1393 habeat,
1766 1307 2124 1405 quidquid
2162 1308 2262 1383 sit
2298 1309 2405 1382 cis
2444 1307 2848 1383 Tibiscum.
2888 1306 3066 1379 Eam

824 1441 1136 1533 paterno
1161 1434 1333 1529 jure
1390 1432 1535 1508 sibi
1571 1432 1962 1529 traditam,
2012 1440 2087 1508 et
2141 1442 2529 1532 praestare
2603 1432 3067 1507 christianum

828 1567 1050 1658 atque
1089 1557 1804 1655 amicum,siquidem
1842 1582 1989 1657 pax
2011 1561 2409 1651 coalescat,
2453 1557 2752 1634 habere.
2794 1556 3067 1633 Caesar

828 1687 1107 1785 scripto
1144 1684 1473 1761 breviter
1510 1685 1936 1782 respondet,
1995 1709 2173 1760 nam
2211 1706 2370 1760 mos
2410 1695 2575 1760 erat
2613 1683 2859 1760 omnia
2894 1680 3062 1757 seri·

825 1813 974 1911 ptis
995 1835 1245 1909 agere,
1268 1835 1349 1886 se
1371 1810 1553 1886 nihil
1592 1811 2109 1887 innovaturum
2147 1836 2241 1887 ex
2276 1811 2856 1905 conditionibus3
2894 1830 3068 1906 quae

817 1939 974 2034 jam
1018 1946 1189 2014 ante
1227 1937 1419 2012 ictae
1478 1943 1752 2030 essent,
1794 1938 2093 2013 easdem
2150 1960 2234 2013 se
2292 1936 2904 2014 confirmaturum.
2960 1931 3070 2007 Ad

831 2065 976 2138 hoc
1027 2064 1325 2160 legatus
1382 2063 1610 2138 multo
1688 2062 1889 2137 aliud
1947 2085 2387 2162 responsum
2446 2061 2936 2152 desiderasse,
3005 2065 3069 2131 et

834 2211 1244 2286 agnoscere
1301 2189 1355 2265 J
1360 2188 1722 2265 ohannem
1775 2189 1851 2262 in
1921 2189 2124 2264 nullo
2163 2170 2510 2288 respectu
2563 2188 2848 2263 haberi.
2903 2184 3069 2258 Post

831 2319 959 2397 ubi
995 2319 1260 2394 iterum
1315 2337 1700 2392 caesarem
1737 2314 1972 2413 priori
1989 2316 2405 2392 sententiae
2441 2316 2833 2391 inhaerere
2870 2311 3069 2399 videt,

835 2445 1042 2548 petit,
1100 2466 1474 2521 cursorem
1534 2441 1633 2517 ad
1705 2442 1758 2518 J
1763 2441 2130 2518 ohannem
2204 2441 2391 2518 mitti
2430 2441 2672 2534 liceat,
2733 2441 2859 2540 qui
2893 2440 3066 2514 intra

841 2574 1200 2650 decimum
1291 2569 1681 2670 septimum
1740 2568 1933 2645 diem
2006 2577 2544 2669 reverteretur;
2599 2587 3067 2677 reversusque

846 2699 1104 2775 eadem
1166 2697 1459 2774 omnino
1507 2695 1858 2771 mandata
1916 2694 2189 2788 attulit,
2229 2718 2421 2793 quae
2458 2695 2777 2794 leg-atus.
2804 2698 2918 2770 Ita
2949 2713 3067 2789 spe

838 2824 1048 2924 pacis
1121 2822 1319 2899 haud
1395 2822 1614 2896 dubie
1655 2821 1997 2920 abrupta,
2056 2819 2370 2920 polonus
2408 2821 2829 2919 huJusmodi
2861 2817 3068 2893 verba

837 2949 1051 3026 fecit:
1091 2948 1383 3043 Regem
1423 2968 1632 3022 suum
1672 2967 1952 3021 summo
1991 2946 2254 3040 studio,
2277 2948 2561 3022 crebris
2595 2944 3069 3044 legationibus

839 3075 1255 3166 laborasse,
1293 3081 1375 3148 ut
1393 3072 1692 3147 tandem
1711 3096 1864 3170 pax
1883 3074 2095 3147 firma
2133 3072 2609 3167 stabiliretur,
2629 3073 2812 3148 nihil
2850 3083 3068 3150 tamen

844 3202 1191 3276 effectum
1231 3205 1384 3293 est,
1443 3197 1617 3294 quin
1672 3197 1912 3295 magis
1953 3197 2241 3274 animos
2277 3198 2651 3295 irritatos3
2702 3200 3063 3296 vererique

846 3350 935 3402 ne
974 3325 1310 3400 alterutri
1347 3323 1669 3421 partium
1709 3332 2100 3421 suspectus
2139 3322 2291 3399 fiat.
2332 3322 2454 3400 Ob
2491 3324 2571 3398 id
2592 3325 3067 3424 pacificatoris

845 3452 1165 3528 officium
1204 3474 1395 3527 nunc
1434 3451 1676 3548 ipsum
1735 3451 2126 3549 deponere,
2186 3457 2261 3526 et
2298 3475 2523 3550 super
2563 3474 2651 3527 eo
2695 3454 3066 3529 solenniter

843 3578 1268 3679 protestari,
1345 3598 1662 3674 moxque
1774 3577 2112 3653 discedit.
2227 3575 2377 3654 Sed
2453 3577 2885 3655 Somliensis
2951 3577 3068 3653 sub

844 3713 1051 3780 arcta
1144 3702 1480 3779 custodia
1575 3701 1916 3778 detentus
1972 3710 2108 3778 est.
2188 3701 2556 3780 Svendius
2614 3730 2892 3802 gnarus
2959 3706 3066 3778 ho-

843 3855 1022 3927 rum,
1044 3831 1317 3906 bellum
1337 3827 1628 3927 occipit,
1652 3850 1741 3904 ac
1759 3828 2183 3907 Erdeodum
2206 3854 2644 3932 oppugnare
2683 3834 2958 3926 statuit3
2995 3829 3067 3903 de

849 3982 993 4057 quo
1033 3958 1257 4056 paulo
1296 3956 1519 4032 altius
1559 3954 1947 4032 dicendum
1986 3966 2121 4034 est.

1066 4082 1370 4183 Gaspar
1407 4086 1733 4183 Dragffy
1769 4082 2087 4161 illustris
2105 4086 2438 4163 familiae
2474 4083 2730 4185 plures
2774 4094 2938 4163 ante
2974 4107 3070 4159 an·

844 4233 983 4285 nos
1005 4210 1687 4305 decesserat,unico
1700 4211 1958 4287 relicto
1977 4209 2251 4288 herede
2280 4213 2670 4289 admodum
2681 4213 3071 4290 adolescen-

844 4344 938 4431 te,
971 4329 1441 4414 etux'ore.Ea
1453 4338 1670 4414 ducta
1694 4338 1789 4412 ab
1806 4333 2140 4435 Georgio
2161 4339 2508 4435 Batoreo,
2529 4339 2726 4415 bona
2761 4339 3073 4434 Dragfis·

847 4487 965 4556 na,
1026 4487 1241 4539 arces
1315 4466 1772 4562 complures,
1833 4464 2107 4563 oppida
2163 4474 2237 4540 et
2285 4465 2722 4541 latissimam
2764 4467 3072 4540 ditionem

850 4590 1456 4685 tenebat3neque
1498 4590 1619 4664 diu
1659 4589 1934 4665 herede
1977 4592 2367 4684 exstincto,
2408 4593 2605 4666 bona
2646 4591 2742 4666 ad
2764 4612 3073 4666 coronam
