3293 5219
803 245 903 322 26

789 486 1158 571 carcerem
1196 466 1459 542 abduci
1491 466 1735 562 jussit.
1779 466 1879 540 Et
1917 466 2205 561 accidit,
2245 475 2323 542 ut
2361 470 2579 546 tertio
2622 469 2778 564 die,
2820 494 3028 569 quam

792 588 1121 681 dixerat,
1179 590 1730 667 interficeretur.
1789 588 1972 669 Cum
2033 590 2408 691 Georgius
2465 597 2801 673 nuncium
2851 597 3022 675 Julii

789 716 1154 817 pontificis
1211 720 1507 792 rubrum
1567 721 1940 815 galerum,
1978 720 2301 817 insignia
2355 722 2868 799 cardinalitiae
2926 723 3021 797 di-

789 844 1092 943 gnitatis
1147 846 1504 920 ferentem
1558 868 1838 942 paucos
1896 853 2066 921 ante
2125 846 2282 921 dies
2323 847 2743 941 habuisset,
2820 854 2895 924 et
2928 848 3026 923 in·

786 973 1119 1071 sequenti
1177 972 1293 1047 die
1330 982 1765 1073 accepturus
1804 981 2007 1049 esset
2046 1002 2063 1047 :
2121 972 2332 1049 XVI.
2373 972 2678 1051 Galend.
2717 979 2771 1055 J
2775 1001 3018 1053 anuar.

791 1100 1156 1176 exercitus
1214 1108 1287 1175 et
1323 1100 1748 1197 praetoriae
1790 1099 2130 1176 cohortes
2169 1125 2671 1199 praecessere,
2713 1104 3025 1202 equitum

799 1225 940 1315 ala,
979 1226 1370 1300 amicorum
1407 1232 1625 1321 atque
1665 1224 2130 1300 familiarium
2172 1249 2443 1319 omnes,
2503 1236 2577 1301 et
2630 1251 2820 1324 grex
2861 1227 3034 1303 auli-

789 1375 1058 1435 corum3
1096 1352 1259 1449 ipse
1299 1374 1457 1425 cum
1498 1350 1739 1425 solitis
1780 1350 2100 1426 curando
2143 1354 2434 1451 corpori
2472 1352 2827 1429 ministris
2864 1375 3027 1429 mox

793 1486 1196 1555 secuturus.
1278 1474 1682 1553 Castaldus
1739 1478 1893 1552 suis
1951 1480 2220 1577 copiis,
2314 1488 2393 1554 ut
2463 1482 2704 1579 parati
2758 1487 3031 1569 essent,

789 1607 919 1683 sed
978 1630 1068 1680 ne
1128 1605 1410 1701 injussu
1470 1628 1601 1681 suo
1639 1613 2040 1697 moverent,
2069 1607 2420 1702 jusserat.
2497 1605 2645 1681 Per
2683 1630 2811 1682 eos
2853 1607 3032 1695 dies,

790 1733 1051 1831 quibus
1114 1728 1357 1804 Vincii
1422 1738 1670 1821 erant,
1729 1729 1824 1805 ad
1883 1730 2429 1805 Ferdinandum
2498 1732 2827 1807 nuncium
2908 1757 3019 1808 re-

787 1859 972 1933 mitti
1047 1865 1121 1933 et
1181 1858 1470 1932 litteras
1511 1858 1671 1932 dari
1712 1858 2069 1934 communi
2106 1859 2396 1934 nomine
2433 1858 2816 1956 placebat3
2877 1860 3030 1957 qui-

786 1988 923 2062 bus
980 1986 1051 2060 in
1111 1985 1522 2060 scribendis
1581 1983 1984 2060 Castaldus
2044 1986 2285 2061 studio
2342 2011 2620 2062 moram
2666 1986 3034 2073 trahebat,

788 2115 924 2188 sub
966 2135 1109 2209 qua
1149 2111 1442 2185 occasio
1483 2134 1565 2185 se
1605 2109 1857 2207 aliqua
1897 2111 2213 2186 offerret.
2267 2113 2473 2208 Ergo
2515 2114 2844 2187 Marcum
2885 2110 3036 2186 An-

783 2238 1056 2315 tonium
1114 2237 1587 2313 secretarium
1664 2260 1820 2311 eum
1880 2236 2147 2313 litteris
2203 2240 2425 2336 paulo
2467 2246 2634 2313 ante
2675 2262 2757 2313 se
2813 2262 3029 2337 prae-

789 2366 1036 2457 mittit,
1076 2365 1198 2462 qui
1237 2363 1527 2439 litteras
1566 2364 1926 2461 legendas
1969 2362 2304 2461 Georgio
2341 2366 2779 2463 porrigeret,
2820 2374 2893 2440 et
2933 2366 3037 2440 in·

782 2502 894 2568 ter
947 2492 1335 2587 legendum
1393 2491 1714 2589 pugione
1771 2498 2227 2589 percuteret,
2289 2514 2458 2566 sese
2516 2514 2672 2566 cum
2733 2491 2901 2565 aliis
2964 2493 3035 2566 in

782 2631 1108 2718 tempore
1148 2620 1553 2694 affuturum.
1593 2620 1892 2693 Marcus
1931 2617 2292 2693 Antonius
2331 2619 2771 2711 mandatum,
2809 2619 2940 2710 ita,
2962 2633 3038 2694 ut

778 2751 1065 2844 jussum
1125 2753 1275 2834 est,
1335 2744 1800 2842 exsequitur3
1861 2771 1950 2820 ac
1990 2746 2237 2819 statim
2277 2747 2439 2843 ipse
2504 2767 2790 2843 quoque
2867 2767 3030 2819 cum

803 2872 1097 2948 Sforzia
1118 2870 1579 2947 Pallavicino
1619 2879 1693 2946 et
1714 2872 2066 2947 Mercado
2106 2873 2534 2971 irrumpunt,
2554 2879 2773 2969 atque
2796 2869 3035 2946 Geor-

786 3001 980 3099 gium
1021 2999 1321 3075 duorum
1362 3001 1857 3096 sclopetorum
1900 2999 2315 3093 glandibus,
2337 2999 2762 3073 vulneribus
2787 3005 3034 3073 autem

787 3128 1100 3225 quinque
1140 3134 1213 3200 et
1251 3126 1667 3220 sexaginta,
1707 3126 2249 3200 interfecerunt.
2280 3123 2461 3200 Cum
2501 3126 2808 3223 primum
2830 3127 3032 3201 Mar-

782 3276 909 3328 cus
950 3251 1313 3328 Antonius
1349 3253 1673 3344 intravit,
1711 3252 1784 3326 in
1827 3253 2090 3327 lectulo
2128 3276 2389 3350 preces
2430 3252 2824 3327 matutinas
2867 3277 3032 3329 ora-

782 3383 949 3472 bat,
1009 3387 1082 3455 et
1119 3386 1421 3477 accepto
1466 3379 1806 3466 vulnere,
1865 3386 2306 3477 arreptoque
2343 3378 2509 3468 illo,
2573 3378 2745 3476 quid
2782 3379 3034 3455 facis?

778 3506 1048 3605 inquit3
1089 3529 1246 3580 cum
1288 3505 1511 3580 ceteri
1549 3505 1855 3580 ferirent
1900 3533 1913 3576 :
1973 3504 2146 3602 quid
2187 3506 2375 3578 enim
2416 3504 2587 3578 mali
2625 3503 2764 3577 feci
2790 3501 2826 3575 P
2865 3528 3030 3581 sae-

777 3632 941 3731 pius
979 3631 1299 3706 iteravit.
1362 3631 1835 3705 Franciscum
1875 3632 2034 3705 Vas
2085 3632 2400 3710 nobilem
2461 3630 3030 3722 adolescentem,

784 3757 1227 3831 adnitentem
1266 3781 1399 3853 pro
1441 3756 1771 3840 domino,
1835 3764 2116 3854 septem
2154 3755 2402 3854 plagis
2442 3756 2751 3851 feriere,
2811 3759 3029 3834 simul

785 3883 1168 3982 dispositis
1226 3890 1444 3957 antea
1498 3883 1852 3957 militibus
1894 3883 2275 3958 castellum
2317 3907 2793 3982 occupavere,
2836 3885 3026 3960 dire-

778 4010 925 4108 ptis
966 4019 1040 4085 et
1076 4010 1147 4083 in
1188 4009 1537 4105 praedam
1580 4010 1961 4084 conversis
2003 4034 2192 4106 quae
2224 4011 2804 4108 reperiebantur.
2828 4012 3026 4087 Mer-

780 4136 1005 4211 cadus
1046 4146 1124 4210 ut
1158 4137 1478 4211 nobilius
1519 4137 1803 4212 facinus
1843 4137 2114 4218 ederet,
2157 4145 2231 4212 et
2269 4161 2475 4213 suam
2516 4159 2814 4234 operam
2856 4137 3026 4212 viri-

776 4260 945 4336 liter
984 4271 1324 4338 navatam
1363 4264 1608 4361 aliquo
1652 4265 1868 4362 signo
1905 4270 2346 4372 testaretur,
2403 4288 2495 4338 an
2541 4265 2713 4362 quia
2760 4268 3023 4362 jussus

777 4395 973 4478 erat,
1034 4411 1280 4464 aurem
1340 4391 1670 4465 dextram
1716 4392 2105 4466 discissam
2151 4415 2285 4489 per
2321 4398 2581 4490 postas
2621 4394 2718 4468 ad
2755 4392 3019 4468 Ferdi-

776 4514 1088 4590 nandum
1132 4513 1330 4606 tulit,
1390 4541 1475 4590 ac
1516 4517 1984 4615 vespertinas
2042 4539 2301 4613 preces
2360 4516 2645 4594 solenni
2702 4520 3018 4617 quadam
