3293 5219
782 303 940 382 354

788 518 1212 608 detinuit*),
1273 528 1346 593 et
1385 519 1526 591 vim
1568 525 1790 613 atque
1832 518 2104 591 bellum
2144 516 2570 590 admoturus
2634 515 3008 615 aliquando

787 645 1201 719 videbatur.
1243 642 1346 717 At
1387 641 1754 716 Svondius
1778 641 2288 715 maturandum
2329 649 2402 714 et
2421 641 3009 737 praevertendum

787 794 956 844 esse
995 768 1269 843 bellum
1329 768 1482 840 sibi
1541 774 1749 842 ratus
1773 766 1914 860 *Ὃς
1974 767 2039 840 si
2085 766 2274 841 euim
2319 790 2563 841 arcem
2606 767 3008 843 Zaardvara

786 895 1081 970 Bebeco
1122 893 1463 991 eriperet,
1502 895 1781 968 nullam
1822 892 1966 964 vim
2019 891 2381 965 inferendi
2421 892 2770 1001 deinceps
2803 891 3012 969 facul·

787 1028 1013 1094 tatem
1054 1019 1335 1094 habere
1377 1042 1709 1110 eerneuS,
1772 1016 2303 1114 quamprimum
2343 1018 2823 1099 obsidendum
2861 1040 3009 1091 een-

788 1147 973 1243 suit3
1033 1168 1477 1243 quamquam
1538 1144 1971 1219 difficillimo
2029 1144 2203 1217 anni
2245 1127 2594 1244 tempore,
2654 1145 2788 1219 sed
2839 1142 3013 1240 quod

788 1274 1029 1349 accire
1078 1281 1299 1369 atque
1356 1295 1788 1370 comparare
1865 1271 2143 1345 auxilia
2221 1293 2308 1343 eo
2365 1279 2702 1368 tempore
2740 1270 3014 1344 Bebeco

787 1398 1250 1495 impossibile
1311 1407 1436 1473 aut
1492 1398 1794 1472 difficile
1869 1397 2376 1486 existimabat,
2456 1396 2754 1472 differre
2793 1404 3014 1470 autem

788 1525 1004 1598 nimis
1041 1523 1555 1621 periculosum.
1598 1522 1924 1597 Primum
1963 1542 2144 1618 ergo
2187 1522 2326 1597 duo
2367 1523 2702 1613 castella,
2727 1522 3013 1596 alterum

655 1679 680 1696 ·
788 1651 861 1725 in
917 1649 1358 1740 Jabloncza,
1398 1651 1711 1723 alterum
1767 1650 1844 1722 in
1903 1646 2244 1745 Sigliget‚
2306 1649 2527 1745 pagis
2566 1649 3012 1745 propinquio-

790 1776 992 1852 ribus
1105 1774 1472 1851 Svendius
1549 1775 1740 1870 erigi
1814 1774 2066 1870 jubet;
2160 1782 2233 1849 et
2305 1775 2611 1848 alterius
2704 1771 3013 1849 custodia

788 1903 1171 2000 praefecto
1214 1899 1718 1976 Senderoviae
1734 1895 1908 1996 **’¹‘)‚
1950 1900 2255 1975 alterius
2298 1924 2472 1976 vero
2515 1898 2835 1977 Johanm'
2856 1900 3016 1974 Bor·

790 2027 1142 2118 nemizae,
1185 2028 1309 2123 qui
1347 2027 1422 2100 id
1478 2026 1833 2122 temporis
1873 2050 2016 2100 nou
2056 2029 2313 2123 procul
2371 2026 2467 2101 ab
2509 2025 2918 2101 Jabloneza
2951 2024 3015 2096 in

792 2152 1059 2251 oppido
1102 2151 1417 2251 quodam
1442 2151 1759 2227 obscuro
1785 2148 2138 2247 Georgeo
2163 2175 2338 2228 suas
2382 2152 2640 2250 copias
2679 2153 2755 2226 in
2791 2152 3013 2225 hibet·

791 2279 904 2354 nis
961 2279 1306 2370 habebat,
1376 2277 1876 2352 demandatur.
1938 2280 2055 2352 Ita
2115 2279 2306 2352 enim
2382 2288 2572 2377 pene
2649 2281 3015 2354 obsessam

789 2404 1108 2502 undique
1185 2404 1455 2478 Bebeci
1529 2397 1832 2478 uxorem
1892 2427 2053 2478 eum
2109 2405 2411 2498 liberis,.
2469 2405 3015 2500 destitutumque

791 2532 1088 2607 tandem
1165 2530 1438 2606 auxilio
1498 2535 1570 2604 et
1651 2538 2095 2623 commeatu,
2152 2528 2371 2606 facile
2430 2532 2523 2606 ad
2596 2531 3016 2607 deditionem

793 2665 1124 2733 eoactum
1161 2657 1274 2748 iri,
1316 2665 1442 2731 aut
1480 2656 1858 2731 Bebeeum
1915 2655 2009 2731 ad
2048 2678 2226 2731 suas
2264 2665 2521 2754 partes
2560 2658 3016 2733 adducturum

793 2786 1171 2882 sperabat.
1231 2784 1565 2858 Bebeeus
1623 2785 1717 2857 ab
1775 2808 2005 2859 uxore
2048 2783 2138 2855 «le
2180 2784 2518 2858 omnibus
2577 2786 2848 2859 certior
2882 2784 3016 2856 sac-

790 2918 930 3000 tus,
971 2918 1044 2983 et
1099 2930 1240 3005 quo
1300 2908 1372 2981 in
1430 2910 1591 2984 loco
1651 2932 1772 2982 res
1815 2932 1993 2984 suae
2054 2919 2306 2985 essent
2380 2911 2779 2985 ostendens
2836 2906 3016 2984 auxi·

793 3034 967 3109 lium
1002 3034 1381 3132 poscebat.
1435 3031 1780 3109 Ceterum
1822 3035 2171 3109 auxilium
2231 3057 2474 3109 serum
2518 3035 2901 3111 videbatur
2937 3033 3018 3106 ob

796 3160 1150 3254 temporis
1191 3167 1413 3256 atque
1451 3158 1737 3233 itineris
1777 3159 2305 3234 difficultatem.
2383 3162 2618 3235 Misso
2657 3162 2900 3257 itaque
2937 3157 3019 3233 ad

799 3284 1198 3361 Svendium
1258 3287 1503 3362 nobile
1560 3310 1693 3362 suo
1753 3283 2208 3362 Colomanno
2266 3288 2550 3382 Balaio,
2609 3298 2774 3363 orat
2829 3313 2907 3363 se
2957 3286 3019 3357 iu

795 3413 1116 3509 gratiam
1175 3413 1507 3489 caesaris
1565 3414 1816 3510 recipi,
1877 3422 1951 3489 et
1999 3414 2455 3490 conditiones
2516 3408 2781 3512 quibus
2837 3421 3017 3509 agat,

1005 3748 1067 3820 θ)
1113 3748 1376 3823 Fon-gach
1405 3748 1460 3805 S.
1496 3751 1805 3823 Jegyzete:
1836 3750 2010 3823 Nagy
2054 3755 2183 3808 ersss
2211 3748 2552 3807 hitlevelere
2581 3749 2735 3806 hitta
2761 3752 2890 3808 vala
2916 3749 3014 3804 oda

796 3841 1058 3912 boanda.

927 3952 938 3961 ²
1010 3929 1110 3999 fl)
1139 3929 1404 4003 Forgnich
1432 3930 1487 3985 S.
1504 3931 1781 4003 jegyzete
1806 3951 1818 3982 ι
1847 3932 1997 3987 Vala
2025 3948 2092 3986 az
2138 3933 2186 3987 is
2214 3951 2283 3987 az
2313 3933 2451 4000 hire,
2479 3933 2636 4004 hogy
2663 3952 2730 3988 az
2760 3931 3019 3989 toreknek

793 4020 1003 4078 esereli
1035 4021 1340 4087 Filekenn,
1389 4020 1451 4076 es
1504 4022 1706 4078 immar
1735 4022 2100 4078 tractatusba
2126 4024 2295 4078 volna
2321 4023 2508 4087 velek;
2533 4023 2596 4078 es
2611 4022 2825 4080 Svendi
2852 4042 2917 4079 ιι
2949 4027 3019 4074 to·

796 4112 899 4173 rek
922 4110 1394 4184 szomszddsagat
1422 4113 1933 4170 voszedelmesnek
1961 4113 2079 4169 veli
2108 4114 2242 4170 vala
2267 4115 2424 4185 ilyen
2453 4115 2621 4170 kostel
2650 4115 2955 4172 Kaudhoz.

1004 4200 1144 4271 mW)
1194 4200 1458 4273 For-gach
1488 4203 1544 4257 S.
1563 4203 1839 4272 jegyzete
1862 4224 1873 4258 ε
1924 4201 2128 4257 Pauka
2172 4202 2368 4258 Petert
2416 4209 2632 4259 vetette
2679 4206 2808 4260 vala
2859 4201 3020 4274 Zegli·

790 4291 984 4363 gotb03
1018 4309 1086 4345 az
1114 4290 1397 4353 masikba.
1421 4307 1547 4346 nem
1566 4295 1661 4364 jut
1686 4292 1964 4355 eszembe,
1990 4294 2045 4346 ki
2070 4293 2220 4363 vala,
2243 4293 2448 4349 Pauka
2469 4292 2644 4350 Peter
2683 4313 2753 4350 az
2780 4290 3019 4350 szendrei

791 4378 985 4436 hadba
1025 4385 1095 4438 60
1121 4383 1296 4454 lovag
1336 4380 1652 4453 hadnagya
1682 4382 1831 4439 vala.
1885 4382 2229 4438 Bornemiza
2256 4384 2439 4440 Jzinos
2464 4400 2584 4455 ugy
2612 4402 2859 4459 vagyon,
2884 4383 3021 4451 hogy

795 4467 1065 4541 Gorgbbe
1121 4471 1241 4525 volt
1291 4470 1470 4526 azkor
1520 4489 1589 4525 az
1634 4490 1874 4543 magyar
1901 4471 2015 4525 had
2044 4473 2203 4535 οἶδα,
2233 4473 2316 4528 kit
2343 4473 2414 4527 en
2455 4475 2683 4530 hattam
2724 4475 2856 4532 vala
2887 4466 3018 4527 mind

796 4557 945 4611 azok
974 4558 1133 4613 elsstt.
