3293 5219
727 264 888 344 270

723 482 1216 582 prehensione
1292 482 1845 581 offensioneque
1910 505 2209 582 operam
2284 507 2566 560 navare
2624 493 2851 583 atque
2890 482 2998 558 in-

727 610 1013 684 servire
1070 609 1381 707 possint.
1425 607 1712 701 Quibus
1778 611 1855 685 in
1896 609 2454 687 difficultatibus
2511 634 2672 686 cum
2713 635 3000 688 moram

730 743 953 833 atque
1046 742 1335 833 tempus
1391 737 1819 830 traxissent,
1872 736 2260 812 Johannes
2302 745 2670 814 oratorem
2692 761 3003 814 revoca-

723 863 849 936 vit.
912 861 1269 938 Attamen
1307 870 1558 938 orator
1598 862 2001 955 constituit,
2040 870 2120 937 ut
2159 863 2225 937 si
2264 887 2529 939 caesar
2579 864 2669 940 de
2707 863 2829 938 his
2872 888 2998 938 an-

728 998 804 1063 te
842 990 1159 1065 reditum
1201 1012 1409 1065 suum
1450 990 1905 1081 decerneret,
1945 997 2020 1063 et
2057 990 2132 1063 in
2169 991 2435 1067 itinere
2475 1014 2638 1066 cum
2678 1012 2990 1088 respou-

731 1140 816 1192 so
856 1125 1356 1215 consequutus
1396 1125 1619 1208 esset,
1659 1139 1740 1191 se
1780 1139 1916 1214 pro
1954 1115 2157 1192 facto
2197 1123 2271 1191 et
2311 1118 2661 1193 concluso
2705 1118 2995 1192 habitu-

728 1268 908 1318 rum.
952 1243 1202 1335 Quare
1261 1268 1526 1320 caesar
1584 1244 2042 1319 conditiones
2103 1243 2419 1337 admisit,
2479 1254 2554 1320 et
2593 1253 2994 1340 autequam

733 1379 989 1446 orator
1030 1368 1473 1448 Cassoviam
1528 1371 2019 1469 pervenisset,
2079 1394 2214 1470 per
2270 1393 2502 1469 equos
2557 1368 2998 1445 veredarios

723 1497 1014 1574 litteras
1057 1498 1389 1575 caesaris
1482 1522 1706 1598 super
1745 1521 1833 1575 eo
1909 1508 1984 1573 et
2021 1500 2419 1575 amicorum
2456 1499 2761 1595 recepit.
2803 1497 2989 1573 Cum

722 1624 820 1699 ad
856 1625 910 1702 J
917 1626 1276 1703 ohannem
1313 1626 1666 1720 venisset,
1707 1649 1981 1723 magna
2020 1626 2309 1701 laetitia
2364 1624 2813 1720 legetiouem
2853 1649 2989 1722 pro

729 1761 901 1828 voto
923 1762 1212 1850 gestam
1235 1752 1551 1852 excepit,
1573 1762 1648 1828 et
1691 1751 2413 1829 senatusconsultum
2440 1753 2882 1840 decernitur,
2919 1759 3000 1826 ut

730 1876 1154 1977 Stephanus
1195 1881 1292 1955 ad
1329 1881 1810 1955 ratificandas
1860 1880 2318 1956 conditiones
2359 1880 2608 1955 statim
2659 1885 2991 1953 reverta·

726 2011 871 2081 tur.
949 2004 1168 2082 Unde
1208 2005 1588 2106 Stephano
1628 2007 1931 2104 petenti,
1970 2013 2050 2080 ut
2085 2006 2452 2105 tantisper
2513 2003 2994 2080 domesticam

728 2154 884 2206 rem
921 2133 1219 2226 invisat,
1260 2133 1545 2231 aliquot
1588 2132 1870 2208 dierum
1931 2132 2255 2231 spatium
2293 2131 2646 2208 concedit.
2687 2130 2992 2206 Interim

725 2257 892 2336 dum
931 2258 1060 2334 ille
1080 2260 1317 2350 abest,
1357 2259 1441 2335 fit
1477 2259 1785 2335 mutatio
1833 2260 2149 2335 omnium
2171 2258 2664 2351 consiliorum,
2705 2256 2985 2332 omissa

720 2395 943 2484 atque
981 2387 1378 2463 obliterata
1396 2387 1607 2485 pacis
1626 2386 2019 2479 mentione,
2044 2386 2260 2485 quasi
2281 2410 2374 2461 ne
2391 2394 2658 2484 coepta
2697 2383 2989 2482 quidem

723 2513 989 2591 fuisset
1080 2538 1444 2613 unquam;
1502 2521 1906 2613 praetensa
1979 2520 2228 2588 tamen
2281 2513 2425 2588 hac
2484 2498 2985 2603 excusatione,

725 2642 992 2739 maj0ri
1046 2644 1297 2740 aliqua
1369 2643 1770 2721 autoritate
1846 2644 2422 2721 concludendam
2478 2651 2553 2719 et
2608 2643 2984 2719 stabilien-

726 2767 890 2841 dam
927 2789 1096 2843 esse
1135 2790 1423 2878 pacem,
1451 2767 1530 2842 id
1561 2776 1812 2844 autem
1847 2793 1984 2868 per
2017 2770 2410 2863 neminem,
2451 2792 2671 2867 quam
2705 2791 2843 2867 per
2878 2793 2988 2845 re·

724 2916 894 2988 gem
934 2893 1293 2970 Poloniae
1348 2917 1578 2994 posse
1633 2894 1909 2994 perfici.
1950 2896 2203 2973 Hasce
2258 2896 2451 2972 enim
2495 2895 2985 2972 conditiones:

727 3042 913 3117 quas
953 3021 1560 3114 enumeravimus,
1601 3044 1775 3097 sese
1800 3023 1960 3119 Jam
1997 3046 2136 3121 pro
2178 3021 2464 3099 effectis
2504 3029 2578 3098 et
2615 3021 2985 3098 conclusis

723 3146 1004 3222 habere
1044 3141 1292 3246 (quasi
1328 3148 1852 3226 Ferdinandus
1911 3171 2202 3247 quoque
2255 3156 2540 3225 mutare
2587 3149 2985 3245 aliquando

718 3294 866 3348 non
902 3269 1321 3373 potuisset),
1379 3275 1512 3349 sed
1546 3299 1682 3374 per
1721 3299 1974 3372 regem
2014 3272 2373 3351 Poloniae
2412 3274 2511 3348 ad
2548 3274 2735 3349 haec
2770 3275 2989 3373 plura

717 3409 793 3478 et
829 3403 1113 3499 maj0ra
1149 3403 1527 3503 impetrari
1548 3426 1795 3502 posse.
1858 3402 2486 3480 Summamrerum
2524 3403 2842 3480 omnium
2858 3424 2984 3501 po-

716 3535 1064 3606 testatem
1139 3531 1261 3630 qui
1297 3531 1735 3622 habuerunt,
1797 3539 1871 3606 et
1931 3532 2056 3630 qui
2112 3553 2245 3608 suo
2285 3532 2650 3607 arbitratu
2704 3530 2983 3609 Johan·

721 3677 885 3730 nem
923 3658 1308 3754 regebant,
1349 3668 1563 3734 erant
1595 3658 1923 3734 Micha’el
1960 3655 2235 3756 Chaky
2270 3682 2318 3734 a
2352 3656 2668 3750 scriniis,
2704 3657 2757 3733 J
2762 3657 2985 3731 ohan·

713 3802 847 3856 nes
956 3782 1317 3880 Zalancy,
1446 3782 1867 3860 Stanislaus
1978 3783 2369 3883 Nisovsky
2470 3784 2805 3882 polonus,
2913 3790 2987 3858 et

722 3903 1102 4002 Georgius
1151 3909 1563 3986 Blandrata
1583 3905 1651 4008 ²⁸)
1690 3909 2294 4010 pedemontanus.
2352 3909 2758 3987 Praeterea
2795 3908 2984 3983 inter

724 4034 1184 4111 conditiones
1277 4034 1703 4135 Stephanus
1797 4036 2430 4113 confirmationem
2529 4034 2982 4111 induciarum

723 4158 1001 4238 biennii
1037 4162 1438 4257 retulerat;
1496 4161 1571 4237 in
1614 4186 1802 4261 quas
1862 4162 2309 4263 Solymanus
2349 4185 2444 4237 ex
2479 4159 2696 4237 novis
2730 4161 2978 4259 pactis

740 4393 872 4402 ———-—
885 4397 888 4398 γ

936 4482 997 4552 ”)
1036 4479 1286 4539 Ιεῐνάιιίὶ
1320 4482 1597 4556 jegyzete
1625 4504 1640 4540 z
1691 4482 1948 4540 Ariana·
1975 4483 2194 4542 nebulo
2221 4482 2472 4541 omnium
2520 4482 2853 4541 mortalium
2880 4479 2959 4539 fla

723 4571 1145 4645 gitioainimus.
1473 4577 1484 4586 “
