<?xml version="1.0" encoding="UTF-8"?>
<!DOCTYPE html PUBLIC "-//W3C//DTD XHTML 1.0 Transitional//EN"
    "http://www.w3.org/TR/xhtml1/DTD/xhtml1-transitional.dtd">
<html xmlns="http://www.w3.org/1999/xhtml" xml:lang="en" lang="en">
 <head>
  <title>
</title>
<meta http-equiv="Content-Type" content="text/html;charset=utf-8" />
  <meta name='ocr-system' content='tesseract 3.04.00' />
  <meta name='ocr-capabilities' content='ocr_page ocr_carea ocr_par ocr_line ocrx_word'/>
</head>
<body>
  <div class='ocr_page' id='page_1' title='image "./magyarhistorija00bpgoog/magyarhistorija00bpgoog_0508.png"; bbox 0 0 3293 5219; ppageno 0'>
   <div class='ocr_carea' id='block_1_1' title="bbox 644 313 799 390">
    <p class='ocr_par' dir='ltr' id='par_1_1' title="bbox 644 313 799 390">
     <span class='ocr_line' id='line_1_1' title="bbox 644 313 799 390; baseline -0.006 0"><span class='ocrx_word' id='word_1_1' title='bbox 644 313 799 390; x_wconf 88' lang='lat'><strong>388</strong></span> 
     </span>
    </p>
   </div>
   <div class='ocr_carea' id='block_1_2' title="bbox 626 513 2906 4649">
    <p class='ocr_par' dir='ltr' id='par_1_2' title="bbox 626 513 2906 4649">
     <span class='ocr_line' id='line_1_2' title="bbox 638 513 2906 619; baseline -0.005 -14"><span class='ocrx_word' id='word_1_2' title='bbox 638 532 863 605; x_wconf 87' lang='lat' dir='ltr'><strong>armis</strong></span> <span class='ocrx_word' id='word_1_3' title='bbox 921 534 1131 602; x_wconf 87' lang='lat' dir='ltr'><strong>crant</strong></span> <span class='ocrx_word' id='word_1_4' title='bbox 1185 525 1430 601; x_wconf 89' lang='lat' dir='ltr'><strong>futuri.</strong></span> <span class='ocrx_word' id='word_1_5' title='bbox 1492 522 1828 599; x_wconf 86' lang='lat' dir='ltr'><strong>Albanus</strong></span> <span class='ocrx_word' id='word_1_6' title='bbox 1888 545 2069 619; x_wconf 90' lang='lat' dir='ltr'><strong>ergo</strong></span> <span class='ocrx_word' id='word_1_7' title='bbox 2132 516 2578 617; x_wconf 81' lang='lat' dir='ltr'>legationem</span> <span class='ocrx_word' id='word_1_8' title='bbox 2619 513 2716 594; x_wconf 87' lang='lat' dir='ltr'><strong>ad</strong></span> <span class='ocrx_word' id='word_1_9' title='bbox 2776 541 2906 595; x_wconf 86' lang='lat' dir='ltr'><strong>eos</strong></span> 
     </span>
     <span class='ocr_line' id='line_1_3' title="bbox 635 645 2900 746; baseline -0.004 -17"><span class='ocrx_word' id='word_1_10' title='bbox 635 655 856 746; x_wconf 90' lang='lat' dir='ltr'><strong>misit,</strong></span> <span class='ocrx_word' id='word_1_11' title='bbox 899 662 975 729; x_wconf 85' lang='lat' dir='ltr'><strong>ut</strong></span> <span class='ocrx_word' id='word_1_12' title='bbox 1013 653 1157 727; x_wconf 91' lang='lat' dir='ltr'><strong>sibi</strong></span> <span class='ocrx_word' id='word_1_13' title='bbox 1197 651 1703 746; x_wconf 81' lang='lat' dir='ltr'><strong>exercituique</strong></span> <span class='ocrx_word' id='word_1_14' title='bbox 1740 649 2052 725; x_wconf 91' lang='lat' dir='ltr'><strong>liberum</strong></span> <span class='ocrx_word' id='word_1_15' title='bbox 2093 654 2570 723; x_wconf 81' lang='lat' dir='ltr'><strong>commeatum</strong></span> <span class='ocrx_word' id='word_1_16' title='bbox 2614 645 2900 728; x_wconf 81' lang='lat' dir='ltr'><strong>darent3</strong></span> 
     </span>
     <span class='ocr_line' id='line_1_4' title="bbox 641 771 2902 878; baseline -0.005 -22"><span class='ocrx_word' id='word_1_17' title='bbox 641 780 837 878; x_wconf 92' lang='lat' dir='ltr'><strong>quod</strong></span> <span class='ocrx_word' id='word_1_18' title='bbox 875 779 1021 877; x_wconf 88' lang='lat' dir='ltr'><strong>ipsi</strong></span> <span class='ocrx_word' id='word_1_19' title='bbox 1080 776 1370 875; x_wconf 91' lang='lat' dir='ltr'><strong>quidem</strong></span> <span class='ocrx_word' id='word_1_20' title='bbox 1412 783 1936 851; x_wconf 90' lang='lat' dir='ltr'><strong>concesserunt</strong></span> <span class='ocrx_word' id='word_1_21' title='bbox 1972 773 2092 849; x_wconf 90' lang='lat' dir='ltr'><strong>his</strong></span> <span class='ocrx_word' id='word_1_22' title='bbox 2132 771 2714 850; x_wconf 86' lang='lat' dir='ltr'><strong>conditionibus:</strong></span> <span class='ocrx_word' id='word_1_23' title='bbox 2756 771 2902 869; x_wconf 91' lang='lat' dir='ltr'><strong>pri·</strong></span> 
     </span>
     <span class='ocr_line' id='line_1_5' title="bbox 636 898 2898 998; baseline -0.004 -16"><span class='ocrx_word' id='word_1_24' title='bbox 636 930 846 998; x_wconf 88' lang='lat' dir='ltr'><strong>mum,</strong></span> <span class='ocrx_word' id='word_1_25' title='bbox 876 915 950 979; x_wconf 89' lang='lat' dir='ltr'><strong>ut</strong></span> <span class='ocrx_word' id='word_1_26' title='bbox 986 903 1370 979; x_wconf 87' lang='lat' dir='ltr'><strong>obsidibus</strong></span> <span class='ocrx_word' id='word_1_27' title='bbox 1411 910 1712 977; x_wconf 87' lang='lat' dir='ltr'><strong>caveret</strong></span> <span class='ocrx_word' id='word_1_28' title='bbox 1751 901 2023 976; x_wconf 88' lang='lat' dir='ltr'><strong>nullam</strong></span> <span class='ocrx_word' id='word_1_29' title='bbox 2063 900 2547 977; x_wconf 78' lang='lat' dir='ltr'><strong>hostilitatem</strong></span> <span class='ocrx_word' id='word_1_30' title='bbox 2588 898 2898 973; x_wconf 89' lang='lat' dir='ltr'><strong>nullum·</strong></span> 
     </span>
     <span class='ocr_line' id='line_1_6' title="bbox 640 1023 2905 1124; baseline -0.003 -21"><span class='ocrx_word' id='word_1_31' title='bbox 640 1057 731 1106; x_wconf 84' lang='lat' dir='ltr'><strong>ve</strong></span> <span class='ocrx_word' id='word_1_32' title='bbox 774 1031 1109 1105; x_wconf 88' lang='lat' dir='ltr'><strong>damnum</strong></span> <span class='ocrx_word' id='word_1_33' title='bbox 1150 1026 1546 1122; x_wconf 87' lang='lat' dir='ltr'><strong>illaturum,</strong></span> <span class='ocrx_word' id='word_1_34' title='bbox 1609 1026 1894 1120; x_wconf 86' lang='lat' dir='ltr'><strong>deinde,</strong></span> <span class='ocrx_word' id='word_1_35' title='bbox 1966 1034 2048 1101; x_wconf 88' lang='lat' dir='ltr'><strong>ut</strong></span> <span class='ocrx_word' id='word_1_36' title='bbox 2085 1023 2588 1124; x_wconf 88' lang='lat' dir='ltr'><strong>manipulatim</strong></span> <span class='ocrx_word' id='word_1_37' title='bbox 2629 1031 2705 1098; x_wconf 90' lang='lat' dir='ltr'><strong>et</strong></span> <span class='ocrx_word' id='word_1_38' title='bbox 2743 1023 2905 1099; x_wconf 91' lang='lat' dir='ltr'><strong>sine</strong></span> 
     </span>
     <span class='ocr_line' id='line_1_7' title="bbox 637 1148 2904 1250; baseline -0.003 -19"><span class='ocrx_word' id='word_1_39' title='bbox 637 1157 873 1250; x_wconf 88' lang='lat' dir='ltr'><strong>signis</strong></span> <span class='ocrx_word' id='word_1_40' title='bbox 931 1155 1142 1228; x_wconf 87' lang='lat' dir='ltr'><strong>miles</strong></span> <span class='ocrx_word' id='word_1_41' title='bbox 1199 1152 1573 1226; x_wconf 79' lang='lat' dir='ltr'><strong>transiret.</strong></span> <span class='ocrx_word' id='word_1_42' title='bbox 1617 1154 1722 1226; x_wconf 87' lang='lat' dir='ltr'><strong>At</strong></span> <span class='ocrx_word' id='word_1_43' title='bbox 1781 1152 2180 1244; x_wconf 84' lang='lat' dir='ltr'><strong>Flandrici,</strong></span> <span class='ocrx_word' id='word_1_44' title='bbox 2240 1173 2653 1248; x_wconf 86' lang='lat' dir='ltr'><strong>quanquam</strong></span> <span class='ocrx_word' id='word_1_45' title='bbox 2712 1148 2904 1224; x_wconf 88' lang='lat' dir='ltr'><strong>inter</strong></span> 
     </span>
     <span class='ocr_line' id='line_1_8' title="bbox 639 1276 2901 1373; baseline -0.003 -18"><span class='ocrx_word' id='word_1_46' title='bbox 639 1304 809 1356; x_wconf 88' lang='lat' dir='ltr'><strong>sese</strong></span> <span class='ocrx_word' id='word_1_47' title='bbox 848 1281 1034 1354; x_wconf 88' lang='lat' dir='ltr'><strong>bene</strong></span> <span class='ocrx_word' id='word_1_48' title='bbox 1077 1277 1571 1368; x_wconf 87' lang='lat' dir='ltr'><strong>convenirent,</strong></span> <span class='ocrx_word' id='word_1_49' title='bbox 1630 1301 1844 1351; x_wconf 87' lang='lat' dir='ltr'><strong>arces</strong></span> <span class='ocrx_word' id='word_1_50' title='bbox 1885 1285 2106 1373; x_wconf 89' lang='lat' dir='ltr'><strong>atque</strong></span> <span class='ocrx_word' id='word_1_51' title='bbox 2146 1277 2491 1351; x_wconf 88' lang='lat' dir='ltr'><strong>civitates</strong></span> <span class='ocrx_word' id='word_1_52' title='bbox 2531 1298 2788 1350; x_wconf 89' lang='lat' dir='ltr'><strong>omnes</strong></span> <span class='ocrx_word' id='word_1_53' title='bbox 2828 1276 2901 1349; x_wconf 92' lang='lat' dir='ltr'><strong>in</strong></span> 
     </span>
     <span class='ocr_line' id='line_1_9' title="bbox 633 1400 2903 1503; baseline -0.003 -23"><span class='ocrx_word' id='word_1_54' title='bbox 633 1412 1025 1503; x_wconf 76' lang='lat' dir='ltr'><strong>potestate,</strong></span> <span class='ocrx_word' id='word_1_55' title='bbox 1085 1405 1577 1502; x_wconf 87' lang='lat' dir='ltr'><strong>populumque</strong></span> <span class='ocrx_word' id='word_1_56' title='bbox 1634 1402 1779 1476; x_wconf 88' lang='lat' dir='ltr'><strong>sibi</strong></span> <span class='ocrx_word' id='word_1_57' title='bbox 1838 1402 2253 1477; x_wconf 87' lang='lat' dir='ltr'><strong>devinctum</strong></span> <span class='ocrx_word' id='word_1_58' title='bbox 2311 1410 2385 1476; x_wconf 91' lang='lat' dir='ltr'><strong>et</strong></span> <span class='ocrx_word' id='word_1_59' title='bbox 2433 1400 2628 1476; x_wconf 90' lang='lat' dir='ltr'><strong>ultro</strong></span> <span class='ocrx_word' id='word_1_60' title='bbox 2687 1402 2903 1475; x_wconf 88' lang='lat' dir='ltr'><strong>obse-</strong></span> 
     </span>
     <span class='ocr_line' id='line_1_10' title="bbox 635 1527 2902 1628; baseline -0.001 -22"><span class='ocrx_word' id='word_1_61' title='bbox 635 1541 975 1628; x_wconf 90' lang='lat' dir='ltr'><strong>quentem</strong></span> <span class='ocrx_word' id='word_1_62' title='bbox 1051 1538 1408 1618; x_wconf 88' lang='lat' dir='ltr'><strong>tenerent,</strong></span> <span class='ocrx_word' id='word_1_63' title='bbox 1485 1537 1939 1628; x_wconf 87' lang='lat' dir='ltr'><strong>possentque</strong></span> <span class='ocrx_word' id='word_1_64' title='bbox 1999 1531 2073 1603; x_wconf 92' lang='lat' dir='ltr'><strong>in</strong></span> <span class='ocrx_word' id='word_1_65' title='bbox 2150 1529 2515 1628; x_wconf 91' lang='lat' dir='ltr'><strong>principio</strong></span> <span class='ocrx_word' id='word_1_66' title='bbox 2592 1527 2902 1624; x_wconf 86' lang='lat' dir='ltr'><strong>egregie</strong></span> 
     </span>
     <span class='ocr_line' id='line_1_11' title="bbox 631 1653 2897 1754; baseline -0.001 -23"><span class='ocrx_word' id='word_1_67' title='bbox 631 1658 903 1733; x_wconf 92' lang='lat' dir='ltr'><strong>bellum</strong></span> <span class='ocrx_word' id='word_1_68' title='bbox 963 1657 1359 1731; x_wconf 86' lang='lat' dir='ltr'><strong>defendere</strong></span> <span class='ocrx_word' id='word_1_69' title='bbox 1418 1658 1779 1731; x_wconf 88' lang='lat' dir='ltr'><strong>adversus</strong></span> <span class='ocrx_word' id='word_1_70' title='bbox 1819 1680 2128 1754; x_wconf 86' lang='lat' dir='ltr'><strong>parvam</strong></span> <span class='ocrx_word' id='word_1_71' title='bbox 2178 1680 2469 1731; x_wconf 89' lang='lat' dir='ltr'><strong>manum</strong></span> <span class='ocrx_word' id='word_1_72' title='bbox 2518 1653 2897 1753; x_wconf 91' lang='lat' dir='ltr'><strong>Hispano·</strong></span> 
     </span>
     <span class='ocr_line' id='line_1_12' title="bbox 631 1779 2901 1878; baseline -0.002 -20"><span class='ocrx_word' id='word_1_73' title='bbox 631 1807 827 1859; x_wconf 89' lang='lat' dir='ltr'><strong>rum:</strong></span> <span class='ocrx_word' id='word_1_74' title='bbox 867 1782 1256 1858; x_wconf 91' lang='lat' dir='ltr'><strong>noluerunt</strong></span> <span class='ocrx_word' id='word_1_75' title='bbox 1311 1789 1555 1858; x_wconf 87' lang='lat' dir='ltr'><strong>tamen</strong></span> <span class='ocrx_word' id='word_1_76' title='bbox 1596 1807 1802 1857; x_wconf 89' lang='lat' dir='ltr'><strong>arma</strong></span> <span class='ocrx_word' id='word_1_77' title='bbox 1859 1806 2170 1875; x_wconf 89' lang='lat' dir='ltr'><strong>sumere,</strong></span> <span class='ocrx_word' id='word_1_78' title='bbox 2235 1806 2398 1858; x_wconf 88' lang='lat' dir='ltr'><strong>cum</strong></span> <span class='ocrx_word' id='word_1_79' title='bbox 2436 1804 2672 1878; x_wconf 90' lang='lat' dir='ltr'><strong>neque</strong></span> <span class='ocrx_word' id='word_1_80' title='bbox 2714 1779 2901 1854; x_wconf 83' lang='lat' dir='ltr'><strong>satis</strong></span> 
     </span>
     <span class='ocr_line' id='line_1_13' title="bbox 632 1904 2904 2006; baseline -0.002 -22"><span class='ocrx_word' id='word_1_81' title='bbox 632 1910 933 2006; x_wconf 91' lang='lat' dir='ltr'><strong>dignam</strong></span> <span class='ocrx_word' id='word_1_82' title='bbox 971 1911 1150 1984; x_wconf 91' lang='lat' dir='ltr'><strong>belli</strong></span> <span class='ocrx_word' id='word_1_83' title='bbox 1190 1932 1489 1983; x_wconf 88' lang='lat' dir='ltr'><strong>causam</strong></span> <span class='ocrx_word' id='word_1_84' title='bbox 1529 1909 1905 2000; x_wconf 88' lang='lat' dir='ltr'><strong>rebantur,</strong></span> <span class='ocrx_word' id='word_1_85' title='bbox 1944 1917 2096 1985; x_wconf 90' lang='lat' dir='ltr'><strong>tum</strong></span> <span class='ocrx_word' id='word_1_86' title='bbox 2156 1933 2333 1985; x_wconf 82' lang='lat' dir='ltr'><strong>vero</strong></span> <span class='ocrx_word' id='word_1_87' title='bbox 2393 1906 2587 2005; x_wconf 93' lang='lat' dir='ltr'><strong>quod</strong></span> <span class='ocrx_word' id='word_1_88' title='bbox 2628 1929 2773 1980; x_wconf 91' lang='lat' dir='ltr'><strong>non</strong></span> <span class='ocrx_word' id='word_1_89' title='bbox 2805 1904 2904 1980; x_wconf 89' lang='lat' dir='ltr'><strong>ad</strong></span> 
     </span>
     <span class='ocr_line' id='line_1_14' title="bbox 631 2030 2897 2133; baseline -0.002 -25"><span class='ocrx_word' id='word_1_90' title='bbox 631 2036 775 2108; x_wconf 89' lang='lat' dir='ltr'><strong>vim</strong></span> <span class='ocrx_word' id='word_1_91' title='bbox 815 2036 1291 2124; x_wconf 89' lang='lat' dir='ltr'><strong>inferendam,</strong></span> <span class='ocrx_word' id='word_1_92' title='bbox 1351 2034 1486 2110; x_wconf 91' lang='lat' dir='ltr'><strong>sed</strong></span> <span class='ocrx_word' id='word_1_93' title='bbox 1522 2036 1902 2109; x_wconf 86' lang='lat' dir='ltr'><strong>tutandam</strong></span> <span class='ocrx_word' id='word_1_94' title='bbox 1941 2035 2188 2111; x_wconf 88' lang='lat' dir='ltr'><strong>saltim</strong></span> <span class='ocrx_word' id='word_1_95' title='bbox 2249 2033 2725 2133; x_wconf 86' lang='lat' dir='ltr'><strong>provinciam,</strong></span> <span class='ocrx_word' id='word_1_96' title='bbox 2766 2030 2897 2104; x_wconf 91' lang='lat' dir='ltr'><strong>mi-</strong></span> 
     </span>
     <span class='ocr_line' id='line_1_15' title="bbox 629 2155 2902 2252; baseline -0.002 -17"><span class='ocrx_word' id='word_1_97' title='bbox 629 2161 831 2235; x_wconf 91' lang='lat' dir='ltr'><strong>litem</strong></span> <span class='ocrx_word' id='word_1_98' title='bbox 871 2159 1238 2235; x_wconf 76' lang='lat' dir='ltr'><strong>adducere</strong></span> <span class='ocrx_word' id='word_1_99' title='bbox 1263 2158 1602 2235; x_wconf 89' lang='lat' dir='ltr'><strong>Albanus</strong></span> <span class='ocrx_word' id='word_1_100' title='bbox 1636 2163 2079 2236; x_wconf 88' lang='lat' dir='ltr'><strong>ostenderet.</strong></span> <span class='ocrx_word' id='word_1_101' title='bbox 2105 2160 2319 2252; x_wconf 82' lang='lat' dir='ltr'><strong>Quod</strong></span> <span class='ocrx_word' id='word_1_102' title='bbox 2339 2168 2588 2235; x_wconf 91' lang='lat' dir='ltr'><strong>tamen</strong></span> <span class='ocrx_word' id='word_1_103' title='bbox 2613 2155 2902 2232; x_wconf 86' lang='lat' dir='ltr'><strong>Auran-</strong></span> 
     </span>
     <span class='ocr_line' id='line_1_16' title="bbox 631 2284 2901 2383; baseline -0.003 -22"><span class='ocrx_word' id='word_1_104' title='bbox 631 2287 797 2382; x_wconf 90' lang='lat' dir='ltr'><strong>gius</strong></span> <span class='ocrx_word' id='word_1_105' title='bbox 838 2294 912 2359; x_wconf 89' lang='lat' dir='ltr'><strong>et</strong></span> <span class='ocrx_word' id='word_1_106' title='bbox 950 2284 1299 2374; x_wconf 88' lang='lat' dir='ltr'><strong>nonnulli,</strong></span> <span class='ocrx_word' id='word_1_107' title='bbox 1338 2284 1462 2382; x_wconf 91' lang='lat' dir='ltr'><strong>qui</strong></span> <span class='ocrx_word' id='word_1_108' title='bbox 1501 2285 2002 2383; x_wconf 87' lang='lat' dir='ltr'><strong>Hispanorum</strong></span> <span class='ocrx_word' id='word_1_109' title='bbox 2059 2286 2363 2381; x_wconf 89' lang='lat' dir='ltr'><strong>ingenia</strong></span> <span class='ocrx_word' id='word_1_110' title='bbox 2400 2284 2692 2383; x_wconf 90' lang='lat' dir='ltr'><strong>penitus</strong></span> <span class='ocrx_word' id='word_1_111' title='bbox 2733 2304 2901 2356; x_wconf 89' lang='lat' dir='ltr'><strong>con·</strong></span> 
     </span>
     <span class='ocr_line' id='line_1_17' title="bbox 634 2409 2898 2508; baseline -0.003 -21"><span class='ocrx_word' id='word_1_112' title='bbox 634 2413 1085 2500; x_wconf 89' lang='lat' dir='ltr'><strong>siderabant,</strong></span> <span class='ocrx_word' id='word_1_113' title='bbox 1128 2412 1668 2486; x_wconf 89' lang='lat' dir='ltr'><strong>simulationem</strong></span> <span class='ocrx_word' id='word_1_114' title='bbox 1707 2435 1877 2486; x_wconf 89' lang='lat' dir='ltr'><strong>esse</strong></span> <span class='ocrx_word' id='word_1_115' title='bbox 1936 2413 2153 2487; x_wconf 89' lang='lat' dir='ltr'><strong>facile</strong></span> <span class='ocrx_word' id='word_1_116' title='bbox 2192 2409 2733 2508; x_wconf 85' lang='lat' dir='ltr'><strong>intelligebant,</strong></span> <span class='ocrx_word' id='word_1_117' title='bbox 2772 2431 2898 2482; x_wconf 89' lang='lat' dir='ltr'><strong>ne·</strong></span> 
     </span>
     <span class='ocr_line' id='line_1_18' title="bbox 635 2517 2899 2637; baseline -0.003 -23"><span class='ocrx_word' id='word_1_118' title='bbox 635 2517 776 2634; x_wconf 85' lang='lat' dir='ltr'><strong>quc</strong></span> <span class='ocrx_word' id='word_1_119' title='bbox 813 2537 966 2612; x_wconf 90' lang='lat' dir='ltr'><strong>illis</strong></span> <span class='ocrx_word' id='word_1_120' title='bbox 1008 2537 1452 2613; x_wconf 90' lang='lat' dir='ltr'><strong>credendum</strong></span> <span class='ocrx_word' id='word_1_121' title='bbox 1494 2559 1665 2612; x_wconf 89' lang='lat' dir='ltr'><strong>esse</strong></span> <span class='ocrx_word' id='word_1_122' title='bbox 1697 2537 2151 2633; x_wconf 87' lang='lat' dir='ltr'><strong>judicabant,</strong></span> <span class='ocrx_word' id='word_1_123' title='bbox 2192 2537 2387 2637; x_wconf 90' lang='lat' dir='ltr'><strong>quod</strong></span> <span class='ocrx_word' id='word_1_124' title='bbox 2430 2559 2678 2613; x_wconf 89' lang='lat' dir='ltr'><strong>verum</strong></span> <span class='ocrx_word' id='word_1_125' title='bbox 2717 2533 2899 2608; x_wconf 82' lang='lat' dir='ltr'><strong>fuis-</strong></span> 
     </span>
     <span class='ocr_line' id='line_1_19' title="bbox 634 2659 2896 2759; baseline -0.001 -23"><span class='ocrx_word' id='word_1_126' title='bbox 634 2685 718 2738; x_wconf 93' lang='lat' dir='ltr'><strong>se</strong></span> <span class='ocrx_word' id='word_1_127' title='bbox 757 2659 1300 2751; x_wconf 81' lang='lat' dir='ltr'><strong>intellexerant,</strong></span> <span class='ocrx_word' id='word_1_128' title='bbox 1339 2663 1466 2737; x_wconf 91' lang='lat' dir='ltr'><strong>ubi</strong></span> <span class='ocrx_word' id='word_1_129' title='bbox 1507 2659 1846 2738; x_wconf 88' lang='lat' dir='ltr'><strong>Albanus</strong></span> <span class='ocrx_word' id='word_1_130' title='bbox 1902 2663 2086 2737; x_wconf 87' lang='lat' dir='ltr'><strong>fines</strong></span> <span class='ocrx_word' id='word_1_131' title='bbox 2144 2664 2432 2759; x_wconf 85' lang='lat' dir='ltr'><strong>attigit,</strong></span> <span class='ocrx_word' id='word_1_132' title='bbox 2473 2687 2646 2738; x_wconf 90' lang='lat' dir='ltr'><strong>nam</strong></span> <span class='ocrx_word' id='word_1_133' title='bbox 2685 2683 2896 2735; x_wconf 83' lang='lat' dir='ltr'><strong>exer-</strong></span> 
     </span>
     <span class='ocr_line' id='line_1_20' title="bbox 635 2787 2896 2887; baseline 0 -27"><span class='ocrx_word' id='word_1_134' title='bbox 635 2789 853 2864; x_wconf 91' lang='lat' dir='ltr'><strong>citum</strong></span> <span class='ocrx_word' id='word_1_135' title='bbox 932 2788 1007 2861; x_wconf 89' lang='lat' dir='ltr'><strong>in</strong></span> <span class='ocrx_word' id='word_1_136' title='bbox 1084 2788 1412 2861; x_wconf 87' lang='lat' dir='ltr'><strong>ordinem</strong></span> <span class='ocrx_word' id='word_1_137' title='bbox 1464 2787 1779 2883; x_wconf 89' lang='lat' dir='ltr'><strong>redegit,</strong></span> <span class='ocrx_word' id='word_1_138' title='bbox 1857 2797 1932 2864; x_wconf 92' lang='lat' dir='ltr'><strong>et</strong></span> <span class='ocrx_word' id='word_1_139' title='bbox 1979 2790 2053 2863; x_wconf 93' lang='lat' dir='ltr'><strong>in</strong></span> <span class='ocrx_word' id='word_1_140' title='bbox 2094 2787 2498 2866; x_wconf 82' lang='lat' dir='ltr'><strong>Germania</strong></span> <span class='ocrx_word' id='word_1_141' title='bbox 2571 2789 2896 2887; x_wconf 90' lang='lat' dir='ltr'><strong>peditem</strong></span> 
     </span>
     <span class='ocr_line' id='line_1_21' title="bbox 648 2913 2896 3013; baseline -0.001 -25"><span class='ocrx_word' id='word_1_142' title='bbox 648 2913 1115 3011; x_wconf 90' lang='lat' dir='ltr'><strong>equitemque</strong></span> <span class='ocrx_word' id='word_1_143' title='bbox 1156 2914 1626 2988; x_wconf 76' lang='lat' dir='ltr'><strong>conscribere</strong></span> <span class='ocrx_word' id='word_1_144' title='bbox 1667 2915 1961 3013; x_wconf 87' lang='lat' dir='ltr'><strong>incepit,</strong></span> <span class='ocrx_word' id='word_1_145' title='bbox 2002 2923 2077 2991; x_wconf 90' lang='lat' dir='ltr'><strong>et</strong></span> <span class='ocrx_word' id='word_1_146' title='bbox 2115 2924 2267 2991; x_wconf 92' lang='lat' dir='ltr'><strong>tum</strong></span> <span class='ocrx_word' id='word_1_147' title='bbox 2304 2938 2472 2993; x_wconf 88' lang='lat' dir='ltr'><strong>sero</strong></span> <span class='ocrx_word' id='word_1_148' title='bbox 2509 2913 2896 2989; x_wconf 84' lang='lat' dir='ltr'><strong>intellexe-</strong></span> 
     </span>
     <span class='ocr_line' id='line_1_22' title="bbox 636 3037 2895 3140; baseline -0.001 -27"><span class='ocrx_word' id='word_1_149' title='bbox 636 3062 738 3129; x_wconf 92' lang='lat' dir='ltr'><strong>re,</strong></span> <span class='ocrx_word' id='word_1_150' title='bbox 782 3062 925 3136; x_wconf 92' lang='lat' dir='ltr'><strong>quo</strong></span> <span class='ocrx_word' id='word_1_151' title='bbox 967 3037 1211 3113; x_wconf 91' lang='lat' dir='ltr'><strong>animo</strong></span> <span class='ocrx_word' id='word_1_152' title='bbox 1251 3038 1710 3114; x_wconf 85' lang='lat' dir='ltr'><strong>adventaret.</strong></span> <span class='ocrx_word' id='word_1_153' title='bbox 1754 3039 1894 3131; x_wconf 82' lang='lat' dir='ltr'><strong>Qui</strong></span> <span class='ocrx_word' id='word_1_154' title='bbox 1936 3065 2093 3116; x_wconf 89' lang='lat' dir='ltr'><strong>cum</strong></span> <span class='ocrx_word' id='word_1_155' title='bbox 2134 3042 2367 3140; x_wconf 89' lang='lat' dir='ltr'><strong>copiis</strong></span> <span class='ocrx_word' id='word_1_156' title='bbox 2407 3041 2895 3116; x_wconf 87' lang='lat' dir='ltr'><strong>destitueren-</strong></span> 
     </span>
     <span class='ocr_line' id='line_1_23' title="bbox 635 3162 2894 3265; baseline -0.001 -25"><span class='ocrx_word' id='word_1_157' title='bbox 635 3174 775 3255; x_wconf 90' lang='lat' dir='ltr'><strong>tur,</strong></span> <span class='ocrx_word' id='word_1_158' title='bbox 818 3172 892 3239; x_wconf 94' lang='lat' dir='ltr'><strong>et</strong></span> <span class='ocrx_word' id='word_1_159' title='bbox 930 3164 1361 3260; x_wconf 90' lang='lat' dir='ltr'><strong>Aurangius</strong></span> <span class='ocrx_word' id='word_1_160' title='bbox 1403 3162 1909 3265; x_wconf 88' lang='lat' dir='ltr'><strong>Antverpiam,</strong></span> <span class='ocrx_word' id='word_1_161' title='bbox 1971 3192 2187 3264; x_wconf 90' lang='lat' dir='ltr'><strong>quam</strong></span> <span class='ocrx_word' id='word_1_162' title='bbox 2226 3168 2625 3258; x_wconf 88' lang='lat' dir='ltr'><strong>obtinebat,</strong></span> <span class='ocrx_word' id='word_1_163' title='bbox 2665 3165 2894 3242; x_wconf 80' lang='lat' dir='ltr'><strong>totius</strong></span> 
     </span>
     <span class='ocr_line' id='line_1_24' title="bbox 634 3291 2899 3391; baseline 0.001 -26"><span class='ocrx_word' id='word_1_164' title='bbox 634 3291 1187 3390; x_wconf 88' lang='lat' dir='ltr'><strong>septemtrionis</strong></span> <span class='ocrx_word' id='word_1_165' title='bbox 1247 3300 1320 3366; x_wconf 90' lang='lat' dir='ltr'><strong>et</strong></span> <span class='ocrx_word' id='word_1_166' title='bbox 1360 3291 1762 3367; x_wconf 88' lang='lat' dir='ltr'><strong>occidentis</strong></span> <span class='ocrx_word' id='word_1_167' title='bbox 1823 3293 2043 3390; x_wconf 87' lang='lat' dir='ltr'><strong>longe</strong></span> <span class='ocrx_word' id='word_1_168' title='bbox 2096 3294 2771 3391; x_wconf 87' lang='lat' dir='ltr'><strong>frequentissimum</strong></span> <span class='ocrx_word' id='word_1_169' title='bbox 2822 3303 2899 3368; x_wconf 90' lang='lat' dir='ltr'><strong>et</strong></span> 
     </span>
     <span class='ocr_line' id='line_1_25' title="bbox 634 3416 2890 3515; baseline 0 -24"><span class='ocrx_word' id='word_1_170' title='bbox 634 3416 1172 3492; x_wconf 89' lang='lat' dir='ltr'><strong>nobilissimum</strong></span> <span class='ocrx_word' id='word_1_171' title='bbox 1226 3418 1610 3515; x_wconf 90' lang='lat' dir='ltr'><strong>imperium</strong></span> <span class='ocrx_word' id='word_1_172' title='bbox 1669 3418 1828 3493; x_wconf 89' lang='lat' dir='ltr'><strong>sine</strong></span> <span class='ocrx_word' id='word_1_173' title='bbox 1885 3419 2116 3495; x_wconf 89' lang='lat' dir='ltr'><strong>milite</strong></span> <span class='ocrx_word' id='word_1_174' title='bbox 2155 3419 2458 3495; x_wconf 90' lang='lat' dir='ltr'><strong>retineri</strong></span> <span class='ocrx_word' id='word_1_175' title='bbox 2498 3416 2890 3492; x_wconf 60' lang='lat' dir='ltr'><strong>diffideret,</strong></span> 
     </span>
     <span class='ocr_line' id='line_1_26' title="bbox 629 3539 2887 3641; baseline 0 -25"><span class='ocrx_word' id='word_1_176' title='bbox 629 3543 706 3616; x_wconf 89' lang='lat' dir='ltr'><strong>in</strong></span> <span class='ocrx_word' id='word_1_177' title='bbox 748 3539 1228 3618; x_wconf 82' lang='lat' dir='ltr'><strong>Germaniam</strong></span> <span class='ocrx_word' id='word_1_178' title='bbox 1267 3543 1636 3618; x_wconf 86' lang='lat' dir='ltr'><strong>discessit.</strong></span> <span class='ocrx_word' id='word_1_179' title='bbox 1697 3542 1968 3619; x_wconf 86' lang='lat' dir='ltr'><strong>Comes</strong></span> <span class='ocrx_word' id='word_1_180' title='bbox 2009 3547 2565 3641; x_wconf 89' lang='lat' dir='ltr'><strong>Egmondanus,</strong></span> <span class='ocrx_word' id='word_1_181' title='bbox 2607 3543 2731 3641; x_wconf 91' lang='lat' dir='ltr'><strong>qui</strong></span> <span class='ocrx_word' id='word_1_182' title='bbox 2770 3566 2887 3616; x_wconf 85' lang='lat' dir='ltr'><strong>ar-</strong></span> 
     </span>
     <span class='ocr_line' id='line_1_27' title="bbox 633 3667 2889 3768; baseline -0.001 -24"><span class='ocrx_word' id='word_1_183' title='bbox 633 3691 788 3744; x_wconf 94' lang='lat' dir='ltr'><strong>cem</strong></span> <span class='ocrx_word' id='word_1_184' title='bbox 829 3667 1153 3743; x_wconf 90' lang='lat' dir='ltr'><strong>civitatis</strong></span> <span class='ocrx_word' id='word_1_185' title='bbox 1217 3669 1720 3764; x_wconf 85' lang='lat' dir='ltr'><strong>gandavensis</strong></span> <span class='ocrx_word' id='word_1_186' title='bbox 1780 3678 1853 3745; x_wconf 92' lang='lat' dir='ltr'><strong>et</strong></span> <span class='ocrx_word' id='word_1_187' title='bbox 1915 3672 2341 3746; x_wconf 88' lang='lat' dir='ltr'><strong>Flandriam</strong></span> <span class='ocrx_word' id='word_1_188' title='bbox 2399 3670 2889 3768; x_wconf 87' lang='lat' dir='ltr'><strong>gubernabat,</strong></span> 
     </span>
     <span class='ocr_line' id='line_1_28' title="bbox 631 3795 2889 3897; baseline -0.001 -27"><span class='ocrx_word' id='word_1_189' title='bbox 631 3818 790 3870; x_wconf 91' lang='lat' dir='ltr'><strong>cum</strong></span> <span class='ocrx_word' id='word_1_190' title='bbox 832 3801 906 3869; x_wconf 89' lang='lat' dir='ltr'><strong>et</strong></span> <span class='ocrx_word' id='word_1_191' title='bbox 940 3797 1160 3891; x_wconf 85' lang='lat' dir='ltr'><strong>paulo</strong></span> <span class='ocrx_word' id='word_1_192' title='bbox 1201 3803 1369 3868; x_wconf 90' lang='lat' dir='ltr'><strong>ante</strong></span> <span class='ocrx_word' id='word_1_193' title='bbox 1410 3795 1482 3868; x_wconf 90' lang='lat' dir='ltr'><strong>in</strong></span> <span class='ocrx_word' id='word_1_194' title='bbox 1527 3796 1970 3894; x_wconf 89' lang='lat' dir='ltr'><strong>Hispaniam</strong></span> <span class='ocrx_word' id='word_1_195' title='bbox 2009 3798 2103 3872; x_wconf 91' lang='lat' dir='ltr'><strong>ad</strong></span> <span class='ocrx_word' id='word_1_196' title='bbox 2143 3798 2560 3897; x_wconf 88' lang='lat' dir='ltr'><strong>Philippum</strong></span> <span class='ocrx_word' id='word_1_197' title='bbox 2601 3796 2889 3895; x_wconf 87' lang='lat' dir='ltr'><strong>profec-</strong></span> 
     </span>
     <span class='ocr_line' id='line_1_29' title="bbox 626 3921 2888 4021; baseline -0.001 -25"><span class='ocrx_word' id='word_1_198' title='bbox 626 3930 746 3996; x_wconf 91' lang='lat' dir='ltr'><strong>tus</strong></span> <span class='ocrx_word' id='word_1_199' title='bbox 784 3921 1106 4018; x_wconf 88' lang='lat' dir='ltr'><strong>benigne</strong></span> <span class='ocrx_word' id='word_1_200' title='bbox 1146 3929 1503 4019; x_wconf 79' lang='lat' dir='ltr'><strong>exceptus</strong></span> <span class='ocrx_word' id='word_1_201' title='bbox 1543 3933 1766 4015; x_wconf 88' lang='lat' dir='ltr'><strong>esset,</strong></span> <span class='ocrx_word' id='word_1_202' title='bbox 1824 3931 1977 3999; x_wconf 89' lang='lat' dir='ltr'><strong>tum</strong></span> <span class='ocrx_word' id='word_1_203' title='bbox 2017 3924 2211 4021; x_wconf 90' lang='lat' dir='ltr'><strong>quod</strong></span> <span class='ocrx_word' id='word_1_204' title='bbox 2247 3922 2430 3999; x_wconf 90' lang='lat' dir='ltr'><strong>nihil</strong></span> <span class='ocrx_word' id='word_1_205' title='bbox 2469 3922 2743 3999; x_wconf 87' lang='lat' dir='ltr'><strong>hostile</strong></span> <span class='ocrx_word' id='word_1_206' title='bbox 2782 3921 2888 3995; x_wconf 84' lang='lat' dir='ltr'><strong>fe·</strong></span> 
     </span>
     <span class='ocr_line' id='line_1_30' title="bbox 629 4045 2889 4149; baseline 0 -30"><span class='ocrx_word' id='word_1_207' title='bbox 629 4046 874 4137; x_wconf 87' lang='lat' dir='ltr'><strong>cisset,</strong></span> <span class='ocrx_word' id='word_1_208' title='bbox 924 4045 1105 4121; x_wconf 90' lang='lat' dir='ltr'><strong>nihil</strong></span> <span class='ocrx_word' id='word_1_209' title='bbox 1147 4048 1292 4121; x_wconf 89' lang='lat' dir='ltr'><strong>sibi</strong></span> <span class='ocrx_word' id='word_1_210' title='bbox 1332 4048 1795 4125; x_wconf 89' lang='lat' dir='ltr'><strong>metuendum</strong></span> <span class='ocrx_word' id='word_1_211' title='bbox 1834 4053 2164 4149; x_wconf 89' lang='lat' dir='ltr'><strong>putabat.</strong></span> <span class='ocrx_word' id='word_1_212' title='bbox 2238 4051 2477 4147; x_wconf 88' lang='lat' dir='ltr'><strong>Igitur</strong></span> <span class='ocrx_word' id='word_1_213' title='bbox 2515 4049 2889 4125; x_wconf 90' lang='lat' dir='ltr'><strong>Albanum</strong></span> 
     </span>
     <span class='ocr_line' id='line_1_31' title="bbox 627 4170 2884 4278; baseline 0.002 -35"><span class='ocrx_word' id='word_1_214' title='bbox 627 4170 730 4244; x_wconf 88' lang='lat' dir='ltr'><strong>uti</strong></span> <span class='ocrx_word' id='word_1_215' title='bbox 769 4170 843 4245; x_wconf 91' lang='lat' dir='ltr'><strong>in</strong></span> <span class='ocrx_word' id='word_1_216' title='bbox 880 4180 1149 4270; x_wconf 89' lang='lat' dir='ltr'><strong>pacata</strong></span> <span class='ocrx_word' id='word_1_217' title='bbox 1185 4173 1570 4271; x_wconf 88' lang='lat' dir='ltr'><strong>provincia</strong></span> <span class='ocrx_word' id='word_1_218' title='bbox 1606 4175 2009 4251; x_wconf 91' lang='lat' dir='ltr'><strong>honorifice</strong></span> <span class='ocrx_word' id='word_1_219' title='bbox 2048 4177 2340 4278; x_wconf 84' lang='lat' dir='ltr'><strong>excipit.</strong></span> <span class='ocrx_word' id='word_1_220' title='bbox 2379 4175 2483 4251; x_wconf 92' lang='lat' dir='ltr'><strong>At</strong></span> <span class='ocrx_word' id='word_1_221' title='bbox 2521 4174 2884 4261; x_wconf 86' lang='lat' dir='ltr'><strong>Albanus,</strong></span> 
     </span>
     <span class='ocr_line' id='line_1_32' title="bbox 627 4293 2879 4396; baseline 0 -26"><span class='ocrx_word' id='word_1_222' title='bbox 627 4293 755 4370; x_wconf 91' lang='lat' dir='ltr'><strong>ubi</strong></span> <span class='ocrx_word' id='word_1_223' title='bbox 792 4295 1216 4372; x_wconf 87' lang='lat' dir='ltr'><strong>Brussellas</strong></span> <span class='ocrx_word' id='word_1_224' title='bbox 1245 4298 1604 4396; x_wconf 88' lang='lat' dir='ltr'><strong>pervenit,</strong></span> <span class='ocrx_word' id='word_1_225' title='bbox 1629 4322 1820 4396; x_wconf 88' lang='lat' dir='ltr'><strong>quae</strong></span> <span class='ocrx_word' id='word_1_226' title='bbox 1870 4300 2133 4375; x_wconf 87' lang='lat' dir='ltr'><strong>civitas</strong></span> <span class='ocrx_word' id='word_1_227' title='bbox 2172 4309 2288 4376; x_wconf 89' lang='lat' dir='ltr'><strong>est</strong></span> <span class='ocrx_word' id='word_1_228' title='bbox 2325 4300 2546 4377; x_wconf 88' lang='lat' dir='ltr'><strong>sedes</strong></span> <span class='ocrx_word' id='word_1_229' title='bbox 2583 4298 2879 4376; x_wconf 87' lang='lat' dir='ltr'><strong>illarum</strong></span> 
     </span>
     <span class='ocr_line' id='line_1_33' title="bbox 635 4419 2876 4521; baseline 0.004 -29"><span class='ocrx_word' id='word_1_230' title='bbox 635 4419 1202 4516; x_wconf 88' lang='lat' dir='ltr'><strong>provinciarum,</strong></span> <span class='ocrx_word' id='word_1_231' title='bbox 1241 4423 1549 4520; x_wconf 90' lang='lat' dir='ltr'><strong>primum</strong></span> <span class='ocrx_word' id='word_1_232' title='bbox 1610 4426 1927 4500; x_wconf 91' lang='lat' dir='ltr'><strong>omnium</strong></span> <span class='ocrx_word' id='word_1_233' title='bbox 1974 4426 2499 4521; x_wconf 88' lang='lat' dir='ltr'><strong>gubernatoris</strong></span> <span class='ocrx_word' id='word_1_234' title='bbox 2558 4425 2876 4501; x_wconf 87' lang='lat' dir='ltr'><strong>officium</strong></span> 
     </span>
     <span class='ocr_line' id='line_1_34' title="bbox 627 4543 2869 4649; baseline 0.004 -30"><span class='ocrx_word' id='word_1_235' title='bbox 627 4543 769 4619; x_wconf 83' lang='lat' dir='ltr'><strong>sibi</strong></span> <span class='ocrx_word' id='word_1_236' title='bbox 837 4545 1213 4639; x_wconf 88' lang='lat' dir='ltr'><strong>vendicat;</strong></span> <span class='ocrx_word' id='word_1_237' title='bbox 1311 4549 1504 4644; x_wconf 92' lang='lat' dir='ltr'><strong>quod</strong></span> <span class='ocrx_word' id='word_1_238' title='bbox 1579 4551 2063 4645; x_wconf 82' lang='lat' dir='ltr'><strong>gubernatrix</strong></span> <span class='ocrx_word' id='word_1_239' title='bbox 2138 4549 2393 4627; x_wconf 84' lang='lat' dir='ltr'><strong>Caroli</strong></span> <span class='ocrx_word' id='word_1_240' title='bbox 2470 4551 2561 4626; x_wconf 91' lang='lat' dir='ltr'><strong>V.</strong></span> <span class='ocrx_word' id='word_1_241' title='bbox 2614 4553 2869 4649; x_wconf 86' lang='lat' dir='ltr'><strong>spuria</strong></span> 
     </span>
    </p>
   </div>
  </div>
 </body>
</html>
