3293 5219
2343 302 2496 378 145

255 528 330 595 et
364 519 823 617 temporibus
843 517 1166 594 felicium
1187 521 1599 617 reg11m,qui
1627 523 1721 597 ad
1761 522 2272 597 Macedoniam
2310 521 2494 595 fines

252 646 545 744 imperii
561 647 1273 745 propagaverant,in
1295 647 1731 723 Macedonia
1771 657 1844 724 et
1882 649 1978 724 ad
1999 649 2303 747 Epirum
2341 671 2488 721 am-

249 775 421 872 plas
495 773 892 848 facultates
949 770 1340 868 habebant,
1376 780 1639 870 postea
1712 775 1787 849 in
1826 776 2184 851 Inferiore
2227 773 2486 869 Unga-

254 901 371 976 ria
413 924 506 977 ac
544 898 810 976 Servia
848 901 1195 996 contigua
1216 902 1509 998 magnis
1532 902 1932 978 ditionibus
1953 903 2204 980 donati
2242 908 2495 994 erant3

255 1052 449 1127 quae
509 1038 752 1104 tamen
809 1028 1052 1104 omnia
1118 1037 1193 1105 et
1248 1037 1416 1104 ante
1474 1029 1757 1105 cladem
1829 1030 2345 1105 temesiensem
2404 1027 2496 1100 ab

256 1157 535 1231 Turcis
572 1156 844 1231 infesta
882 1164 1110 1246 erant,
1187 1157 1320 1230 sed
1369 1156 1643 1231 amisso
1685 1157 1978 1232 tandem
2020 1159 2500 1246 Temesvar0‚

252 1306 502 1379 neque
539 1283 615 1355 in
654 1280 919 1358 Servia
989 1282 1213 1357 ullum
1250 1282 1631 1380 imperium
1697 1292 2046 1378 nostrum,
2086 1294 2158 1357 et
2194 1282 2501 1359 Inferio-

251 1409 360 1482 ris
405 1405 790 1504 Ungariae
830 1407 1188 1502 reliquiae
1225 1415 1503 1483 tantum
1525 1416 2107 1506 permanserunt.
2129 1409 2275 1483 Hic
2312 1433 2494 1505 ergo

248 1534 507 1629 gentis
546 1555 726 1608 suae
763 1534 1020 1608 unicus
1045 1532 1116 1605 in
1174 1535 1345 1608 aula
1402 1534 1852 1610 Ferdinandi
1911 1536 2266 1611 educatus
2306 1543 2489 1616 erat,

258 1660 525 1755 lingva
586 1658 1055 1752 Germanica,
1112 1662 1582 1757 moribusque
1620 1663 2089 1738 Ferdinando
2150 1684 2503 1736 commen-

264 1786 508 1880 datus,
567 1794 642 1862 et
698 1789 792 1861 ob
847 1787 924 1861 id
978 1787 1052 1861 in
1109 1787 1717 1864 cubiculariorum
1775 1814 1865 1864 ac
1921 1796 2343 1864 senatorum
2382 1808 2506 1859 nu-

264 1934 544 1987 merum
619 1921 982 2011 receptus.
1058 1912 1203 2005 Qui
1278 1937 1529 1988 mense
1588 1913 1830 2014 Aprili
1870 1916 2162 1990 vixdum
2220 1915 2504 2013 praefe-

264 2049 545 2114 cturam
597 2041 828 2133 inivit,
886 2064 973 2114 en
1016 2039 1381 2116 Cassovia
1436 2043 1621 2117 hora
1656 2043 1890 2118 noctis
1946 2066 2159 2135 nona,
2214 2041 2507 2116 tertiam

265 2168 619 2244 decimam
694 2167 884 2241 diem
940 2169 1337 2263 sequentis,¹
1373 2168 1703 2264 fulgente
1799 2168 2163 2244 horrendo
2202 2175 2504 2257 cometa,

266 2297 459 2390 ignis
502 2319 596 2369 ex
618 2294 925 2369 aedibus
949 2294 1278 2369 Mathiae
1311 2293 1685 2370 Saiozlich
1708 2296 1976 2370 notarii
2013 2295 2294 2392 erupit,
2338 2316 2504 2366 ven-

263 2433 483 2519 toque
524 2419 809 2495 boreali
847 2421 1488 2504 vehementissimo
1547 2423 1898 2521 spirante,
1958 2422 2150 2496 intra
2191 2428 2508 2517 quatuor

264 2550 611 2624 horarum
650 2548 966 2646 spatium
1005 2572 1149 2624 una
1186 2571 1346 2623 cum
1402 2550 1677 2648 templo
1717 2548 2133 2648 principali,
2212 2556 2285 2621 et
2338 2546 2508 2619 duo-

265 2680 398 2753 bus
440 2677 933 2769 monasteriis,
994 2677 1342 2772 curiaque
1384 2678 1760 2751 senatoria
1781 2676 2309 2771 conflagravit3
2384 2674 2507 2744 vix

262 2805 573 2900 triginta
628 2803 909 2878 duabus
949 2803 1402 2880 domunculis
1480 2804 1867 2879 vilioribus
1924 2803 2217 2877 intactis
2273 2824 2510 2874 rema-

264 2932 633 3008 nentibus.
674 2932 777 3006 Et
818 2932 989 3029 quia
1028 2930 1414 3026 Georgius
1435 2931 1706 3023 Bebec,
1751 2932 1873 3027 qui
1909 2941 2120 3005 nocte
2159 2932 2288 3003 illa
2327 2928 2512 3000 Ros-

264 3060 535 3133 noviae
600 3081 762 3132 cum
823 3059 1150 3133 exercitu
1207 3060 1470 3149 fuerat,
1529 3057 1776 3132 statim
1834 3078 2044 3130 mane
2104 3054 2196 3128 ad
2272 3074 2512 3127 arcem

268 3183 688 3281 Nag-Idam
726 3183 1038 3260 vicinam
1095 3182 1509 3259 Cassoviae
1565 3207 1710 3259 non
1759 3192 2039 3258 tantum
2080 3204 2238 3256 cum
2276 3177 2515 3251 militi-

267 3314 427 3406 bus,
468 3310 605 3387 sed
642 3311 863 3387 etiam
920 3312 1259 3411 plurimis
1300 3313 1597 3386 rusticis
1658 3311 1754 3386 ad
1791 3312 1867 3383 id
1905 3309 2203 3401 coactis,
2244 3303 2514 3380 Casso-

270 3443 466 3515 viam
546 3450 1031 3537 occupaturus
1108 3448 1589 3538 pervenerat:
1648 3439 1998 3513 creditum
2055 3444 2206 3525 est,
2279 3433 2514 3531 ipsum

267 3567 453 3642 tanti
506 3567 821 3642 incendii
860 3575 1232 3643 auctorem
1288 3568 1540 3643 fuisse.
1637 3566 1870 3642 Paulo
1908 3572 2081 3664 post
2119 3559 2517 3638 Marcellus

270 3693 609 3769 Dietrich
693 3702 767 3768 et
839 3691 1312 3790 Volfgangus
1427 3691 1756 3769 Pucham
1850 3693 2072 3767 duces
2149 3686 2520 3785 copiarum

272 3819 725 3895 Ferdinandi
764 3818 1179 3894 adveniunt.
1262 3820 1631 3918 Imprimis
1697 3842 1873 3894 vero
1914 3819 2349 3896 occurrebat
2385 3831 2522 3884 arx

272 3947 580 4022 Tarkeo
674 3971 763 4022 ac
823 3947 1138 4023 vicinum
1208 3947 1594 4021 castellum
1673 3947 1915 4043 Ujvar
1982 3950 2076 4022 ad
2132 3939 2522 4047 Cibinium‚

272 4097 459 4173 quae
498 4097 596 4149 ex
634 4074 942 4173 consilio
985 4070 1305 4149 Simonis
1361 4073 1738 4170 Forgach,
1797 4099 1886 4148 ne
1931 4075 2265 4148 inimicas
2306 4096 2525 4148 arces

272 4211 440 4300 post
478 4225 565 4277 se
604 4203 1125 4298 relinquerent,
1166 4201 1482 4275 admotis
1525 4208 1652 4275 tan
1669 4203 2033 4277 tummodo
2074 4201 2361 4295 castris,
2400 4199 2528 4275 ab·

275 4340 481 4404 sente
525 4326 862 4425 Georgio
906 4330 1253 4426 Tarczay
1320 4337 1395 4402 et
1451 4351 1613 4403 cum
1671 4329 1943 4424 regina
2017 4329 2394 4421 existente,
2450 4326 2527 4400 in

273 4456 716 4532 deditionem
755 4456 957 4532 circa
993 4454 1449 4531 undecimam
1489 4455 1681 4530 diem
1721 4455 1773 4531 J
1786 4455 1912 4529 ulii
1954 4460 2413 4553 aeceperunt,
2454 4462 2528 4527 et

274 4584 602 4659 funditus
645 4583 975 4658 demoliti
1051 4589 1241 4657 sunt.
1300 4582 1587 4657 Deinde
1651 4581 2096 4658 Oassoviam
2135 4606 2363 4678 usque
2405 4581 2526 4655 de-

384 4752 586 4787 nomm.
623 4751 789 4788 mum.
827 4752 961 4786 1118'1‘.
996 4752 1194 4787 sempr.
1232 4752 1338 4786 XVI.
2063 4708 2158 4781 10
