3293 5219
2409 339 2568 419 405

275 557 443 625 tem
489 550 790 650 reperit,
832 573 1048 647 quem
1087 550 1569 647 evigilantem
1628 552 1876 628 statim
1939 559 2317 636 custodiae
2381 558 2566 634 mili-

275 686 446 752 tum
511 676 839 768 tradidit,
886 677 1307 776 scripturas
1367 700 1642 771 omnes,
1702 702 2176 781 quascunque
2232 686 2563 784 reperire

275 804 566 902 potuit,
605 804 1171 902 pervestigavit.
1215 803 1456 880 Paulo
1515 828 1695 881 vero
1754 815 1926 904 post
1978 810 2563 887 habitationibus

274 930 899 1026 ornamentisque
1010 929 1395 1025 regalibus
1491 931 1867 1028 spoliavit,
1978 957 2069 1009 ac
2143 937 2561 1012 arctissime

275 1053 661 1130 custodiri
688 1055 936 1149 jussit.
987 1053 1322 1130 Tandem
1365 1055 1731 1151 sangvine
1767 1056 2117 1135 universo
2156 1084 2290 1158 per
2329 1083 2559 1136 venas

274 1185 638 1253 extracto
692 1177 847 1253 vita
903 1199 1191 1276 quoque
1247 1178 1586 1276 privatus
1649 1188 1816 1277 est3
1877 1184 2315 1279 sangvinem
2371 1207 2553 1262 vero

272 1304 451 1400 igni
490 1305 845 1381 traditum
887 1314 1467 1399 concremarunt,
1497 1307 1692 1404 quod
1722 1332 1964 1405 genus
2006 1310 2349 1409 supplicii
2384 1313 2559 1388 hae-

269 1432 554 1508 reticis
667 1431 907 1528 infligi
1030 1433 1241 1507 solet.
1355 1431 1574 1523 Quod
1690 1434 1982 1510 facinus
2098 1437 2561 1513 confirmavit

278 1582 606 1636 causam
664 1557 941 1651 mortis,
982 1581 1173 1655 quae
1233 1558 1511 1634 tradita
1569 1567 1685 1634 est
1735 1561 1928 1637 inter
1966 1585 2276 1660 magnos
2316 1564 2550 1638 viros:

278 1686 496 1783 quod
536 1684 883 1759 videlicet
939 1681 1358 1760 haereticos
1415 1684 1652 1760 libros
1692 1685 2130 1781 lectitasset,
2171 1690 2558 1765 communi·

278 1818 696 1908 cassetque
734 1834 896 1887 cum
941 1807 1190 1885 Gallis
1230 1811 1848 1909 protestantibus.
1900 1822 1975 1889 et
2012 1815 2275 1910 Belgis
2315 1815 2553 1892 consi-

278 1938 494 2013 lium.
520 1938 712 2013 Nam
752 1937 1016 2012 deinde
1038 1937 1196 2011 sive
1236 1938 1577 2036 populari
1598 1938 2216 2034 opinione,sivein
2236 1941 2557 2039 gratiam

278 2063 529 2160 regie,
567 2061 817 2156 plures
839 2085 1111 2138 causae
1151 2071 1226 2137 et
1247 2071 1542 2138 atroces
1581 2064 1881 2139 affictae
1904 2067 2132 2141 fuere.
2174 2065 2323 2140 Sed
2359 2067 2553 2163 quod

279 2193 386 2265 ob
429 2188 865 2284 religionem
905 2210 1049 2262 nex
1088 2184 1302 2263 illata
1340 2189 1477 2281 sit,
1518 2188 2078 2265 Maximilianus
2115 2214 2380 2267 caesar
2416 2215 2552 2288 per

279 2315 616 2390 edictum
671 2314 1045 2413 publicum
1097 2313 1424 2406 notavit,
1486 2320 1561 2387 et
1617 2314 1900 2406 vetuit,
1957 2338 2049 2390 ne
2109 2316 2273 2412 quis
2325 2317 2549 2391 aliam

282 2463 601 2516 causam
692 2447 991 2537 praeter
1031 2437 1223 2512 hanc
1258 2444 1594 2533 putaret3
1657 2439 2011 2537 cavitque
2048 2440 2295 2516 banno
2331 2441 2554 2538 impe-

281 2566 485 2658 riali,
527 2573 644 2675 ‚ut
680 2571 969 2657 vocant,
1043 2563 1456 2662 quicunque
1495 2565 1953 2641 voluntatem
2010 2564 2391 2665 parricidii
2446 2568 2550 2644 in·

281 2691 578 2768 ferendi
599 2714 898 2767 causam
919 2692 1301 2766 dixissent.
1323 2690 1541 2782 Quod
1563 2691 1881 2767 edictum
1901 2714 2156 2767 omnes
2195 2692 2390 2768 alios
2429 2717 2516 2769 ru
2531 2736 2548 2747 ·

283 2841 540 2894 mores
589 2817 966 2892 exstinxit.
1028 2818 1147 2892 De
1209 2816 1351 2892 hoc
1406 2839 1606 2907 vem,
1648 2818 1844 2914 quod
1882 2817 2190 2914 sangvis
2230 2819 2553 2894 extrahi-

278 2954 423 3040 tur,
460 2953 537 3019 et
555 2951 1078 3036 concrematur,
1101 2942 1303 3017 aliud
1327 2944 1743 3038 exemplum
1776 2966 2151 3042 apponere
2188 2967 2334 3019 non
2376 2967 2546 3020 esse

279 3071 667 3168 indignum
706 3070 945 3144 visum
1001 3078 1135 3144 est.
1192 3068 1388 3143 Nam
1429 3064 1712 3143 Carolo
1751 3069 1843 3143 V.
1883 3069 2124 3146 adhuc
2163 3070 2355 3161 vivo,
2396 3070 2550 3168 qui-

283 3200 455 3275 dam
516 3221 661 3272 non
719 3198 1042 3271 obscura
1095 3195 1379 3272 familia
1416 3202 1641 3270 natus
1692 3197 1787 3270 ob
1828 3198 2264 3293 religionem
2303 3198 2401 3272 ad
2439 3196 2547 3291 ig·

281 3349 453 3401 nem
514 3323 1041 3399 condemnatus
1097 3322 1194 3394 ab
1245 3319 1819 3417 inquisitoribus
1858 3344 2017 3395 cum
2057 3322 2410 3396 universa
2443 3322 2549 3395 fa-

282 3451 512 3541 milia,
551 3448 780 3523 filium
833 3448 1160 3522 habebat
1216 3470 1308 3521 ex
1364 3445 1840 3523 nobilissima
1900 3453 2239 3521 matrona
2274 3448 2548 3520 lacten-

282 3588 432 3652 tem
470 3582 548 3649 et
583 3574 660 3647 in
724 3572 930 3647 cunis
1005 3571 1443 3668 vagientem.
1504 3568 1689 3646 Cum
1733 3592 1913 3666 ergo
1953 3571 2050 3645 ad
2086 3593 2345 3667 rogum
2385 3593 2547 3645 cum

281 3724 518 3777 uxore
577 3722 667 3772 ac
722 3680 983 3773 liberis
1039 3696 1442 3794 productus
1484 3702 1714 3787 esset,
1757 3696 2115 3770 infantem
2152 3695 2549 3793 Philippus

282 3838 434 3903 tum
472 3822 719 3901 adhuc
757 3823 1196 3899 adolescens
1235 3822 1533 3920 accepit
1571 3822 1646 3895 in
1687 3821 1922 3914 ulnas,
1961 3830 2036 3898 et
2077 3822 2549 3896 commisera-

278 3955 481 4030 tione
524 3945 803 4040 ductus,
862 3947 1034 4047 quid
1074 3949 1201 4024 ille
1239 3949 1456 4023 morti
1505 3948 2022 4024 atrocissimae
2065 3947 2361 4041 dignum
2402 3970 2547 4022 me-

277 4080 579 4166 ruisset,
636 4076 1148 4170 interrogavit.
1248 4072 1397 4150 Sed
1455 4073 1820 4148 infantem
1878 4074 2336 4148 abstractum
2392 4071 2549 4168 igni

277 4202 767 4292 tradiderunt,
820 4201 1118 4275 nimium
1175 4208 1248 4275 et
1302 4200 1471 4298 plus
1546 4220 1766 4294 quam
1817 4196 2115 4271 nimium
2154 4196 2548 4271 barbarico

273 4353 499 4422 more,
522 4336 596 4403 et
632 4328 777 4402 ritu
816 4355 832 4401 :
873 4325 1298 4424 Philippum
1339 4347 1530 4399 vero
1575 4330 1881 4399 sanctae
1920 4321 2444 4419 inquisitionis,
2466 4329 2545 4397 ut

273 4460 570 4543 vocant,
593 4452 730 4526 viri
769 4452 875 4526 ita
893 4451 1494 4541 condemnarunt,
1531 4456 1611 4524 ut
1654 4447 2115 4545 aliquantum
2155 4446 2542 4542 sangvinis

270 4603 366 4654 ex
476 4578 690 4654 venis
783 4576 1316 4668 extraheretur,
1388 4583 1462 4651 et
1553 4581 1777 4650 atrox
1864 4579 2267 4671 peccatum,
2347 4570 2543 4668 quod
