3293 5219
778 278 933 353 482

769 498 1233 589 superesset,
1290 490 1394 565 ibi
1452 488 1708 564 hostes
1767 486 2122 564 cuniculis
2180 486 2367 563 actis
2428 497 2498 563 et
2536 488 2815 585 apertis
2856 486 3010 583 igni

769 618 1032 692 missili
1111 626 1182 691 et
1238 619 1436 689 ferro
1498 616 1887 714 plurimum
1948 614 2396 709 persaevire.
2493 612 2777 687 Contra
2830 612 3010 686 haec

769 745 1189 835 christiani,
1249 744 1512 840 quibus
1571 744 1858 819 artibus
1922 743 2393 835 fallebantur,
2433 742 2693 817 iisdem
2753 752 2829 816 et
2875 742 3011 837 ipsi

766 869 1024 944 hostes
1061 869 1443 961 fallebant,
1503 875 1577 943 et
1616 870 1838 964 longe
1876 871 2156 964 majore
2198 892 2447 944 eorum
2488 868 2758 964 caede3
2814 867 3009 964 oppi-

769 994 1119 1069 danorum
1180 1001 1427 1068 tamen
1485 992 1878 1068 durissima
1944 994 2165 1087 longe
2207 992 2647 1088 conditione,
2708 993 2908 1090 quod
2942 994 3010 1065 in

768 1142 1050 1195 summa
1068 1118 1440 1216 paucitate
1462 1139 1759 1193 suorum
1804 1115 2184 1192 laboribus
2235 1143 2324 1192 ac
2360 1119 2776 1216 pervigiliis
2832 1141 3011 1216 pene

770 1245 1104 1334 confecti,
1166 1266 1454 1338 semper
1512 1243 1791 1339 aliquid
1844 1243 2181 1341 perdere,
2243 1253 2316 1318 et
2373 1245 2672 1319 amissis
2733 1245 3012 1341 aliquot

765 1369 1283 1444 munitionibus
1323 1368 1420 1442 ad
1457 1368 1849 1443 interiores
1888 1368 2358 1443 retrocedere
2395 1376 2673 1468 partes,
2715 1377 2791 1443 et
2828 1368 3010 1442 alias

768 1502 988 1590 atque
1046 1494 1236 1569 alias
1293 1491 1709 1568 incredibili
1765 1495 2024 1568 labore
2082 1502 2302 1590 atque
2343 1495 2585 1570 studio
2626 1494 2865 1571 omnis
2903 1515 3006 1567 se-

764 1642 902 1693 xus
962 1628 1033 1693 et
1090 1619 1326 1695 omnis
1367 1618 1660 1709 aetatis,
1699 1642 1835 1715 pro
1875 1618 2007 1692 illa
2047 1619 2279 1716 copia,
2321 1642 2540 1715 quam
2579 1619 3010 1694 calamitosa

763 1745 941 1818 urbs
980 1747 1347 1843 praebere
1385 1752 1702 1843 poterat,
1743 1745 1936 1834 lana,
1978 1744 2362 1840 bombyce,
2403 1745 2858 1833 centonibus,
2915 1745 3005 1818 ci-

764 1871 976 1963 liciis,
1018 1870 1235 1946 lineis
1277 1871 1590 1968 denique
1632 1870 2092 1945 vestimentis
2134 1871 2536 1965 congestis,
2577 1895 2671 1946 ex
2707 1894 2850 1947 usu
2886 1871 3006 1945 mi-

763 1994 971 2071 litiae
1021 2021 1378 2096 reparare
1437 1998 1932 2090 cogebantur3
1994 2002 2322 2071 attamen
2355 2016 2615 2072 'omues
2655 1997 3004 2070 immensa

764 2122 839 2194 vi
874 2121 1193 2198 hostium
1253 2145 1503 2197 eorum
1543 2129 1848 2196 conatus
1890 2130 2407 2219 exsuperante,
2448 2130 2808 2218 sequutae
2846 2128 3005 2195 sunt

765 2257 1078 2344 quatuor
1134 2249 1747 2347 oppugnationeS,
1808 2256 2122 2343 quatuor
2180 2248 2498 2322 diversis
2555 2250 3004 2346 temporibus

766 2376 861 2449 ab
902 2376 1105 2464 mari,
1149 2376 1243 2449 ab
1286 2383 1513 2464 terra,
1558 2372 2043 2480 omnibusque
2084 2373 2290 2453 locis,
2349 2381 2423 2447 et
2468 2374 2807 2449 omnibus
2884 2374 3002 2447 ho·

758 2501 977 2576 stium
1017 2503 1316 2589 viribus,
1339 2498 1799 2575 multitudine
1840 2498 2250 2596 copiarum,
2296 2498 2811 2590 obstinatione,
2851 2498 3001 2573 diu-

757 2627 1401 2719 turnitate,contra
1441 2627 1535 2700 ab
1559 2625 1982 2700 christianis
2025 2648 2180 2724 spe,
2224 2626 2485 2718 auimo,
2528 2626 2816 2701 viribus
2857 2649 2995 2699 ma-

751 2752 1289 2848 joribus,quam
1310 2775 1448 2847 pro
1471 2774 1770 2826 numero
1792 2751 2016 2846 longe
2032 2751 2393 2825 maximae
2405 2775 2496 2825 ac
2507 2752 2998 2831 admirandae}

761 2900 919 2951 cum
949 2875 1243 2966 tantilli,
1265 2883 1375 2950 tot
1390 2876 1743 2966 homines,
1769 2900 1911 2950 non
1923 2878 2082 2972 jam
2104 2900 2144 2961 e
2182 2875 2721 2970 munitionibus,
2760 2876 2897 2952 sed
2931 2878 2999 2948 in

760 3009 1020 3099 aperto
1079 3000 1417 3075 adversis
1475 3009 1753 3076 tantum
1812 3000 2268 3097 corporibus,
2328 3004 2668 3078 continuo
2727 3005 2998 3090 labore,

755 3126 1054 3222 vigiliis,
1113 3126 1396 3201 adhaec
1450 3126 1720 3218 inedia,
1780 3126 1942 3218 siti,
2004 3126 2291 3220 ardore,
2361 3129 2633 3224 plagiS,
2677 3150 2767 3202 ac
2806 3150 2985 3201 mor·

760 3253 876 3327 bis
933 3254 1203 3346 attriti,
1259 3263 1410 3328 tam
1468 3252 2044 3328 innumerabiles
2104 3253 2360 3350 copias
2437 3254 2776 3343 hostium,
2856 3263 2995 3326 tam

757 3379 1188 3474 frequentes
1231 3378 1845 3476 oppugnationes,
1867 3379 2173 3474 egregie
2215 3378 2861 3455 sustentarunt.Et
2896 3385 2995 3450 ta-

644 3550 652 3553 <
758 3526 921 3576 men
981 3503 1203 3577 animi
1262 3504 1583 3579 nondum
1643 3501 2124 3596 deficiebant,
2168 3502 2303 3577 sed
2361 3503 2750 3578 deficiebat
2796 3501 3000 3598 copia

755 3649 997 3702 rerum
1056 3628 1392 3719 omnium,
1454 3626 1801 3724 quicquid
1840 3635 2004 3701 erat
2040 3627 2337 3701 humani
2374 3627 2634 3722 victus,
2674 3649 2996 3702 consum·

757 3760 1000 3848 ptum;
1060 3751 1279 3826 etiam
1319 3753 1530 3849 equi,
1572 3753 1791 3842 feles,
1831 3751 2062 3845 asini3
2124 3752 2387 3848 quibus
2429 3753 2774 3828 comestis
2814 3771 2996 3825 sum·

756 3898 875 3949 ma
927 3899 1172 3950 rerum
1230 3876 1325 3950 ad
1364 3877 1637 3950 victum
1688 3875 2302 3969 necessariarum,
2381 3902 2576 3975 aqua
2653 3887 2728 3952 et
2781 3876 2996 3952 fabae

755 4002 1162 4078 restabant.
1244 4001 1393 4076 Sed
1448 4003 1780 4100 pulveris
1821 4003 2281 4078 tormentarii
2330 4004 2496 4080 sola
2534 4011 2819 4102 septem
2859 4024 2996 4075 non

757 4126 1073 4224 amplius
1152 4131 1476 4204 vascula.
1533 4130 1633 4202 Et
1723 4128 1965 4203 adhuc
2002 4127 2407 4224 Mustapha
2448 4129 2853 4226 majoribus
2913 4149 2998 4199 ac

752 4252 1088 4347 pluribus
1154 4256 1684 4352 perpetuisque
1741 4255 2148 4346 laboribUS,
2204 4233 2461 4347 ruinis,
2501 4279 2590 4329 ac
2632 4254 2995 4328 machina-

754 4376 1040 4467 mentis,
1066 4387 1394 4453 extrema
1437 4379 1508 4452 vi
1545 4403 1810 4453 novam
1852 4381 2480 4474 oppugnationem
2522 4378 2998 4477 parabat.De

755 4527 845 4575 ea
870 4528 949 4577 re
975 4503 1318 4580 Selimum
1351 4508 1739 4581 certiorem
1760 4506 2039 4598 facit,et
2080 4507 2268 4581 diem
2294 4529 2582 4603 quoque
2622 4502 2993 4581 adscribit.
