3293 5219
785 336 942 413 306

783 554 1471 653 longinquissimum
1548 553 1934 629 confinium
2013 550 2348 650 Sigetum
2426 562 2621 650 erat,
2699 554 2797 629 ad
2834 554 3028 627 Dra-

785 707 953 757 vam
992 707 1315 774 amnem,
1354 681 1430 754 in
1469 679 1818 756 comitatu
1852 681 2319 774 baroniensi,
2360 684 2569 778 cujus
2609 681 2682 754 vi
2719 704 2811 753 ac
2848 679 3031 753 mili-

781 809 925 884 tari
964 810 1231 899 virtute
1271 808 1605 882 Dravam
1643 807 2210 903 Danubiumque
2259 808 2454 882 intra
2492 832 2760 905 magna
2793 816 3030 881 terra-

784 959 943 1011 rum
983 936 1227 1034 spatia
1265 933 1610 1009 mandata
1651 935 2269 1031 exsequebantur,
2312 935 2702 1010 comitatus
2744 930 3033 1009 scilicet

782 1061 1251 1157 simigiensiS‚
1322 1060 1808 1149 batoniensis2
1870 1061 2269 1152 tolnensiS‚
2347 1062 2603 1137 Valco.
2696 1062 2799 1135 Et
2841 1059 3029 1135 haec

786 1188 1074 1285 quidem
1110 1186 1519 1283 -Ungariae
1597 1184 1951 1279 confinia3
2046 1185 2240 1261 intra
2315 1210 2503 1283 quae
2580 1185 3035 1285 appendices

790 1323 1070 1391 tantum
1163 1320 1639 1412 supererant,
1735 1313 1840 1388 ita
1930 1319 2011 1388 ut
2106 1311 2363 1409 Sigeto
2459 1310 2760 1389 Giulam
2835 1314 3034 1389 ituro

788 1440 1251 1535 Sclavoniae,
1295 1440 1613 1538 styriae,
1653 1438 2025 1533 Austriae,
2065 1441 2468 1534 Moraviae,
2510 1439 2852 1534 Silesiae,
2894 1441 3034 1515 Po-

787 1568 1031 1645 loniae
1117 1564 1754 1664 propinquandum
1845 1570 2029 1639 erat.
2137 1565 2384 1639 Medio
2461 1564 2717 1641 hostes
2794 1576 3036 1653 erant,

793 1697 888 1771 ad
922 1718 1158 1792 usque
1196 1717 1398 1769 mare
1438 1694 1809 1792 ponticum
1848 1701 2067 1789 atque
2106 1693 2562 1785 adriaticum,
2623 1716 2765 1789 quo
2807 1694 3038 1791 impe-

795 1825 979 1900 rium
1022 1823 1404 1919 Ungarum
1458 1823 1626 1898 olim
1690 1822 1911 1917 longe
1970 1823 2265 1918 lateque
2305 1820 2853 1919 porrigebatur.
2895 1818 3037 1894 Ce-

788 1959 1044 2042 terum,
1091 1973 1279 2046 quae
1321 1973 1411 2023 ex
1452 1947 1787 2023 confiniis
1828 1947 2425 2044 possidebantur,
2496 1957 2848 2044 tanquam
2889 1938 3034 2020 ine·

789 2078 913 2153 dia
965 2077 1157 2150 inter
1215 2076 1353 2151 duo
1410 2075 1741 2174 imperia,
1804 2074 2085 2149 tributa
2145 2099 2233 2150 ac
2292 2074 2598 2150 servitia
2649 2072 2769 2148 his
2811 2082 3036 2170 atque

787 2204 937 2280 illis
977 2201 1415 2299 pendebant.
1474 2203 1593 2276 Ex
1650 2202 2050 2300 provinciis
2109 2202 2464 2298 ungarico
2507 2200 2869 2297 subjectis
2907 2201 3032 2275 im-

789 2331 994 2431 perio
1051 2330 1240 2404 haec
1296 2337 1738 2428 supererant
1776 2358 1792 2402 ε
1850 2329 1975 2403 ubi
2013 2328 2392 2426 proximus
2433 2329 2526 2403 ab
2569 2326 2831 2423 Sigeto
2873 2335 3038 2401 erat

788 2459 1090 2533 Dravae
1128 2458 1505 2552 trajectus,
1545 2458 1620 2531 in
1661 2454 2061 2532 Sclavonia
2100 2453 2537 2554 Caproncia,
2613 2462 2690 2529 et
2746 2453 3036 2551 Zagra-

787 2585 933 2680 bia,
991 2585 1263 2684 oppida
1315 2593 1509 2661 metu
1548 2581 1803 2661 hostili
1840 2608 2031 2683 pene
2068 2584 2389 2677 deserta,
2462 2583 2906 2678 restabant;
2962 2582 3034 2655 in

684 2757 693 2768 ·
790 2710 1095 2788 Oroatia
1169 2710 1642 2806 Stenisniak,
1720 2711 2106 2789 Modrusia
2182 2722 2254 2787 et
2328 2711 2603 2808 Segnia
2678 2706 3035 2809 oppidula

787 2840 915 2915 vix
952 2862 1120 2916 sese
1160 2841 1628 2934 tutabantur3
1678 2843 1834 2936 jam
1873 2839 2194 2938 Styriae,
2238 2837 2686 2933 Carinthiae,
2727 2834 3038 2913 Carnio-

788 2965 934 3040 liae
1009 2965 1325 3041 confinia
1401 2975 1621 3064 atque
1696 2966 2272 3066 propugnacula.
2345 2964 2601 3040 Robur
2658 2964 3034 3061 legionum

788 3089 1088 3184 nullum,
1149 3100 1223 3166 et
1276 3092 1342 3165 si
1404 3091 1678 3167 bellum
1716 3094 2114 3189 ingrueret,
2151 3093 2365 3167 miles
2414 3091 2826 3167 subitarias
2870 3113 3034 3165 eon-

794 3217 1279 3313 scribebatur‚
1338 3242 1566 3318 saepe
1624 3229 1751 3295 aut
1794 3223 1955 3316 jam
2017 3219 2349 3294 confecto
2389 3218 2605 3312 bello,
2666 3226 2799 3294 aut
2835 3218 3033 3293 nullo

789 3369 964 3439 usu3
1022 3369 1280 3422 rursus
1319 3347 1577 3422 eadem
1613 3347 1923 3423 levitate
1964 3347 2602 3422 exauctorabatur.
2679 3347 2776 3421 In
2816 3343 3036 3421 confi-

788 3473 931 3548 niis
970 3472 1345 3571 praesidia
1384 3472 1699 3570 Ungari,
1725 3475 1857 3549 sed
1893 3480 2091 3550 tutas
2134 3498 2221 3549 ac
2258 3474 2479 3549 utiles
2517 3474 3034 3573 praefecturas

793 3596 1145 3676 Germani
1207 3601 1615 3696 agitabant.
1714 3601 1802 3675 Id
1872 3624 2158 3699 quoque
2219 3598 2660 3699 Solymanus
2735 3600 3034 3675 biennio

790 3733 960 3801 ante
1000 3750 1133 3824 per
1173 3728 1464 3803 litteras
1503 3727 1837 3824 petierat,
1879 3735 1957 3802 ut
1999 3726 2396 3804 Germanis
2437 3727 2755 3802 confinia
2791 3726 3034 3801 firma-

787 3861 1058 3945 rentur,
1135 3862 1482 3950 tanquam
1535 3854 1633 3928 ad
1687 3877 1944 3949 pacem
2003 3864 2076 3930 et
2136 3855 2468 3930 inducias
2507 3853 3030 3952 paratioribus.

788 3979 877 4055 Id
935 3977 1336 4056 Germanis
1392 3981 1833 4080 persvaderi
1890 4004 2034 4056 non
2091 3972 2346 4079 potuit.
2402 3981 2573 4056 Jam
2618 3982 2694 4054 in
2742 3981 3033 4077 reliqna
3083 4057 3086 4060 ,

790 4105 1344 4200 christianitate,
1369 4105 1884 4204 Sigismundus
1923 4107 2302 4200 Poloniae,
2341 4131 2429 4182 ac
2469 4089 2880 4204 Philippus
2905 4105 3036 4180 Hi-

790 4232 1212 4330 spaniarum
1251 4257 1494 4331 reges,
1535 4234 1852 4309 diversis
1891 4244 2254 4310 terrarum
2291 4234 2652 4331 partibus,
2674 4233 3036 4307 incertum

670 4411 673 4414 -
787 4383 884 4432 an
940 4357 1061 4433 hic
1115 4362 1398 4454 fortior,
1455 4385 1671 4458 quam
1728 4362 1856 4437 ille
1908 4362 2216 4454 mollior,
2257 4384 2496 4436 rerum
2538 4361 3034 4458 potiebantur.

791 4483 1211 4562 Galliarum
1251 4487 1375 4561 vix
1412 4490 1876 4586 pubertatem
1913 4488 2323 4584 ingressus.
2351 4490 2436 4562 In
2475 4487 2864 4562 Britannia
2885 4484 3035 4560 An-

788 4613 894 4704 gli
951 4614 1237 4687 mulieri
1293 4618 1696 4711 parebant,
1776 4639 1962 4712 quae
2021 4616 2372 4715 pudicitia
2430 4616 2740 4690 Henrici
2794 4612 3037 4713 patris
