3293 5219
2326 354 2485 434 225

213 580 706 675 transgressi,
762 580 869 654 uti
907 601 1042 677 pro
1102 575 1450 672 augustia
1507 575 1862 670 temporis
1922 584 1996 649 et
2042 575 2366 651 hostium
2408 577 2482 650 vi

211 707 491 804 potuit,
551 714 631 780 ut
684 713 903 780 antea
961 704 1346 795 docuerat,
1401 701 1476 774 in
1524 701 1707 774 duas
1768 700 1968 774 acies
2046 711 2327 777 co‘eunt.
2387 707 2475 776 ln

212 833 458 929 prima
499 831 660 905 acie
701 831 1067 905 Antonius
1091 852 1248 903 cum
1290 827 1941 924 Burgundionibus
1992 834 2067 902 et
2106 828 2322 924 gravi
2362 852 2479 901 ar·-

211 968 529 1046 matura,
587 983 674 1031 ac
730 966 944 1055 parte
1000 955 1376 1053 peditatus
1437 955 1617 1028 duce
1677 954 2059 1050 Stephano
2120 955 2364 1050 Balog
2402 955 2476 1027 in

212 1085 619 1181 peditatum
656 1082 977 1155 hostium
999 1081 1354 1171 invectus,
1395 1105 1528 1177 per
1568 1080 1860 1185 medios·
1875 1081 2162 1171 transit,
2204 1105 2292 1154 ac
2332 1079 2477 1154 dis·

211 1212 453 1308 sipat;
516 1209 1071 1305 dissipatosque
1134 1207 1457 1279 secunda
1515 1206 1737 1293 acies,
1803 1231 1991 1303 quae
2032 1229 2265 1304 parvo
2306 1230 2478 1304 spa-

212 1336 323 1409 cio
364 1335 843 1430 sequebatur,
902 1334 976 1405 in
1028 1356 1171 1428 qua
1212 1339 1372 1404 erat
1411 1331 1744 1405 Jacobus
1824 1342 1897 1406 et
1937 1333 2295 1410 Albertus
2334 1333 2480 1409 La·

209 1463 436 1554 scius,
476 1461 701 1534 facile
762 1458 1293 1534 contrucidant.
1346 1459 1431 1531 In
1472 1456 1982 1532 Alexandrum
2038 1462 2295 1535 eodem
2350 1461 2481 1534 im-

211 1596 390 1685 petu
467 1586 635 1659 inde
711 1593 916 1660 recta
972 1583 1534 1681 impressionem
1611 1585 1828 1679 facit3
1916 1585 2049 1659 sed
2121 1587 2185 1658 is
2263 1587 2480 1661 amis-

213 1735 298 1785 so
338 1711 698 1809 peditam,
740 1720 812 1785 et
869 1711 1102 1805 primo
1158 1712 1434 1808 impetu
1492 1711 1727 1803 irrito,
1784 1734 2142 1808 nusquam
2203 1714 2484 1788 confer-

210 1847 366 1912 tum
403 1838 766 1935 praelium
810 1838 1008 1929 dare,
1067 1837 1201 1911 sed
1256 1837 1471 1912 modo
1514 1860 1867 1933 pugnare,
1927 1836 2139 1911 modo
2181 1838 2483 1934 cedere,

154 1976 161 1981 ⁴
214 1988 299 2036 ex
368 1963 637 2059 quibus
712 1964 938 2037 multo
997 1964 1250 2059 plures
1326 1963 1652 2036 cedendo
1731 1963 2118 2053 cadebant,
2179 1987 2485 2061 quorum

224 2099 453 2186 terga
510 2091 875 2190 Antonius
952 2114 1113 2164 cum
1163 2091 1315 2165 suis
1370 2091 1710 2177 feriebat,
1791 2114 2006 2187 quam
2046 2092 2483 2188 pugnando:

226 2217 525 2291 tandem
565 2216 707 2290 fusi
749 2225 969 2312 atque
1008 2217 1263 2311 ‘fugati
1302 2224 1508 2307 sunt,
1582 2238 1769 2313 quos
1811 2215 2176 2291 Antonius
2218 2218 2341 2289 diu·
2377 2216 2486 2288 in-

214 2350 548 2416 sectatus
589 2350 721 2433 est,
764 2342 1010 2414 multis
1067 2349 1192 2415 aut
1249 2342 1485 2438 captis
1550 2349 1676 2415 aut
1735 2344 2018 2434 caesis3
2060 2351 2279 2438 capta
2319 2348 2490 2415 sunt

215 2468 434 2562 signa
474 2466 827 2540 militaria
881 2469 1259 2563 pleraque,
1302 2475 1375 2541 et
1433 2474 1800 2542 tormenta
1839 2468 2102 2541 omnia.
2145 2468 2488 2542 Hostium

223 2593 363 2669 duo
444 2593 679 2667 millia
717 2594 790 2666 in
862 2594 1025 2667 loco
1083 2594 1351 2689 praelii
1412 2593 1765 2687 cecidere,
1843 2593 1914 2666 in
1956 2596 2138 2688 fuga
2196 2615 2485 2694 quoque

220 2742 690 2816 nequaquam
751 2718 1185 2813 pauciores3
1265 2742 1356 2791 ex
1415 2719 1767 2791 militibus
1827 2720 2100 2793 JacObi
2161 2729 2488 2815 centnm,

222 2846 559 2941 captivos
617 2866 794 2918 vero
836 2866 1090 2918 omnes
1152 2844 1486 2919 ,Iacobus
1538 2844 1818 2917 liberos
1882 2845 2175 2920 dimisit.
2218 2845 2489 2921 Secun-

222 2971 385 3044 dum
426 2966 790 3067 praelium
830 2969 927 3041 ad
968 2968 1314 3065 oppidum
1352 2977 1575 3064 atque
1615 2991 1861 3041 arcem
1903 2967 2207 3044 Zuchva
2270 2967 2490 3068 (quae

222 3095 441 3171 sedes
481 3103 601 3168 est
656 3095 1065 3192 principum
1124 3090 1566 3191 Valachiae)
1645 3095 2038 3188 contendit,
2115 3119 2332 3192 quam
2381 3105 2490 3171 ta·

222 3246 387 3297 men
427 3221 725 3294 obviam
783 3222 1161 3294 venientes
1213 3221 1279 3294 ei
1350 3219 1719 3294 dedidere.
1795 3221 2157 3319 Episcopi
2197 3245 2375 3296 vero
2417 3231 2492 3297 et

234 3349 475 3422 clerus
538 3370 696 3420 cum
736 3346 1212 3442 processione
1271 3346 1558 3420 solenni
1596 3346 1671 3418 in
1714 3369 1958 3420 arcem
2000 3348 2490 3440 introducunt,

237 3473 422 3547 etin
462 3471 867 3568 principem
920 3472 1104 3560 (ritu
1163 3471 1564 3545 christiano
1621 3471 1822 3546 haud
1878 3470 2102 3546 multo
2147 3470 2490 3547 dissimili

240 3600 331 3672 ab
374 3597 698 3671 ecclesia
734 3591 1066 3692 romana)
1124 3598 1628 3692 inauguratur.
1720 3597 2061 3670 Nondum
2121 3605 2369 3673 tamen
2417 3599 2493 3670 in

231 3745 465 3820 regno
507 3745 845 3796 securum
885 3741 966 3796 se
1008 3745 1176 3797 esse
1216 3726 1548 3819 putabat,
1603 3723 1775 3798 dum
1814 3721 2245 3806 Alexandro
2285 3726 2490 3798 vires

230 3872 558 3948 opesque
581 3858 1078 3946 superessent,
1103 3850 1227 3946 qui
1250 3850 1345 3923 ad
1364 3848 1632 3925 flumen
1659 3849 1862 3924 Prud
1901 3850 2302 3925 exercitum
2340 3852 2493 3924 lon-

234 3996 324 4068 ge
365 3976 723 4070 majorem
794 3977 1293 4073 comparabat,
1355 3977 1688 4051 evocatis
1730 3977 1950 4051 etiam
2027 3979 2100 4049 in
2145 3977 2496 4050 auxilium

232 4099 506 4176 Turcis
567 4108 639 4173 et
698 4102 1082 4194 Tartaris,
1163 4126 1253 4176 ac
1309 4102 1769 4198 transalpino
1833 4101 2196 4196 vajvoda,
2287 4102 2495 4196 cujus

231 4227 433 4303 fama
462 4250 700 4322 parva
737 4236 957 4323 atque
989 4228 1279 4302 modica
1301 4228 1395 4302 ab
1441 4228 1788 4301 barbaris
1832 4228 2074 4302 studio
2117 4227 2498 4331 edebatur,

235 4354 789 4429 consulentibus
829 4361 1117 4450 partem
1158 4355 1464 4428 militum
1505 4353 1933 4428 mittendam
1973 4353 2067 4427 ad
2106 4351 2496 4426 conficien-

237 4478 403 4554 dum
442 4480 741 4555 bellum.
784 4479 1179 4577 Nunquam
1215 4489 1464 4556 tamen
1504 4479 1875 4556 Antonius
1919 4480 2355 4555 dividendas
2395 4479 2498 4551 vi-

240 4627 380 4696 res,
425 4604 600 4702 quin
639 4606 885 4702 potius
926 4607 1312 4696 consuluit,
1371 4612 1450 4680 ut
1509 4605 1763 4680 missis
1820 4605 2186 4682 mandatis
2248 4628 2500 4681 omnes

355 4773 565 4808 RONUU·
599 4773 763 4809 EUNG.
798 4775 937 4810 tum.
962 4775 1162 4811 smum'.
1182 4775 1295 4814 xvl.
2078 4730 2176 4806 15
