3293 5219
788 338 943 415 136

784 558 972 630 inter
1010 575 1093 627 se
1130 552 1390 650 plebes
1429 550 1832 647 gratulari,
1880 549 2282 647 principem
2317 549 2733 626 venientem
2769 550 3035 626 faustis

785 677 1434 757 acclamationibus
1472 677 1852 775 prosequi,
1894 700 2028 751 ora
2065 676 2454 772 vultusque
2492 676 2652 750 sine
2690 676 3036 751 satietate

785 806 1091 894 intueri,
1206 802 1779 879 incolumitatem
1860 802 2553 899 diuturnitatemque
2648 804 2843 878 vitae
2952 824 3044 876 ac

785 932 1354 1032 prosperitatem
1396 930 1712 1027 precari,
1732 929 2262 1026 imperiumque
2283 927 2502 1023 regni
2542 928 2848 1004 occultis
2888 928 3039 1003 ani-

788 1082 1063 1134 morum
1105 1056 1484 1152 suffragiis
1526 1056 1748 1131 stulte
1789 1055 1856 1130 ei
1870 1058 2027 1151 jam
2047 1063 2197 1130 tum
2219 1056 2614 1130 destinare.
2677 1055 3041 1153 Princeps

787 1175 1211 1261 continuato
1263 1185 1525 1258 itinere
1586 1183 1844 1282 paucis
1886 1183 2144 1257 diebus
2184 1180 2532 1258 Canisam
2574 1183 2669 1258 ad
2707 1183 3045 1280 reliquas

786 1313 1040 1411 copias
1078 1310 1433 1408 pervenit,
1456 1310 1866 1386 ubicetera,
1890 1309 2178 1405 quidem
2218 1309 2404 1382 satis
2445 1310 2822 1407 sapienter
2860 1332 3039 1405 pro-

796 1439 995 1520 vidit,
1038 1444 1559 1535 praeterquam
1619 1434 1815 1531 quod
1851 1458 1988 1509 nec
2023 1435 2604 1532 reprehensione
2643 1459 2778 1509 nec
2819 1435 3043 1537 casti-

790 1565 1091 1663 gatione
1148 1562 1304 1639 ulla
1361 1563 1678 1638 domitus
1738 1561 1968 1652 miles,
2026 1562 2210 1637 nihil
2268 1563 2363 1636 ad
2401 1562 2770 1660 inceptam
2807 1564 3041 1637 semel

792 1690 1321 1779 crudelitatem,
1381 1688 1872 1784 miserumque
1948 1690 2214 1783 vulgus
2292 1688 2857 1763 excruciandum
2898 1688 3047 1763 sibi

791 1809 1075 1914 reliquij
1114 1815 1309 1890 fecit.
1370 1814 1718 1889 Adventu
1791 1812 2149 1911 principis
2223 1813 2320 1887 ad
2393 1812 2678 1890 hostem
2728 1817 3044 1909 perlate,

792 1942 1279 2041 opinioneque
1357 1940 1697 2038 populari
1775 1941 2050 2015 sensim
2126 1941 2722 2016 increbrescente
2781 1943 3047 2039 copias

791 2073 1191 2146 immensas
1231 2068 1564 2142 venisse:
1641 2068 2078 2142 incredibile
2136 2068 2331 2143 dictu
2372 2078 2508 2162 est,
2550 2078 2873 2166 quantus
2913 2070 3045 2145 ho-

794 2208 977 2272 stem
1018 2205 1164 2268 tam
1186 2203 1577 2291 potentem,
1601 2203 1752 2268 tam
1792 2196 2113 2283 multum,
2139 2195 2616 2271 diuturnitate
2656 2203 2764 2269 tot
2805 2196 3035 2270 victo-

793 2325 1086 2415 riarum,
1110 2321 1657 2420 spoliorumque
1678 2345 1822 2402 nou
1845 2328 2260 2395 nostrorum
2302 2315 2601 2410 tantum,
2643 2322 2776 2395 sed
2815 2321 3044 2396 etiam

794 2451 1017 2525 totius
1077 2448 1598 2546 propemodum
1659 2449 1864 2525 orbis
1956 2447 2336 2523 christiani
2412 2455 2562 2524 tam
2636 2450 3040 2546 superbum

796 2574 1372 2672 insolentemque
1411 2599 1544 2671 per
1585 2575 1826 2650 omnia
1886 2575 2101 2673 regni
2142 2576 2453 2651 confinia
2489 2575 2726 2666 timor,
2766 2584 3049 2673 quanta

794 2703 1189 2801 trepidatio
1268 2705 1625 2777 invaserit
1649 2729 1669 2794 ς,
1707 2706 1892 2779 adeo
1917 2713 2010 2787 ¹ut
2048 2706 2273 2802 vulgo
2324 2713 2829 2803 spargeretur,
2887 2703 3046 2804 Aly

800 2831 1099 2902 bassam
1142 2852 1315 2903 suos
1355 2830 1638 2927 passim
1680 2829 1768 2903 de
1810 2831 2309 2927 magnitudine
2349 2831 2726 2929 copiarum
2764 2832 3039 2929 princi-

795 2955 911 3052 pis
968 2954 1369 3046 edocuisse,
1426 2962 2015 3051 potestatemque
2069 2958 2292 3032 rebus
2351 2980 2710 3055 quemque
2750 2957 2909 3032 suis
2945 2980 3042 3032 ex

796 3089 1198 3174 temporum
1256 3081 1539 3155 ratione
1578 3083 2010 3157 consulendi
2047 3083 2341 3177 fecisse,
2383 3106 2517 3158 nec
2556 3084 2874 3172 dubium,
2929 3106 3046 3158 se-

798 3205 1106 3281 cundnm
1165 3204 1406 3280 Deum
1462 3228 1722 3283 nomen
1778 3209 2062 3302 regium
2113 3207 2328 3302 hujus
2368 3208 2677 3283 terroris
2741 3230 3044 3284 causam

796 3332 1253 3431 praebuisse.
1308 3332 1541 3406 Nemo
1601 3333 1873 3431 quippe
1930 3356 2185 3428 regum
2225 3359 2272 3407 a
2311 3331 2520 3408 clade
2594 3332 3046 3409 mohaciensi

797 3458 1196 3534 exercitum
1236 3459 1432 3556 apud
1467 3482 1603 3533 nos
1643 3458 1869 3547 duxit,
1909 3482 2118 3533 nemo
2176 3461 2524 3558 princeps
2561 3460 2755 3534 hosti
2794 3484 2878 3535 se
2917 3463 3045 3535 ob-

789 3585 988 3683 jecit3
1030 3584 1188 3659 sine
1228 3584 1412 3659 duce
1452 3585 1686 3682 indigi
1722 3585 2075 3683 principis
2117 3587 2533 3684 militisque,
2559 3594 2820 3685 aperta
2857 3610 3045 3661 sem-

798 3735 933 3812 per
970 3708 1309 3797 hostibus
1348 3712 1630 3807 praeda.
1663 3712 1954 3786 fuimus.

1013 3837 1331 3914 Rumore
1384 3840 1679 3914 hostilis
1738 3840 2256 3938 trepidationis
2312 3842 2386 3916 in
2446 3839 2602 3916 dies
2640 3841 3042 3936 gliscente,

802 3965 1169 4064 princeps,
1208 3966 1333 4041 ubi
1372 3965 1461 4040 de
1499 3966 1784 4042 ratione
1839 3967 2308 4043 continuandi
2349 3968 2525 4042 belli
2564 3967 2846 4063 aliquot
2883 3968 3044 4041 dies

800 4094 1317 4182 consultasset,
1356 4092 1836 4189 praecipuam
1895 4092 2266 4189 peditatus
2320 4102 2603 4189 partem
2665 4115 2823 4167 cum
2866 4093 3039 4169 duo-

805 4220 943 4294 bus
983 4218 1274 4293 circiter
1317 4219 1636 4316 equitum
1662 4219 2193 4317 expeditiorum
2232 4217 2582 4311 millibus,
2623 4221 2715 4294 ad
2751 4231 3044 4318 perten-

802 4344 1100 4421 tandam
1140 4342 1633 4437 Korothnam,
1669 4346 1850 4420 duce
1889 4344 2182 4420 Sforcia
2205 4338 2734 4443 Pallavicino*)
2756 4345 3044 4422 homine

800 4471 1007 4567 italo,
1056 4468 1254 4545 misit
1291 4472 1453 4568 (qui
1481 4473 1988 4571 superioribus
2046 4474 2259 4548 annis
2318 4469 2649 4567 Georgio
2689 4472 3041 4549 cardinali

1019 4645 1073 4713 *)
1095 4641 1342 4701 Ῑιΐνάιιῆ
1377 4645 1651 4717 jegyzete
1679 4664 1691 4697 t
1720 4642 1946 4701 Sforeia
1975 4645 2376 4704 Pallavicinn·
2407 4647 2754 4717 parmensis.
