3293 5219
716 305 869 387 390

720 530 1092 605 delitatem
1115 527 1639 625 Hispanorum,
1663 551 1978 624 seseque
1998 537 2408 625 purgantes
2431 555 2446 600 ε
2489 550 2569 616 se
2590 525 2774 601 nihil
2793 526 2967 599 hac-

721 665 936 730 tenus
977 654 1248 729 hostile
1292 662 1549 729 contra
1589 678 1841 750 regem
1864 653 2399 748 Hispaniarum
2444 652 2795 742 movisse,
2832 672 2973 724 nec

720 805 1131 877 quenquam
1174 803 1423 855 eorum
1456 783 1845 879 quicquam
1869 802 1959 853 ex
1984 779 2092 853 eis
2116 777 2497 869 meruisse,
2522 800 2712 873 quae
2735 774 2967 850 Alba·

718 931 856 983 nus
896 916 969 982 et
1010 909 1332 1006 Hispani
1374 910 1722 983 facerent.
1767 908 1956 982 Nam
1996 931 2079 980 se
2118 905 2612 1004 privilegiaet
2648 904 2968 1003 priscam

725 1035 1142 1108 libertatem
1205 1035 1453 1108 verbis
1496 1043 1715 1131 atque
1755 1032 2483 1130 precibushactenus
2524 1030 2967 1117 defendisse,

725 1159 1091 1234 Albanum
1134 1184 1311 1236 vero
1355 1186 1498 1237 non
1539 1164 1789 1234 eorum
1841 1158 2142 1244 meritis,
2185 1157 2319 1231 sed
2372 1156 2755 1255 hispanico
2797 1177 2968 1252 quo·

722 1286 887 1359 dam
926 1285 1224 1381 ingenio
1282 1294 1504 1382 atque
1570 1309 1771 1360 more
1811 1285 2025 1360 bonis
2083 1307 2333 1359 eorum
2388 1283 2700 1371 inhiare,
2742 1290 2820 1355 et
2854 1304 2968 1356 ca-

721 1410 996 1505 pitibus
1035 1411 1391 1498 insidiari,
1433 1437 1523 1487 ac
1562 1412 1886 1509 quotidie
1927 1418 2397 1511 praestantes
2449 1419 2523 1484 et
2580 1409 2970 1507 opulentos

725 1558 1060 1632 quosque
1118 1537 1453 1629 caedere,
1506 1546 1583 1613 ut
1622 1561 1872 1612 eorum
1914 1538 2128 1613 bonis
2170 1536 2594 1613 confiscatis
2629 1541 2970 1632 praetex-

724 1668 801 1735 tu
858 1669 931 1734 et
968 1661 1345 1757 ‚quaesito
1424 1663 1740 1758 quodam
1826 1663 2114 1751 colore,
2174 1671 2390 1758 prout
2448 1663 2524 1736 in
2581 1659 2842 1736 Sicilia
2896 1665 2971 1733 et

731 1787 1203 1883 neapolitano
1296 1811 1528 1883 regno
1604 1788 2062 1885 hispanicam
2138 1788 2504 1864 coloniam
2598 1787 2966 1862 conderet.

728 1911 1258 2008 Hispaniarum
1300 1936 1553 2008 regem
1593 1912 1809 1988 malis
1851 1913 2179 1988 consiliis
2204 1914 2583 1990 seductum
2601 1934 2794 1987 esse.
2835 1908 2970 1986 Ca-

724 2036 929 2113 rolus
972 2038 1163 2112 enim
1206 2039 1290 2113 V.
1316 2061 1397 2112 se
1439 2048 1512 2115 et
1546 2062 2025 2114 successores
2067 2062 2243 2114 suos
2290 2038 2784 2137 jurejurando
2842 2037 2962 2113 ob-

726 2163 1046 2254 strinxit,
1104 2172 1566 2239 servaturum
1626 2187 1709 2238 se
1768 2173 1841 2239 et
1902 2165 2370 2240 defensurum
2431 2164 2832 2261 privilegia
2885 2164 2965 2236 li-

732 2291 1213 2386 bertatesque
1290 2313 1564 2366 eorum.
1642 2289 1893 2382 Quare
1951 2290 2118 2385 cogi
2175 2313 2345 2364 sese
2402 2313 2692 2365 sumere
2748 2313 2972 2380 arma,

726 2438 870 2490 non
911 2416 1203 2513 quidem
1260 2424 1522 2491 contra
1561 2439 1818 2512 regem
1877 2416 2432 2515 Hispaniarum,
2496 2417 2670 2515 quin
2729 2417 2969 2515 potius

725 2564 859 2638 pro
937 2542 1369 2618 defensione
1445 2543 1749 2619 honoris
1828 2545 1989 2639 ejus
2017 2599 2034 2632 ,
2121 2548 2378 2618 contra
2434 2566 2585 2638 eos,
2663 2543 2789 2641 qui
2818 2544 2970 2638 jus-

719 2669 1115 2763 jurandum
1136 2676 1524 2767 paternum
1546 2669 1828 2743 violare
1853 2669 2015 2771 ausi
2055 2676 2341 2755 essent3
2384 2668 2602 2743 simul
2645 2672 2740 2743 ab
2781 2667 2972 2765 prin·

728 2794 1013 2887 cipibus
1054 2801 1128 2867 et
1166 2793 1422 2867 liberis
1463 2795 1890 2868 civitatibus
1948 2792 2229 2868 auxilia
2285 2790 2654 2889 flagitans,
2700 2791 2973 2868 exerci-

726 2928 875 2994 tum
916 2920 1333 3015 conscribit.
1375 2920 1566 2994 Nam
1607 2943 1738 2994 eas
1780 2920 2206 3018 provincias
2245 2917 2561 2994 Carolus
2600 2919 2694 2994 V.
2719 2919 2818 2993 ad
2856 2918 2974 2993 im·

729 3045 1009 3144 perium
1056 3046 1570 3141 colligaverat,
1613 3069 1849 3143 eoque
1911 3056 2260 3143 tanquam
2321 3045 2517 3120 conf(
2544 3045 2876 3120 ederatis
2908 3052 2977 3120 et

728 3170 1039 3246 annexis
1088 3171 1395 3268 imperio
1457 3172 1737 3246 auxilia
1776 3171 2075 3263 dabant,
2136 3180 2210 3246 et
2258 3172 2353 3246 ad
2394 3171 2977 3247 Maximilianum

728 3297 1032 3372 nuncios
1074 3297 1447 3388 miserant,
1509 3304 1828 3390 curaret,
1871 3322 1961 3372 ne
2019 3298 2194 3372 illae
2234 3297 2670 3394 provinciae
2711 3298 2810 3371 ab
2851 3297 2976 3372 Hi·

731 3423 987 3521 spanis
1025 3423 1446 3520 privilegiis
1486 3433 1711 3521 atque
1752 3424 2097 3498 libertate
2117 3423 2660 3515 fraudarentur,
2702 3446 2795 3497 ac
2833 3424 2976 3498 exi·

728 3551 847 3624 liis
888 3557 1109 3646 atque
1148 3550 1506 3625 mortibus
1563 3558 1672 3626 tot
1727 3558 1804 3624 et
1839 3558 2206 3625 tantorum
2246 3550 2567 3625 virorum
2607 3550 2705 3623 ad
2744 3558 2979 3625 extre·

728 3699 919 3750 mam
996 3676 1468 3771 pervenirent
1527 3677 2079 3751 desolationem.
2152 3676 2294 3751 His
2347 3698 2528 3770 ergo
2587 3676 2679 3751 de
2738 3675 2980 3750 causis

728 3801 1319 3898 conspirationes
1394 3804 1667 3877 multae
1727 3803 1801 3876 in
1859 3801 2245 3901 provincia
2314 3801 2613 3892 fiebant,
2673 3809 2981 3898 cogente

728 3928 1174 4002 necessitate
1231 3928 1562 4003 homines
1622 3929 1698 4003 in
1739 3930 2054 4004 maximo
2112 3929 2393 4022 timore,
2432 3951 2555 4003 res
2623 3928 2981 4002 maximas

728 4053 849 4129 vel
890 4054 1118 4128 etiam
1158 4054 1598 4152 desperatas
1636 4062 1946 4130 tentare.
1990 4055 2181 4129 Nam
2219 4053 2315 4127 ad
2354 4054 2988 4149 grumendalensev

724 4179 1245 4255 monasterium
1267 4203 1497 4277 prope
1541 4181 1992 4271 Brussellas,
2034 4186 2323 4253 euntem
2366 4178 2464 4253 ad
2500 4200 2722 4254 sacra
2744 4177 2969 4253 Alba·

724 4327 895 4379 num
935 4329 1095 4380 cum
1136 4306 1472 4382 omnibus
1531 4308 1901 4404 Hispanis
1941 4306 2094 4381 vita
2137 4305 2580 4404 *privandum
2619 4328 2983 4381 convene-

733 4437 922 4507 rant.
984 4430 1216 4505 Lirae
1278 4433 1518 4508 altera
1560 4440 1722 4508 erat
1783 4431 2233 4529 conspiratio
2277 4459 2291 4507 a
2352 4430 2502 4505 alia
2551 4431 2728 4506 item
2769 4434 2867 4506 ad
2901 4429 2978 4502 fi-

731 4576 863 4631 nes
904 4554 1328 4650 Picardiae,
1374 4559 1523 4636 alia
1563 4560 1637 4635 in
1677 4558 2066 4658 provincia
2105 4556 2410 4634 Artesia
2447 4555 2522 4631 in
2559 4556 2978 4647 Maestrich,
