3293 5219
2454 372 2615 450 403

353 581 498 656 sibi
537 579 1052 655 auctoritatem
1089 578 1422 676 sumpsit,
1479 578 2014 678 videbaturque
2055 587 2259 660 solus
2334 610 2607 682 regem,

351 704 710 802 reginam,
751 712 976 801 atque
1024 703 1268 779 omnia
1307 704 1766 798 gubernare:
1807 706 1933 800 ita,
1971 716 2051 782 ut
2086 709 2463 809 principes
2502 714 2606 788 vi-

344 854 474 906 ros
494 857 543 905 a
563 829 898 906 consiliis
909 828 1267 925 regis,qui
1280 828 1371 902 de
1381 850 1577 903 nova
1596 829 1958 925 religione
1973 836 2305 932 suspecti
2326 845 2602 932 essent,

347 956 680 1031 consiliis
695 954 1487 1049 excluderet3intraque
1499 955 1911 1031 secretiora
1922 958 2239 1036 consilia
2252 969 2605 1045 statutum

343 1090 568 1176 esset,
588 1103 1094 1157 omnesnovae
1124 1071 1508 1174 religionis
1539 1079 1877 1156 homines
1897 1085 2135 1159 tamin
2175 1089 2348 1162 aula
2386 1114 2602 1186 quam

344 1217 561 1284 extra
574 1210 819 1283 aulam
831 1206 1096 1280 officiis
1109 1213 1332 1302 atque
1344 1205 1831 1301 dignitatibus
1849 1208 2604 1306 privareJnterurba-

344 1357 481 1410 nos
492 1321 760 1426 autem,
775 1332 1211 1432 praesertim
1227 1330 1877 1426 Parisiis,crebrae
1891 1333 2329 1413 insolentiae
2342 1342 2599 1418 adver-

341 1484 470 1535 sus
482 1467 983 1555 protestantes
994 1457 1376 1549 fiebant,ut
1386 1465 1663 1532 temere
1676 1480 1766 1531 ac
1785 1441 2226 1557 impune,qui
2239 1466 2455 1541 modo
2466 1468 2601 1542 ali-

340 1584 544 1682 quali
593 1584 684 1658 de
697 1606 925 1658 causa
955 1589 1347 1681 suspectus
1380 1589 1606 1672 esset,
1626 1569 2597 1679 aquovisoecideretur.1ta-

339 1731 482 1805 que
507 1708 757 1783 multis
777 1708 1013 1784 modis
1035 1708 1531 1799 saeviebatur,
1563 1731 1700 1781 nec
1734 1709 1811 1781 in
1849 1710 2155 1785 urbibus
2187 1715 2422 1809 mod0‚
2460 1718 2597 1793 sed

339 1835 559 1909 etiam
600 1842 818 1908 extra
853 1836 1082 1908 urbes
1121 1834 1196 1907 in
1235 1855 1388 1926 eos,
1467 1834 1610 1930 qui,
1633 1834 1800 1908 dum
1838 1834 2083 1911 redire
2119 1861 2264 1912 non
2302 1842 2593 1934 audent,

334 1960 411 2033 in
447 1957 651 2032 villis
692 1981 774 2032 se
814 1966 1343 2051 sustentarent,
1381 1965 1463 2032 ut
1501 1958 1729 2034 multo
1763 1960 2016 2057 plures
2053 1963 2127 2036 in
2146 1988 2332 2061 pace
2373 1991 2591 2064 quam

332 2083 534 2158 bello
549 2082 894 2177 perirent.
913 2082 1107 2157 Nam
1126 2083 1324 2157 intra
1347 2082 1566 2156 trium
1585 2084 1943 2164 mensium
1982 2087 2300 2184 spatium
2339 2091 2589 2167 decem

333 2210 568 2285 millia
624 2210 994 2285 hominum
1089 2209 1425 2284 dicuntur
1464 2208 1876 2285 interfecta.
1939 2213 2026 2286 In
2065 2238 2249 2311 pace
2287 2219 2588 2295 saevius

332 2359 550 2433 quam
588 2331 875 2408 inbello
895 2335 1282 2428 agebatur,
1338 2341 1412 2408 et
1448 2337 1675 2430 vulgo
1712 2335 2286 2430 praedicabatur
2341 2342 2586 2419 delen-

332 2461 467 2536 dos
506 2483 675 2535 esse
696 2481 949 2533 omnes
987 2459 1426 2534 haereticos.
1486 2457 1776 2549 Quibus
1834 2463 2058 2537 rebus
2117 2466 2585 2544 vehementer

328 2587 889 2663 offendebantur
924 2587 1370 2683 regnicolae,
1391 2608 1536 2660 non
1597 2587 1834 2663 solum
1886 2596 2407 2687 protestantes,
2448 2595 2585 2669 sed

329 2713 553 2789 etiam
574 2711 938 2787 catholici.
978 2713 1303 2810 Ideoque
1325 2713 1883 2805 Momorantius,
1926 2715 2050 2812 qui
2086 2717 2296 2815 pacis
2334 2719 2582 2796 ineun-

332 2839 472 2914 dae
532 2838 902 2912 mediator
959 2837 1368 2929 exstiterat,
1440 2835 1735 2933 fideque
1808 2839 2248 2939 interposita
2317 2866 2580 2942 pacem

325 2964 784 3052 firmaverat,
832 2963 1031 3061 apud
1093 2986 1349 3060 regem
1423 2964 1949 3061 expostulavit,
2027 2990 2255 3064 seque
2330 2970 2405 3043 in
2444 2971 2579 3045 cri-

329 3112 494 3164 men
538 3089 735 3187 apud
772 3111 1028 3163 omnes
1064 3089 1361 3184 vocari3
1410 3096 1666 3187 petere
1706 3113 1888 3186 ergo
1927 3115 2180 3189 regem
2223 3094 2459 3187 enixe,
2497 3104 2578 3171 ut

324 3215 586 3290 honori
657 3222 879 3311 atque
955 3214 1124 3288 fidei
1181 3235 1362 3290 suae
1417 3216 1855 3308 consuleret,
1949 3240 2264 3313 namque
2330 3219 2576 3294 omnia

324 3340 398 3415 in
439 3364 600 3417 eum
638 3341 1141 3437 rejicerentur,
1182 3340 1308 3437 qui
1333 3341 1540 3438 pacis
1577 3349 1834 3414 auctor
1860 3341 2006 3415 fide
2045 3343 2411 3420 mediante
2450 3368 2571 3419 ex-

325 3466 662 3541 stitisset.
702 3465 853 3541 Sed
891 3466 1137 3542 omnia
1206 3464 1313 3539 ita
1351 3473 1512 3540 arte
1550 3464 2203 3559 constituebantur,
2257 3468 2569 3566 primum

327 3598 405 3666 ut
446 3589 872 3668 Condaeum
931 3600 1005 3666 et
1041 3590 1287 3666 socios
1361 3589 1591 3664 armis
1630 3598 2007 3683 exuerent,
2058 3591 2322 3667 deinde
2397 3615 2570 3690 quo-

326 3740 608 3814 cunque
664 3717 878 3794 modo
954 3716 1125 3791 dolo
1202 3740 1299 3791 an
1357 3715 1432 3788 vi
1484 3714 2051 3813 interciperent3
2124 3718 2223 3792 ad
2260 3742 2567 3817 eamque

323 3866 478 3918 rem
518 3865 772 3917 omnes
811 3850 1016 3918 artes
1075 3841 1695 3937 excogitabantur
1754 3844 1852 3917 ab
1893 3843 2322 3940 Lotaringo,
2364 3846 2568 3921 ideo·

328 3991 469 4065 que
515 3967 1027 4043 Helvetiorum
1084 3968 1426 4043 cohortes
1494 3974 1570 4042 et
1640 3968 1943 4044 italicae
1999 3969 2257 4067 copiae
2314 3995 2570 4048 omnes

324 4094 421 4168 ad
458 4093 831 4193 stipendia
883 4101 1216 4169 retentae
1271 4102 1346 4169 et
1398 4094 1474 4167 in
1529 4094 1757 4169 armis
1817 4118 1987 4170 esse
2031 4097 2294 4191 ¹iussae
2379 4105 2570 4174 sunt.

325 4217 536 4311 Quae
576 4242 738 4294 cum
787 4219 1032 4293 omnia
1082 4219 1673 4314 intelligerentur
1732 4221 1828 4295 ab
1867 4220 2042 4312 illis,
2072 4231 2571 4300 monerentur·

327 4367 466 4441 que
505 4347 601 4421 ab
640 4346 919 4441 amicis,
975 4345 1080 4422 uti
1120 4367 1415 4420 suorum
1466 4346 1786 4444 capitum
1841 4347 2273 4421 tuendorum
2313 4371 2564 4425 curam

321 4469 710 4547 haberent:
753 4470 1194 4568 conscriptis
1233 4479 1307 4545 et
1347 4470 1594 4545 missis
1633 4470 1730 4545 ad
1778 4494 2032 4566 regem
2088 4470 2379 4565 litteris,
2436 4472 2563 4550 vix

320 4595 618 4670 tandem
694 4592 1086 4669 Condaeus
1124 4603 1200 4670 et
1236 4593 1638 4669 Amiralius
1662 4617 1823 4670 cum
1862 4596 2237 4687 uxoribus,
2277 4594 2560 4697 liberis,

2080 4721 2223 4797 26*
