3293 5219
763 296 815 365 L

768 472 1332 576 1788·ban¹⁰¹),
1374 475 1467 551 de
1504 474 1737 577 mely‚
1783 477 1971 576 sajet
2009 473 2590 574 tapasztalasom
2635 474 2997 565 szerintiS,

761 605 1069 682 minden
1127 603 1435 678 altalam
1469 602 1692 678 latott
1733 601 2090 677 kezzelirt
2125 599 2650 702 peldanyokat
2688 600 3005 676 hibassa-

988 757 1111 846 ¹⁰¹)
1141 761 1477 828 Francisci
1525 759 1874 845 Forgachii
1923 758 2003 824 de
2056 758 2345 846 Ghymes
2379 758 2714 836 Pannonii,
2747 758 2830 826 D.
2864 759 3009 827 Fer-

765 866 1031 934 dinandi
1061 868 1116 938 Ι.
1148 869 1380 955 Imper.
1415 890 1494 933 ac
1524 868 1720 953 Regis
1753 868 2130 953 Hungariae
2181 863 2571 932 Cancellarii
2606 876 2668 930 et
2700 865 3013 933 Antistitis

764 976 856 1046 M.
886 976 1426 1044 Varadinensium
1462 976 1862 1043 celeberrimi
1891 976 2132 1041 Rerum
2171 976 2695 1060 Hungaricarum
2736 977 2834 1041 sui
2867 986 3016 1042 tem-

772 1085 946 1172 poris
999 1083 1480 1168 Commentarii,
1512 1083 1727 1149 Libris
1758 1083 1962 1149 XXII
1995 1106 2030 1149 e
2071 1082 2207 1148 MS.
2239 1084 2306 1147 in
2356 1081 2565 1147 lucem
2616 1082 3019 1169 prodeuntes.

768 1189 1028 1256 Adiecit
1063 1190 1353 1256 Iudicem
1383 1191 1624 1256 Rerum
1678 1189 2188 1256 memorabilium
2232 1211 2307 1254 ac
2340 1188 2877 1255 Dissertationem
2910 1191 3021 1254 Hi-

778 1297 1347 1365 storico·Criticam
1380 1297 1460 1363 de
1494 1298 1644 1362 Vita
1680 1296 1920 1362 laudati
1975 1296 2318 1383 Scriptoris
2353 1294 2625 1360 Alexius
2666 1296 2954 1385 Horanyi
2988 1322 3025 1363 6

772 1405 923 1473 Scb.
954 1405 1104 1489 Piis,
1137 1406 1487 1490 Hungarus
1540 1405 1880 1471 Budensis.
1925 1404 2185 1470 Posonii
2221 1413 2286 1468 et
2317 1402 2686 1488 Oassoviae,
2717 1407 3024 1492 impensis

773 1513 822 1578 I.
856 1513 944 1581 M.
993 1514 1324 1580 Landerer
1373 1514 1667 1601 perpetui
1718 1515 1782 1577 in
1834 1512 2090 1577 Fiiskut
2129 1511 2319 1576 1788.
2353 1511 2442 1576 8r.
2476 1512 2564 1575 92
2598 1514 3032 1580 szamozatlan

777 1624 846 1686 es
882 1620 1012 1685 702
1043 1624 1393 1686 szamozott
1413 1619 1539 1707 lap,
1573 1645 1611 1686 a
1643 1623 1867 1687 szcrzss
1898 1619 2340 1705 arczkepevel.
2380 1619 2434 1683 A
2457 1619 2615 1685 tobb
2647 1643 2810 1704 ezer,
2844 1621 3028 1687 61161-

778 1737 910 1794 met
942 1730 1178 1794 zavaro
1210 1732 1279 1794 es
1312 1729 1603 1795 elferditss
1637 1729 1792 1795 biba
1822 1727 2014 1794 kozssl
2064 1727 2263 1814 alljon
2296 1728 2372 1792 itt
2402 1727 2561 1792 csak
2592 1752 2668 1793 az
2702 1730 2748 1794 Ι.
2780 1729 3031 1818 konyv-

779 1833 887 1900 bffl
935 1834 1211 1923 nehany,
1247 1836 1420 1924 hogy
1474 1836 1779 1923 kitiinjek
1831 1834 2221 1922 mennyiben
2274 1834 2494 1922 alapos
2535 1859 2574 1899 a
2608 1836 2893 1925 Horanyi
2933 1838 3033 1903 ki-

778 1942 979 2009 adasa
1026 1942 1218 2008 elleni
1265 1943 1411 2026 vad,
1444 1945 1513 2008 es
1547 1944 1839 2030 mennyit
1887 1941 2215 2029 nyertiink
2256 1964 2330 2007 ez
2363 1944 2430 2028 1’1j
2468 1943 2694 2008 kiadas
2727 1946 2894 2011 altal.
2929 1948 3034 2015 Aa

781 2049 915 2115 61εὸ
947 2058 1134 2115 rovat
1163 2049 1456 2136 Horanyi
1503 2050 1794 2134 kiadasa,
1829 2074 1868 2114 a
1900 2048 2194 2116 masodik
2228 2049 2492 2137 Majere.

822 2160 868 2208 1.
894 2158 998 2223 lap.
1036 2158 1125 2208 26.
1152 2172 1272 2207 sor:
1298 2156 1441 2209 Arad
2177 2157 2384 2209 Zarand

818 2231 867 2280 6.
925 2266 956 2294 ,,
1074 2230 1124 2279 6.
1181 2264 1213 2291 ,,
1305 2230 1581 2295 utriusque
1606 2245 1700 2295 pro
1726 2228 2090 2296 magnitudine
2177 2244 2270 2294 pro
2313 2230 2588 2297 utriusque
2631 2233 2885 2300 principis
2923 2251 3036 2286 ma·

2248 2301 2526 2367 gnitudine

820 2375 869 2423 7.
926 2409 956 2435 „
1075 2373 1124 2422 2.
1183 2410 1214 2437 ,,
1307 2388 1502 2424 arcana
1520 2371 1759 2439 Reginae
1779 2371 2137 2438 adiungeban-
2177 2389 2371 2424 arcana
2391 2390 2403 2422 e
2424 2373 2650 2441 ideoque
2678 2376 2915 2443 plerique
2933 2378 3041 2429 Re-

1392 2450 1479 2495 tur
2248 2446 2405 2511 ginae
2429 2446 2856 2515 adiungebantur

803 2542 871 2553 —-
928 2552 960 2580 „
1041 2517 1129 2567 20.
1189 2554 1221 2581 ,‚
1315 2514 1657 2583 Szegediensi
2177 2515 2462 2583 Sigetiensi

800 2616 873 2626 —-
929 2625 962 2652 ‚‚
1041 2588 1129 2640 21.
1189 2625 1222 2650 ,,
1313 2587 1595 2639 Jaurinum
2177 2589 2484 2643 Taurunum

821 2662 872 2710 8.
930 2696 962 2722 ,‚
1043 2662 1129 2709 25.
1187 2696 1218 2721 ,,
1313 2660 1472 2711 simul
1492 2661 1682 2711 Petrus
1703 2662 1990 2712 exercitum
2017 2675 2136 2713 con·
2179 2661 2337 2713 simul
2360 2663 2549 2714 Petrus
2585 2666 2876 2718 exercitum
2917 2685 3040 2720 con-

1395 2737 1672 2797 susceptae
1697 2731 2018 2784 defensionis
2250 2735 2546 2800 scripserat.

825 2804 875 2852 9.
934 2839 965 2866 „
1087 2805 1132 2852 1.
1191 2843 1220 2866 ,,
1313 2801 1702 2855 infidelissimos
2181 2804 2462 2857 fidissimos

786 2875 874 2923 20.
931 2910 962 2937 ‚,
1081 2876 1129 2926 9.
1187 2911 1218 2936 ,,
1312 2876 1586 2940 Besonico,
1610 2875 1765 2942 Nagy
1790 2875 1978 2926 Fellak
2179 2879 2441 2943 Beseny&
2467 2879 2729 2946 Nagylak,
2757 2881 2956 2935 Fellak

804 2972 875 2984 -
933 2982 964 3008 „
1052 2949 1133 2996 11.
1193 2982 1222 3007 ,,
1319 2945 1736 2998 Charkissomlio
2182 2948 2342 3011 Csak,
2367 2949 2670 3016 Kissomlyo

803 3044 874 3055 —-
932 3054 964 3081 ,‚
1052 3021 1135 3070 15.
1193 3055 1224 3080 ‚,
1316 3018 1651 3070 Varadinalis
1677 3019 2046 3084 Hungarorum
2181 3021 2465 3084 Varadino,
2504 3022 2621 3073 alae
2665 3024 3047 3092 Hungarorum

1396 3089 1690 3160 praefectus
2251 3092 2548 3158 praefectus

788 3163 876 3211 21.
933 3197 963 3223 ,,
1055 3164 1134 3212 17.
1195 3199 1224 3224 ,,
1319 3163 1720 3227 cognominatus
1763 3161 1917 3228 Nagy
1960 3162 2141 3228 Bosse,
2182 3166 2583 3229 cognominatus
2644 3167 2818 3235 Nagy,
2886 3187 3047 3238 posse

1390 3247 1565 3284 arcem
1595 3272 1606 3286 .
1634 3270 1648 3284 .
1671 3270 1683 3282 .
1707 3235 1825 3298 capi
2253 3251 2427 3288 arcem
2449 3275 2458 3285 .
2482 3274 2494 3286 .
2517 3274 2528 3286 .
2559 3241 2678 3304 capi

807 3330 879 3340 —
936 3339 967 3365 „
1054 3305 1136 3354 19.
1194 3341 1223 3366 ‚‚
1317 3303 1648 3371 Septingenti
2182 3307 2280 3358 Dc

791 3377 878 3426 24.
935 3412 966 3437 ,,
1084 3376 1133 3426 9.
1195 3411 1226 3438 ,,
1320 3376 1558 3442 singulos
2185 3378 2393 3431 Siculos

789 3450 874 3499 25.
934 3484 964 3510 „
1048 3449 1132 3500 26.
1192 3484 1222 3511 ,,
1317 3453 1566 3513 reputans
1600 3449 1892 3514 periculum
1930 3449 2142 3500 festina·
2184 3457 2236 3503 et
2254 3457 2567 3517 postremam
2590 3456 2757 3506 aciem
2775 3461 3052 3521 tueantur,

1398 3521 1479 3582 vit
2255 3529 2456 3587 monet;
2484 3526 2558 3575 ita
2581 3527 2661 3577 ira
2685 3532 2741 3578 et
2761 3528 2944 3594 gloria
2968 3550 3052 3583 ac-

2255 3611 2444 3647 census
2483 3613 2588 3649 non
2622 3613 2809 3663 passus
2847 3609 2934 3654 est
2960 3605 3052 3655 ho·

2256 3667 2429 3718 stilem
2473 3669 2718 3720 iniuriam
2733 3708 2746 3732 ‚
2789 3677 2847 3722 et
2890 3690 3054 3728 suum

2255 3738 2418 3790 decus
2438 3741 2493 3791 in
2513 3746 2745 3807 tempore
2771 3753 3051 3810 reputans,

2253 3811 2422 3861 ultum
2448 3813 2524 3862 ire
2550 3813 2834 3865 festinavit.

791 3875 880 3929 27.
936 3912 968 3942 ,‚
1087 3879 1136 3929 2.
1196 3918 1225 3945 „
1320 3878 1455 3930 ferro
1498 3891 1592 3944 per
1635 3877 1889 3941 medium,
1937 3880 2145 3932 deserto
2183 3882 2320 3934 ferro
2357 3884 2685 3950 tegebantur,
2721 3892 2774 3937 et
2807 3890 3052 3954 stapede,

1399 3950 1657 4016 pertinaci
1699 3952 2001 4016 certamine,
2038 3968 2146 4003 non
2256 3956 2501 4020 quamvis
2550 3972 2615 4007 ex
2665 3958 2837 4009 solido
2888 3961 3052 4022 ferro,

1399 4023 1515 4072 sine
1542 4023 1626 4073 sui
1653 4023 1816 4072 exitio
1843 4023 2072 4074 confecit
2253 4042 2349 4093 per
2373 4028 2604 4078 medium
2641 4028 2892 4094 dissecto,
2936 4049 3054 4100 per·

2255 4099 2418 4150 tinaci
2454 4101 2755 4163 certamine,
2782 4117 2891 4153 non
2932 4107 3054 4157 sine

2255 4171 2340 4221 sui
2367 4172 2544 4233 exitio,
2570 4171 2773 4224 hostem
2799 4176 3052 4228 confecit.

794 4226 883 4276 29.
937 4260 969 4288 ,‚
1051 4228 1137 4279 25.
1194 4268 1226 4295 ,‚
1318 4238 1376 4288 in
1402 4235 1616 4303 Campis
1642 4238 1805 4290 variis
1831 4240 2022 4291 animis
2184 4243 2240 4293 in
2268 4243 2480 4309 Campis
2506 4244 2801 4309 Varjasinie

795 4300 881 4348 32·
941 4332 972 4357 n
1088 4303 1138 4349 5·
1193 4338 1226 4364 ‚‚
1318 4308 1578 4374 Georgius
1604 4310 1821 4375 'Porpay
2186 4313 2471 4378 Gregorius
2496 4315 2747 4383 Truppay

811 4395 883 4406 -
938 4403 969 4431 „
1049 4369 1136 4418 22.
1194 4407 1227 4433 ,,
1319 4378 1485 4442 Equi,
1527 4381 1685 4431 turba
1725 4382 2037 4444 amicorum,
2085 4399 2147 4433 ac
2182 4384 2438 4448 Equitum
2457 4387 2560 4452 ala,
2576 4389 2862 4440 amicorum
2883 4396 3051 4459 atque

1402 4448 1721 4502 familiarum
1747 4468 1925 4502 omnes
2254 4453 2593 4508 familiarium
2618 4476 2799 4512 omnes

795 4513 880 4562 36.
936 4546 968 4576 „
1054 4513 1135 4562 19.
1193 4548 1223 4576 „
1315 4532 1507 4567 arcano
2183 4539 2376 4575 arcano
2404 4530 2628 4582 consilio
2800 4535 2904 4587 stb.
2945 4497 3049 4589 sti).
