3293 5219
2387 292 2493 374 53

225 496 500 598 potuit:
546 496 714 595 quis
757 497 951 573 enim
989 505 1139 575 tam
1183 500 1367 576 felix
1407 503 1746 579 omnibus
1764 508 2197 602 praeteritis
2249 533 2504 592 saccu-

214 624 296 699 lis
331 622 479 698 fuit
520 625 749 722 atque
794 622 929 723 tu?
971 626 1096 722 qui
1132 634 1419 702 tautam
1459 630 1993 729 mancipiorum
2032 635 2323 734 copiam
2361 647 2491 719 tua

216 749 571 826 felicitate
608 751 823 827 nobis
863 751 1154 846 dedisti,
1177 763 1255 831 ut
1279 780 1586 853 quarum
1609 781 1856 834 rerum
1889 764 2275 859 possessio
2313 789 2491 862 gra·

217 876 502 952 tissima
559 885 782 975 atque
841 879 1280 957 charissima
1336 883 1535 981 apud
1571 908 1709 961 nos
1749 886 2188 983 haberetur,
2230 914 2490 975 earun-

221 1001 376 1077 dem
436 1002 756 1079 satietas
834 1012 1055 1103 atque
1131 1008 1373 1083 fastus
1447 1010 1874 1107 obveniret;
1934 1037 2092 1111 quo
2150 1038 2497 1095 sermone

217 1130 443 1204 bassa
480 1128 926 1223 oblectatus,
985 1128 1299 1207 liberum
1340 1134 1635 1222 dimisit,
1678 1160 1895 1234 quem
1928 1139 2272 1236 plectere
2321 1162 2490 1219 con·

215 1255 571 1331 stituerat.
629 1255 989 1333 Matthias
1030 1258 1303 1335 Taiffel
1343 1261 1792 1359 Byzantium
1827 1265 2144 1357 missus,
2201 1268 2478 1348 stolida

217 1380 603 1465 timiditate
659 1407 944 1477 nomen,
1004 1394 1079 1460 et
1137 1384 1395 1461 ducem
1453 1409 1535 1461 se
1597 1388 1851 1483 fuisse,
1922 1413 2082 1465 cum
2137 1417 2332 1490 nega
2349 1404 2485 1491 ret,

219 1508 333 1606 qui
370 1532 417 1582 a
453 1508 798 1607 pluribus
824 1520 1278 1607 nosceretur,
1308 1514 1808 1610 ignominiosa
1846 1521 1916 1590 in
1959 1524 2124 1594 orte
2156 1520 2496 1618 patibulo

220 1656 622 1732 suspensus
679 1637 855 1724 fuit3
932 1636 1213 1714 Sfortia
1280 1640 1655 1716 sexdecim
1715 1640 2053 1719 millibus
2112 1667 2479 1724 nummum

217 1783 509 1837 aureum
567 1764 792 1861 paulo
855 1773 1027 1863 post
1084 1790 1131 1840 a
1185 1766 1419 1841 bassa
1473 1769 1825 1845 redemto.
1895 1770 2093 1848 Dum
2127 1794 2264 1870 per
2301 1771 2475 1850 Am·

224 1887 468 1964 hatum
508 1896 584 1964 et
622 1888 778 1988 AJy
813 1892 1121 1967 bassam
1154 1892 1344 1968 haec
1368 1901 1589 1990 gesta
1627 1903 1820 1988 sunt,
1844 1896 2100 1971 eodem
2139 1904 2479 1998 tempore

222 2014 426 2089 Elias
489 2012 703 2090 Petri
758 2016 1190 2093 Moldaviae
1228 2019 1589 2117 principis
1644 2020 1867 2115 filius,
1908 2045 2070 2097 cum
2108 2024 2468 2123 quinqua·

224 2142 424 2238 ginta
481 2142 809 2218 millibus
832 2135 898 2240 *)
943 2144 1444 2223 Valachorum
1484 2148 2042 2246 Turcarumque
2079 2150 2156 2224 in
2194 2150 2477 2227 Trans·

217 2268 605 2342 silvaniam
678 2291 813 2365 per
887 2268 1125 2344 saltus
1146 2265 1279 2367 **),
1338 2269 1637 2369 Oythoz
1697 2279 1987 2357 vocant,
2045 2272 2332 2370 irrupit,
2395 2282 2471 2349 et

224 2394 313 2469 ad
347 2394 701 2493 oppidum
738 2393 973 2471 Toria
1012 2403 1264 2472 castra
1334 2398 1530 2490 fecit,
1573 2398 2025 2495 dimissaque
2079 2405 2298 2496 parte
2356 2421 2473 2474 co-

215 2522 491 2621 piarum
530 2529 687 2596 tres
733 2521 953 2605 sedes
994 2520 1408 2600 Siculorum
1448 2524 1700 2624 Zepsi,
1741 2524 2024 2624 Kyzdy
2063 2532 2137 2599 et
2175 2523 2461 2623 Orbay,

224 2649 437 2746 longe
468 2657 546 2724 et
573 2651 722 2725 late
760 2651 1162 2749 populatus
1203 2658 1356 2746 est,
1434 2652 1708 2749 oppida
1745 2652 2103 2728 saxonica
2139 2651 2474 2727 Herman

231 2785 298 2850 et
331 2776 729 2852 Prazmam
756 2776 1266 2871 conflagravit.
1304 2777 1704 2853 Ladislaus
1759 2786 2006 2853 tamen
2041 2776 2363 2876 Edenffy
2401 2784 2478 2852 et

231 2901 500 2982 Paulus
543 2903 785 2994 Bank,
823 2904 1056 3000 legati
1074 2903 1424 2979 Andreae
1464 2903 1818 2979 Bathoris
1866 2905 1941 2978 in
1976 2906 2471 3003 praefectura,

226 3052 310 3105 ex
342 3031 673 3107 finitimis
724 3038 799 3106 et
851 3031 1506 3130 propinquioribus
1565 3030 1974 3106 exercitum
2010 3030 2286 3129 raptim
2323 3028 2468 3103 col-

226 3157 494 3256 legere,
573 3180 759 3255 quos
799 3164 1199 3255 expectare
1236 3156 1558 3233 Valachi
1636 3164 1710 3231 et
1747 3157 2045 3232 Turcae
2081 3179 2229 3232 non
2304 3164 2475 3232 sunt

229 3285 415 3380 δαεὶς
492 3283 965 3360 nihilominus
1025 3284 1124 3358 ad
1163 3284 1401 3362 saltus
1474 3284 1827 3360 montium
1862 3306 2098 3380 usque
2133 3282 2463 3371 insecuti,

226 3409 482 3488 multos
532 3411 1026 3487 barbarorum
1062 3411 1496 3507 fugientium
1552 3411 2041 3486 trucidavere.
2097 3408 2201 3483 At
2240 3407 2468 3483 hosti-

231 3537 356 3614 bus
408 3545 525 3614 tot
560 3535 900 3612 victoriis
956 3512 1197 3628 elatis,
1256 3534 1408 3633 Aly
1445 3537 1677 3611 bassa
1736 3532 2135 3609 Amhatum
2191 3531 2289 3607 ad
2345 3553 2468 3629 op-

234 3663 695 3763 pugnandum
755 3662 1171 3756 Zolnokum
1226 3663 1676 3738 sollicitavit.
1736 3661 1927 3736 Eam
1977 3679 2227 3735 arcem
2279 3657 2469 3734 Lau-

236 3793 502 3868 rentius
598 3790 671 3866 N
675 3814 868 3890 yary
942 3788 1364 3882 obtinebat,
1461 3812 1620 3863 cum
1698 3787 2302 3882 sexingentorum
2394 3790 2468 3857 et

235 3915 758 4014 quinquaginta
788 3912 1095 3991 militum
1151 3913 1549 4013 praesidiO,
1590 3914 1687 3989 ab
1729 3911 2137 3987 Francisoo
2194 3909 2469 4007 Nyary

234 4042 488 4119 haeres
544 4049 994 4118 testamento
1069 4042 1411 4140 scriptus,
1474 4064 1567 4117 ex
1622 4038 2043 4128 latrociniis
2120 4033 2464 4110 collecta·

231 4192 379 4245 rum
432 4192 650 4268 opum
704 4169 934 4262 dives,
993 4169 1188 4266 quod
1241 4169 1532 4245 unicum
1587 4167 1684 4244 ad
1735 4166 2246 4265 praefecturas
2302 4181 2470 4254 reg-

402 4397 460 4467 ¹⁵)
488 4396 729 4455 Istvanfi
761 4398 1084 4470 Jegyzete:
1123 4395 1252 4452 Non
1280 4400 1374 4453 est
1398 4396 1584 4452 simile
1630 4409 1771 4451 vero
1809 4394 2036 4447 tantum
2080 4389 2470 4446 Valachorum

235 4507 520 4546 numerum
543 4489 604 4544 in
628 4488 928 4545 Moldavia
952 4505 1121 4560 posse
1148 4485 1369 4544 confici.

401 4578 502 4649 fl)
529 4576 773 4638 Intvctnfl
788 4579 1100 4652 jegyzete=
1125 4579 1246 4636 Imo
1266 4578 1427 4651 alpes
1453 4575 1781 4635 altissimas.
