3293 5219
2370 287 2520 368 155

268 508 663 609 producta.
707 510 950 587 Unum
985 513 1345 610 praelium
1399 512 1588 587 inter
1645 511 2072 611 quotidiana
2105 511 2184 586 in
2218 511 2415 586 festo
2448 506 2527 585 S.

269 636 585 711 Martini
620 644 738 713 est
772 637 1254 729 commissum,
1291 638 1367 712 in
1406 659 1548 735 quo
1603 661 1698 713 ex
1752 638 2208 714 adversariis
2263 638 2522 736 plures

280 760 546 840 CCCC
640 772 808 840 sunt
918 763 1317 839 desiderati
1355 789 1371 860 3
1487 761 1740 841 Simon
1811 764 2163 863 Forgach
2255 762 2533 864 glande

269 892 729 969 bombardae
766 893 1130 969 manualis
1166 893 1262 968 ad
1299 902 1520 992 caput
1556 895 1746 971 ictus
1786 903 1902 972 est
1941 923 1958 971 ε
2015 896 2148 973 sed
2183 897 2410 991 galea
2445 891 2523 971 in

266 1021 530 1119 capite,
571 1019 967 1097 secundum
1009 1020 1248 1096 Deum
1283 1019 1709 1098 violentiam
1766 1023 2148 1098 mortalem
2199 1021 2512 1120 excepit.

271 1149 866 1226 Excursionibus
902 1170 1081 1224 vero
1138 1149 1499 1226 continuis
1557 1172 1830 1247 magna
1864 1150 2206 1226 hostibus
2247 1150 2516 1226 damna

267 1277 807 1360 inferebantur3
865 1299 1034 1351 nam
1091 1282 1164 1350 et
1233 1272 1644 1372 Georgium
1717 1273 2146 1375 Capitanffy
2202 1299 2517 1373 magnae

262 1403 722 1480 auctoritatis
741 1402 976 1477 virum
992 1402 1069 1475 in
1090 1424 1335 1477 arcem
1375 1410 1667 1500 captum
1687 1404 2130 1478 induxerant
2166 1425 2317 1479 una
2354 1426 2516 1479 cum

263 1529 497 1629 equis,
538 1529 889 1605 militibus
928 1537 1001 1604 et
1036 1530 1259 1605 rebus
1317 1530 1472 1605 suis
1527 1531 1883 1606 omnibus.
1925 1532 2139 1609 Haec
2171 1533 2333 1609 fere
2371 1528 2516 1606 hoe

257 1680 447 1733 anno
509 1666 679 1733 acta
734 1666 923 1733 sunt.
997 1657 1514 1733 Ferdinandus
1568 1658 1859 1733 interim
1917 1660 2208 1735 comitio
2266 1658 2500 1735 Poso-

254 1787 449 1861 nium
525 1792 925 1860 convocato
949 1841 965 1874 ,
1057 1785 1175 1860 nilf
1214 1786 1390 1878 fere,
1432 1809 1650 1882 quam
1688 1786 1779 1861 de
1831 1786 2105 1863 usitato
2163 1810 2389 1864 censu
2425 1788 2502 1862 in

253 1913 570 1988 medium
609 1912 991 1988 consuluit.
1050 1908 1190 1987 Cui
1246 1913 1385 1987 etsi
1443 1915 1681 2009 major
1735 1916 2146 1992 nobilitatis
2184 1940 2364 2017 pars
2400 1915 2504 1991 in-

246 2039 681 2133 tercederet,
765 2039 1181 2114 colonorum
1255 2046 1653 2115 extremam
1708 2044 2137 2143 pauperiem
2197 2065 2506 2120 comme·

246 2167 623 2257 morando,
663 2167 968 2243 militum
1003 2167 1489 2260 insolentiam,
1527 2171 1805 2244 nullum
1843 2171 2192 2270 stipendii
2254 2193 2510 2246 usum:

242 2301 624 2391 postremo
663 2300 908 2369 tamen
949 2293 1204 2369 sedato
1265 2296 1587 2372 clamore
1648 2295 1738 2371 de
1777 2322 1863 2373 eo
1904 2297 2144 2373 dando
2200 2319 2507 2373 consen-

242 2443 436 2495 sere.
480 2419 776 2495 Deinde
834 2420 1005 2517 quia
1060 2420 1433 2520 principes
1489 2422 1779 2520 imperii
1836 2445 1972 2499 sua
2038 2423 2496 2518 auctoritate,

237 2547 871 2644 contentioneque,
892 2547 1201 2624 ineunte·
1243 2571 1438 2642 vere,
1496 2548 1899 2626 auxiliares
1953 2550 2029 2624 in
2084 2548 2499 2647 Ungariam

235 2675 546 2752 missuri
588 2683 858 2767 essent,
900 2683 1105 2752 certa
1157 2675 1349 2750 ratio
1408 2663 1499 2750 de
1537 2676 2055 2774 praeparando
2092 2683 2498 2753 commeatu

233 2827 368 2902 per
449 2802 820 2900 regiones,
897 2826 1081 2902 quas
1148 2803 1554 2880 comitatus
1617 2812 1907 2898 vocant,
1967 2805 2265 2883 decreta
2335 2805 2493 2881 fuit.

244 2928 618 3005 Oratores
656 2929 958 3029 insuper
1015 2929 1111 3005 ad
1168 2930 1463 3006 comitia
1523 2929 1815 3029 imperii
1841 2932 2081 3029 -deligi
2108 2932 2323 3029 jubet
2373 2955 2500 3008 no-

236 3057 433 3133 mine
494 3057 812 3156 publico,
872 3059 993 3155 qui
1051 3081 1134 3134 se
1189 3059 1687 3157 profecturum
1737 3060 1985 3135 statim
2042 3058 2494 3156 subsequan-

240 3192 397 3277 tur;
437 3185 493 3258 ii
533 3186 885 3261 nominati
922 3187 1019 3261 ab
1053 3186 1291 3261 tribus
1314 3185 1695 3263 ordinibus
1717 3194 1888 3261 sunt
1930 3192 2119 3261 tres:
2140 3185 2487 3283 princeps

230 3310 637 3408 legationis
658 3310 1106 3386 Franciscus
1121 3311 1473 3407 Forgach
1484 3318 1634 3386 tum
1656 3311 1963 3409 primum
1983 3312 2058 3385 in
2094 3310 2188 3385 iis
2210 3311 2487 3386 comiti—

236 3436 300 3513 is
356 3437 579 3513 titulo
619 3438 1091 3535 episcopatus
1164 3437 1680 3512 varadinensis
1731 3443 2050 3528 ornatus,
2091 3434 2358 3511 Petrus
2398 3437 2492 3511 de

229 3563 499 3639 Maced
509 3564 680 3639 onia
701 3573 776 3640 et
798 3561 1174 3661 Georgius
1196 3564 1636 3661 Hoszutoty.
1663 3560 1979 3639 Comitia
1998 3561 2484 3638 Ratisbonam

226 3674 656 3767 in'brumam
690 3688 968 3765 indicta
988 3695 1207 3764 antea
1242 3688 1555 3779 fuerant,
1615 3710 1759 3784 quo
1800 3684 2317 3761 Ferdinandus
2339 3695 2485 3762 sta-

224 3816 353 3891 tim
374 3815 749 3911 discessit;
766 3823 1100 3892 oratores
1115 3838 1402 3912 quoque
1415 3815 1623 3889 brevi
1645 3812 2074 3910 subsequuti
2092 3820 2280 3889 sunt.
2304 3811 2490 3889 Post

220 3942 616 4035 comitium,
693 3949 863 4018 ante
938 3948 1182 4016 tamen
1293 3939 1704 4015 discessum
1763 3938 2234 4030 Ferdinandi,
2314 3963 2481 4014 ora-

223 4075 436 4144 tores
459 4067 913 4144 Franciscus
954 4069 1117 4165 Zay
1158 4074 1231 4142 et
1270 4065 1631 4141 Antonius
1671 4067 2084 4144 Verancius
2120 4066 2488 4163 Byzantio

222 4196 513 4270 reversi
558 4204 766 4281 sunt3
843 4216 1036 4271 anno
1095 4194 1347 4291 quinto
1370 4201 1627 4269 exacto
1701 4192 2478 4293 postquamdiscesse-

224 4330 413 4411 rant,
437 4324 700 4398 relicto
719 4323 825 4397 ibi
863 4322 1194 4419 Augerio
1223 4322 1590 4398 Busbecio
1613 4324 1859 4420 belga,
1885 4322 2008 4421 qui
2037 4319 2482 4417 agitationes

221 4447 677 4526 induciarum
701 4452 821 4525 vel
842 4451 1051 4549 pacis
1077 4451 1575 4546 continuaret3
1602 4450 1727 4548 qui
1760 4450 1907 4549 ipsi
1943 4448 2127 4525 nihil
2167 4447 2465 4543 dignum

216 4582 423 4655 tanta
440 4577 839 4675 legatione,
877 4586 1178 4687 praeter
1216 4578 1696 4667 contumelias
1726 4577 2037 4664 hostiles
2055 4576 2476 4662 retulerunt.
