3293 5219
861 234 963 312 38

862 474 1036 529 suos
1076 453 1172 528 ad
1209 451 1756 549 irrumpendum
1795 449 2267 524 vehementer
2313 451 2638 542 urgeret,
2675 446 3107 522 interfectus

866 587 999 673 est3
1040 600 1258 678 quam
1297 602 1549 654 necem
1575 577 1954 677 Gasparis
1992 583 2224 650 morte
2266 575 2487 672 paulo
2528 581 2700 671 post
2749 574 3103 672 repende-

861 715 1067 802 runt;
1108 730 1275 781 nam
1295 728 1430 803 pro
1468 703 1995 780 munitionibus
2034 702 2554 776 obversantem
2593 703 2867 798 patulis
2905 701 3113 777 hian-

861 837 1039 913 tium
1077 856 1445 909 murorum
1485 832 1752 931 spatiis
1791 831 1947 930 pila
1985 855 2077 906 ex
2117 832 2448 930 sclopeto
2485 831 2871 924 trajecere.
2929 831 2984 906 J
2991 854 3109 904 am

866 961 1111 1064 pulvis
1168 960 1694 1037 tormentarius
1733 956 2130 1033 Amhatum
2163 957 2579 1049 defecerat,
2620 980 2780 1031 cum
2819 956 3118 1031 asiatici

868 1090 1239 1189 equitatus
1315 1086 1673 1183 magister
1749 1104 1907 1160 cum
1965 1084 2295 1183 pulveris
2358 1091 2432 1157 et
2487 1091 2938 1169 commeatus
2990 1085 3120 1157 im-

869 1239 1127 1293 mensa
1202 1216 1415 1312 copia
1472 1214 1919 1311 supervenit.
1981 1215 2297 1303 Interea,
2357 1233 2516 1285 cum
2554 1213 2786 1287 multa
2823 1210 3118 1286 Loson-

878 1344 1069 1419 cium
1127 1341 1340 1415 simul
1403 1347 1782 1435 angerent,
1822 1340 2178 1412 immensa
2217 1337 2331 1411 vis
2370 1337 2713 1429 hostium,
2755 1338 2951 1435 quod
2992 1363 3118 1412 va-

870 1468 1136 1544 lidiore
1172 1468 1249 1543 in
1274 1468 1433 1541 dies
1474 1466 1750 1565 impetu
1772 1466 1866 1541 ad
1887 1464 2457 1563 expugnandam
2489 1487 2736 1538 arcem
2773 1464 2980 1539 vires
3019 1467 3124 1540 iu-

868 1595 1290 1687 tenderent3
1386 1594 1698 1691 pecunia
1736 1595 1939 1668 nulla
1977 1593 2072 1667 ad
2125 1592 2588 1689 stipendium,
2632 1614 2791 1666 cum
2829 1599 2902 1666 et
2954 1616 3124 1692 pro-

873 1722 1106 1821 priam
1172 1721 1328 1816 jam
1407 1719 1761 1794 militibus
1820 1718 2361 1813 distribuisset,
2399 1719 2732 1817 pulveris
2806 1727 3127 1795 tormen·

875 1846 1045 1923 tarii
1121 1854 1195 1922 et
1269 1853 1752 1921 commeatus·
1794 1847 1994 1922 haud
2070 1853 2276 1922 tanta
2351 1846 2583 1944 copia,
2665 1869 2850 1942 quae
2929 1848 3130 1922 obsi-

875 1973 1072 2048 dioni
1112 1980 1192 2049 et
1229 1974 1656 2072 repellendo
1695 1974 1892 2048 hosti
1929 1998 2071 2071 par
2146 1981 2385 2068 esset;
2427 1980 2577 2050 tum
2613 1973 2766 2046 ima
2803 1975 3126 2048 maxime

873 2100 1129 2176 auxilii
1169 2099 1632 2198 desperatio:
1692 2100 2265 2196 relinquebatur,
2305 2107 2385 2175 ut
2420 2099 2656 2173 omnis
2695 2121 2872 2198 spes
2927 2100 3008 2174 in
3049 2124 3130 2175 se

871 2237 1093 2305 esset.
1116 2226 1530 2324 Pleraeque
1557 2250 1773 2302 arces
1797 2236 1873 2303 et
1902 2228 2174 2326 oppida
2213 2250 2375 2302 cum
2413 2228 2487 2302 in
2526 2225 2930 2325 Superiori,
2974 2237 3126 2303 tum

873 2354 1215 2431 Inferiori
1294 2353 1634 2451 Ungaria
1693 2354 2102 2431 Losoncius
2176 2355 2521 2447 habebat,
2620 2378 2974 2453 opesque,
3058 2363 3128 2427 et

870 2482 1281 2573 thesauros,
1345 2489 1423 2556 ut
1458 2481 1534 2555 in
1572 2481 2033 2579 amplissima
2105 2481 2406 2573 familia,
2483 2481 2844 2577 ingentes.
2913 2481 3128 2577 Ergo

877 2607 1331 2706 Stephanum
1353 2607 1792 2707 Feoldvary
1836 2609 1930 2683 ab
1973 2608 2309 2708 epistolis
2332 2608 2806 2685 emittendum
2849 2611 3133 2700 statuit,

873 2736 1176 2809 tabulas
1216 2737 1639 2811 testamenti
1684 2737 2123 2832 obsignatas
2163 2737 2306 2834 ipsi
2347 2736 2597 2826 tradit,
2674 2745 2747 2811 et
2822 2739 3128 2812 manda-

877 2872 954 2938 ta
991 2861 1088 2937 ad
1123 2884 1447 2954 uxorem,
1488 2865 2077 2962 praefectosque,
2118 2872 2197 2939 ut
2235 2864 2639 2963 pecuniam,
2662 2872 2937 2960 quanto
2979 2889 3130 2938 ma-

866 2993 1107 3083 jorem
1183 2997 1513 3085 possunt,
1575 2988 2003 3080 conficiant3
2065 2991 2458 3065 thesauros
2500 2999 2808 3088 quoque,
2860 3014 2961 3065 ac
3002 3013 3128 3088 op-

874 3114 1071 3215 pida,
1100 3124 1175 3191 et
1211 3116 1562 3213 quidquid
1639 3117 2259 3215 patrimoniorum,
2299 3120 2550 3193 levata
2585 3119 2967 3217 praesenti
3006 3143 3131 3217 pe-

754 3297 757 3308 .
875 3244 1106 3334 cunia,
1148 3243 1635 3320 oreditoribus
1675 3245 2122 3336 inscribant3
2186 3247 2292 3319 ita
2330 3245 2667 3339 militem,
2715 3246 3125 3343 pecuniam,

879 3381 953 3447 et
991 3372 1340 3470 pulveres
1381 3372 1844 3470 sulphureos,
1903 3397 2118 3470 quam
2180 3374 2562 3448 celerrime
2611 3374 2924 3448 mittant.
2966 3373 3129 3450 Ste-

878 3499 1169 3599 phanus
1207 3496 1461 3574 habitu
1500 3498 1758 3574 hostili
1814 3500 2014 3575 felici
2076 3501 2388 3576 audacia
2452 3500 2864 3597 digressus,
2905 3503 3133 3600 paulo

878 3631 1050 3723 post
1121 3624 1425 3701 nuncios
1466 3626 1723 3700 eadem
1764 3626 2092 3718 audacia,
2134 3651 2223 3701 ac
2258 3625 2614 3701 felicitate
2654 3627 2958 3720 remisit,
3001 3629 3129 3701 mi·

876 3751 1227 3848 litemque
1302 3752 1765 3851 conscripsit.
1864 3754 2194 3829 Thomas
2274 3753 2626 3830 Varkoch
2702 3756 3130 3852 praefectus

876 3875 1261 3967 Varadini,
1284 3885 1359 3952 et
1393 3878 1556 3977 ipse
1593 3879 1788 3954 ultro
1811 3881 2463 3958 audacissimorum
2503 3905 2791 3957 manum
2831 3883 3126 3979 adjecit.

879 4002 1102 4079 Haud
1162 4004 1694 4079 contemnenda
1751 4006 2056 4082 militum
2094 4029 2311 4082 manu
2366 4009 2462 4083 ad
2499 4009 2786 4084 Marum
2828 4032 2996 4082 amn
3009 4033 3125 4084 em

881 4150 1045 4202 cum
1119 4137 1411 4206 ventum
1470 4139 1693 4225 esset,
1731 4131 2051 4208 Michael
2092 4133 2242 4207 Tot
2296 4156 2553 4232 aeque,
2636 4158 2723 4208 ac
2761 4133 3121 4231 Zegedini

877 4251 1389 4331 infelicissimo
1429 4280 1607 4333 casu
1645 4259 2087 4335 nobilissimi
2144 4260 2499 4337 facinoris
2538 4269 2871 4359 coeptum
2937 4285 3126 4360 opus

882 4380 1249 4478 corrupit:
1325 4381 1599 4480 quippe
1676 4407 1835 4459 cum
1925 4385 2346 4483 quingentis
2421 4388 2514 4462 ad
2585 4389 3125 4463 incursationes

873 4502 1191 4584 hostium
1229 4507 1630 4605 profectus,
1707 4515 1783 4584 et
1820 4510 2031 4586 fusus
2087 4513 2561 4610 fugatusque,
2618 4514 2916 4606 saucius
2954 4514 3121 4612 ipse
