3293 5219
2246 280 2402 359 339

203 500 670 574 convenirent:
717 495 1077 571 Germani
1132 505 1435 594 repente
1474 508 1830 596 tympana
1868 523 2206 594 sonuere,
2260 503 2402 597 quo

198 627 461 702 tumultu
517 624 770 702 hostes
830 625 1126 700 excitati
1185 626 1280 699 ad
1319 645 1552 700 ‚unum
1612 649 1862 700 omnes
1924 651 2391 726 oppressere,

201 761 381 850 atque
397 754 883 843 trucidavere,
905 761 1199 847 praeter
1235 751 1777 848 sigismundum
1818 752 2145 853 Segniey
2182 780 2397 853 prac-

199 880 449 971 fectum,
526 888 600 955 et
688 902 961 977 paucos
1003 880 1394 975 quosdam,
1438 879 1557 974 qui
1598 881 1840 955 nando
1880 880 2146 957 flumen
2185 884 2404 978 traje-

201 1018 434 1100 cerunt,
475 1015 551 1082 et
588 1008 826 1104 elapsi
864 1004 1077 1080 nudis
1105 1016 1326 1103 atque
1383 1006 1929 1082 convulneratis
1986 1008 2263 1114 plantis
2337 1010 2410 1082 in

203 1137 550 1212 castellum
605 1138 797 1232 Bely
851 1136 902 1211 J
907 1134 1218 1210 ohannis
1277 1133 1544 1229 Reguli
1601 1145 2121 1233 pervenerunt.
2180 1134 2411 1232 Sigis-

200 1264 474 1338 mundus
517 1262 843 1361 Segniey
865 1264 976 1336 vir
1034 1262 1347 1358 impiger
1406 1268 1479 1335 et
1537 1284 1754 1335 manu
1808 1271 2193 1363 promptus
2254 1287 2412 1339 cum

198 1385 433 1464 CCCC
475 1391 806 1486 Ungaris
827 1390 1252 1488 praefectus
1273 1389 1532 1461 inerat.
1574 1385 2115 1465 Germanorum
2170 1397 2415 1465 autem

204 1514 319 1589 duo
333 1515 627 1592 vexilla.
650 1514 1070 1613 Superioris
1088 1511 1466 1589 annibello
1483 1515 1719 1589 coacti
1743 1517 2038 1591 fuerant
2057 1516 2416 1615 praefecti

198 1640 429 1716 harum
451 1643 725 1716 arcium
763 1641 1211 1738 praesidium
1239 1641 1290 1716 J
1296 1639 1607 1714 ohannis
1648 1641 2003 1738 recipere.
2025 1643 2078 1719 J
2082 1643 2417 1719 ohannes

206 1788 358 1843 vero
417 1767 755 1866 singulos
851 1769 1049 1842 viros
1143 1766 1432 1842 nobiles
1491 1790 1650 1841 cum
1690 1769 1949 1866 paucis
1988 1771 2423 1866 quibusdam

201 1892 649 1992 imposuerat.
689 1893 1103 1968 Proventus
1149 1902 1392 1968 autem
1433 1893 1925 1991 ditionemque
1964 1918 2244 1971 omnem
2282 1898 2425 1995 pri·

200 2020 428 2096 oribus
468 2021 801 2110 dominis,
829 2020 1163 2117 quamvis
1208 2020 1666 2094 caesarianis
1707 2022 2073 2117 integram
2113 2023 2424 2119 relique·

200 2156 333 2238 rat;
390 2156 780 2223 contentus
840 2172 949 2237 eo,
992 2171 1082 2221 ne
1121 2149 1192 2221 in
1226 2170 1482 2221 manus
1523 2149 1934 2223 Turcarum
1974 2150 2424 2241 devenirent,

201 2276 373 2369 quod
432 2275 712 2372 alioqui
766 2275 1086 2348 futurum
1180 2273 1502 2347 videbat.
1581 2271 1789 2364 Quos
1864 2274 1972 2349 illi
2012 2276 2226 2350 simul
2317 2283 2422 2350 at-

200 2424 322 2496 que
341 2402 808 2501 pepulere,in
828 2402 1238 2475 Turcarum
1257 2408 1698 2496 potestatem
1740 2402 2123 2476 devenere.
2147 2401 2198 2476 J
2204 2400 2427 2475 ohan-

205 2548 322 2600 nes
358 2528 503 2601 etsi
542 2526 866 2624 alioquin
907 2527 1098 2599 inter
1138 2534 1344 2600 tanta
1383 2527 1723 2600 incendia
1763 2528 2239 2602 cunctandum
2283 2528 2426 2602 sibi

205 2656 582 2745 censebat,
696 2663 770 2729 et
863 2654 1025 2728 ideo
1140 2654 1424 2728 tardius
1466 2653 1843 2751 aliquanto
1940 2664 2191 2731 castra
2282 2677 2428 2730 mo-

201 2783 445 2873 visset,
488 2793 736 2858 tamen
776 2782 990 2857 unius
1070 2783 1347 2879 Tokay
1386 2784 1873 2880 recuperandi
1913 2784 2154 2859 studio
2192 2805 2435 2857 move-

203 2908 424 3004 batur3
465 2919 616 2983 tum
678 2908 850 3004 quia
921 2917 1000 2980 ut
1037 2909 1551 3005 patrimonium
1620 2916 1694 2983 et
1723 2912 1847 3005 J'us
1876 2912 2250 3008 proprium
2289 2909 2433 2982 sibi

198 3037 667 3135 competebat,
695 3042 847 3107 tum
888 3034 1081 3130 quod
1119 3035 1217 3107 ad
1252 3035 1598 3129 tutandas
1637 3037 2021 3111 Inferioris
2052 3037 2430 3130 Ungariae

199 3160 548 3258 reliquias
607 3160 1265 3235 commodissimum
1326 3170 1544 3235 esset.
1605 3163 1844 3258 Igitur
1897 3163 1970 3236 in
2007 3164 2273 3236 itinere
2312 3185 2428 3235 ca·
2546 3186 2549 3189 ·

207 3289 490 3364 stellum
587 3286 780 3362 Saea
836 3311 978 3360 non
1038 3287 1362 3381 ignobile
1421 3287 1903 3362 obsidendum
1981 3297 2159 3362 erat.
2234 3286 2433 3361 Illud

210 3416 591 3491 castellum
686 3413 1032 3487 Andreae
1075 3410 1322 3509 Sacay
1359 3412 1880 3489 hereditarium
1924 3422 2103 3503 erat,
2145 3420 2436 3487 vetusta

205 3542 481 3619 familia
538 3552 761 3639 atque
818 3541 1167 3638 opulenta
1224 3540 1547 3631 oriundi,
1589 3549 1852 3615 natura
1881 3541 2024 3615 loci
2066 3539 2432 3615 munitum.

200 3666 383 3758 Quia
493 3679 737 3745 autem
848 3666 1375 3741 Transsilvani
1482 3666 1738 3740 ditioni
1792 3665 2199 3763 proximum
2256 3673 2438 3757 erat,

196 3794 413 3890 paulo
513 3803 685 3869 ante
742 3791 1105 3867 Svendius
1163 3791 1564 3890 praesidio.
1601 3789 2134 3867 Germanorum
2175 3798 2247 3865 et
2284 3789 2438 3865 Un-

194 3945 534 4016 garorum
588 3920 1031 3995 firmaverat.
1124 3918 1588 3994 Praefectum
1662 3918 2035 3993 Andream
2075 3919 2234 4015 Bey
2272 3939 2439 3991 con-

197 4049 447 4125 stituit
506 4050 675 4123 Non
712 4048 834 4121 diu
875 4053 1371 4145 oppugnatum
1407 4045 1564 4135 fuit,
1607 4068 1767 4119 cum
1805 4045 2170 4119 deditione
2242 4041 2435 4118 Ger·

205 4200 582 4251 manorum
640 4175 944 4272 capitur.
1007 4176 1070 4247 Ii
1165 4173 1356 4247 enim
1414 4172 1810 4261 Andream,
1908 4171 2102 4266 quod
2168 4169 2440 4244 diutius

200 4301 656 4376 obsidionem
715 4297 1038 4374 tolerare
1097 4298 1453 4387 voluerat,
1515 4296 1924 4371 arctissime
1968 4294 2281 4369 vinctum
2320 4317 2442 4390 pe-

202 4426 419 4502 dibus
459 4427 1008 4517 conculcarunt,
1046 4426 1438 4523 plagisque
1516 4427 1855 4497 affectum
1895 4424 2178 4497 demum
2217 4421 2443 4501 hosti-

199 4557 339 4630 bus
381 4554 474 4629 de
513 4578 718 4630 muro
760 4560 1242 4642 ostentarunt,
1283 4552 1825 4625 exclamantes:
1866 4550 2084 4624 Hunc
2122 4569 2289 4622 esse
2329 4567 2446 4619 so-

1981 4674 2126 4748 22*
