<?xml version="1.0" encoding="UTF-8"?>
<!DOCTYPE html PUBLIC "-//W3C//DTD XHTML 1.0 Transitional//EN"
    "http://www.w3.org/TR/xhtml1/DTD/xhtml1-transitional.dtd">
<html xmlns="http://www.w3.org/1999/xhtml" xml:lang="en" lang="en">
 <head>
  <title>
</title>
<meta http-equiv="Content-Type" content="text/html;charset=utf-8" />
  <meta name='ocr-system' content='tesseract 3.04.00' />
  <meta name='ocr-capabilities' content='ocr_page ocr_carea ocr_par ocr_line ocrx_word'/>
</head>
<body>
  <div class='ocr_page' id='page_1' title='image "./magyarhistorija00bpgoog/magyarhistorija00bpgoog_0299.png"; bbox 0 0 3293 5219; ppageno 0'>
   <div class='ocr_carea' id='block_1_1' title="bbox 667 1215 1887 1320">
    <p class='ocr_par' dir='ltr' id='par_1_1' title="bbox 667 1215 1887 1320">
     <span class='ocr_line' id='line_1_1' title="bbox 667 1215 1887 1320; baseline 0.006 -10"><span class='ocrx_word' id='word_1_1' title='bbox 667 1215 1201 1315; x_wconf 86' lang='lat' dir='ltr'><strong>LIBER</strong></span> <span class='ocrx_word' id='word_1_2' title='bbox 1290 1220 1887 1320; x_wconf 87' lang='lat' dir='ltr'><strong>NONUS.</strong></span> 
     </span>
    </p>
   </div>
   <div class='ocr_carea' id='block_1_2' title="bbox 1098 1455 1419 1466">
    <p class='ocr_par' dir='ltr' id='par_1_2' title="bbox 1098 1455 1419 1466">
     <span class='ocr_line' id='line_1_2' title="bbox 1098 1455 1419 1466; baseline 0 0"><span class='ocrx_word' id='word_1_3' title='bbox 1098 1455 1419 1466; x_wconf 95' lang='lat' dir='ltr'><strong> </strong></span> 
     </span>
    </p>
   </div>
   <div class='ocr_carea' id='block_1_3' title="bbox 161 1584 2385 2441">
    <p class='ocr_par' dir='ltr' id='par_1_3' title="bbox 161 1584 2385 2441">
     <span class='ocr_line' id='line_1_3' title="bbox 351 1584 2383 1684; baseline 0.002 -26"><span class='ocrx_word' id='word_1_4' title='bbox 351 1585 637 1660; x_wconf 88' lang='lat' dir='ltr'><strong>Bellum</strong></span> <span class='ocrx_word' id='word_1_5' title='bbox 677 1585 1236 1682; x_wconf 85' lang='lat' dir='ltr'><strong>sanquintinum‚</strong></span> <span class='ocrx_word' id='word_1_6' title='bbox 1290 1584 1580 1659; x_wconf 89' lang='lat' dir='ltr'><strong>etiamsi</strong></span> <span class='ocrx_word' id='word_1_7' title='bbox 1620 1594 2018 1684; x_wconf 77' lang='lat' dir='ltr'><strong>appareret</strong></span> <span class='ocrx_word' id='word_1_8' title='bbox 2057 1588 2383 1684; x_wconf 87' lang='lat' dir='ltr'><strong>superio-</strong></span> 
     </span>
     <span class='ocr_line' id='line_1_4' title="bbox 161 1710 2381 1808; baseline 0.003 -26"><span class='ocrx_word' id='word_1_9' title='bbox 161 1710 208 1782; x_wconf 87' lang='lat' dir='ltr'><strong>ri</strong></span> <span class='ocrx_word' id='word_1_10' title='bbox 275 1734 461 1785; x_wconf 85' lang='lat' dir='ltr'><strong>anno</strong></span> <span class='ocrx_word' id='word_1_11' title='bbox 502 1711 876 1787; x_wconf 81' lang='lat' dir='ltr'><strong>renovatis</strong></span> <span class='ocrx_word' id='word_1_12' title='bbox 932 1712 1200 1801; x_wconf 88' lang='lat' dir='ltr'><strong>causis,</strong></span> <span class='ocrx_word' id='word_1_13' title='bbox 1240 1717 1461 1808; x_wconf 86' lang='lat' dir='ltr'><strong>atque</strong></span> <span class='ocrx_word' id='word_1_14' title='bbox 1522 1710 1927 1786; x_wconf 88' lang='lat' dir='ltr'><strong>animorum</strong></span> <span class='ocrx_word' id='word_1_15' title='bbox 1968 1710 2381 1789; x_wconf 86' lang='lat' dir='ltr'><strong>offensioni·</strong></span> 
     </span>
     <span class='ocr_line' id='line_1_5' title="bbox 163 1836 2385 1936; baseline 0.003 -29"><span class='ocrx_word' id='word_1_16' title='bbox 163 1836 296 1926; x_wconf 85' lang='lat' dir='ltr'><strong>bus,</strong></span> <span class='ocrx_word' id='word_1_17' title='bbox 349 1839 665 1912; x_wconf 88' lang='lat' dir='ltr'><strong>omnium</strong></span> <span class='ocrx_word' id='word_1_18' title='bbox 686 1839 920 1933; x_wconf 89' lang='lat' dir='ltr'><strong>majus</strong></span> <span class='ocrx_word' id='word_1_19' title='bbox 980 1838 1654 1929; x_wconf 71' lang='lat' dir='ltr'><strong>recrudescentium,</strong></span> <span class='ocrx_word' id='word_1_20' title='bbox 1717 1863 1865 1935; x_wconf 82' lang='lat' dir='ltr'><strong>pax</strong></span> <span class='ocrx_word' id='word_1_21' title='bbox 1928 1841 2385 1936; x_wconf 85' lang='lat' dir='ltr'><strong>subsequuta</strong></span> 
     </span>
     <span class='ocr_line' id='line_1_6' title="bbox 162 1959 2382 2061; baseline 0.005 -30"><span class='ocrx_word' id='word_1_22' title='bbox 162 1971 273 2033; x_wconf 72' lang='lat' dir='ltr'><strong>est,</strong></span> <span class='ocrx_word' id='word_1_23' title='bbox 310 1959 688 2059; x_wconf 81' lang='lat' dir='ltr'><strong>Siquidem</strong></span> <span class='ocrx_word' id='word_1_24' title='bbox 726 1965 941 2037; x_wconf 87' lang='lat' dir='ltr'><strong>ambo</strong></span> <span class='ocrx_word' id='word_1_25' title='bbox 981 1963 1367 2061; x_wconf 88' lang='lat' dir='ltr'><strong>Hispanus</strong></span> <span class='ocrx_word' id='word_1_26' title='bbox 1427 1972 1648 2061; x_wconf 88' lang='lat' dir='ltr'><strong>atque</strong></span> <span class='ocrx_word' id='word_1_27' title='bbox 1730 1961 1999 2039; x_wconf 82' lang='lat' dir='ltr'><strong>Gallus</strong></span> <span class='ocrx_word' id='word_1_28' title='bbox 2041 1965 2382 2060; x_wconf 76' lang='lat' dir='ltr'><strong>ingentes</strong></span> 
     </span>
     <span class='ocr_line' id='line_1_7' title="bbox 162 2088 2372 2188; baseline 0.004 -31"><span class='ocrx_word' id='word_1_29' title='bbox 162 2088 384 2183; x_wconf 78' lang='lat' dir='ltr'><strong>copias</strong></span> <span class='ocrx_word' id='word_1_30' title='bbox 438 2089 878 2187; x_wconf 90' lang='lat' dir='ltr'><strong>praesertim</strong></span> <span class='ocrx_word' id='word_1_31' title='bbox 954 2114 1043 2164; x_wconf 82' lang='lat' dir='ltr'><strong>ex</strong></span> <span class='ocrx_word' id='word_1_32' title='bbox 1103 2091 1431 2187; x_wconf 91' lang='lat' dir='ltr'><strong>equitatu</strong></span> <span class='ocrx_word' id='word_1_33' title='bbox 1512 2089 1932 2185; x_wconf 84' lang='lat' dir='ltr'><strong>germanico</strong></span> <span class='ocrx_word' id='word_1_34' title='bbox 1992 2113 2372 2188; x_wconf 87' lang='lat' dir='ltr'><strong>compara-</strong></span> 
     </span>
     <span class='ocr_line' id='line_1_8' title="bbox 163 2214 2380 2314; baseline 0.002 -28"><span class='ocrx_word' id='word_1_35' title='bbox 163 2222 316 2295; x_wconf 83' lang='lat' dir='ltr'><strong>runt,</strong></span> <span class='ocrx_word' id='word_1_36' title='bbox 372 2217 666 2312; x_wconf 88' lang='lat' dir='ltr'><strong>qualem</strong></span> <span class='ocrx_word' id='word_1_37' title='bbox 721 2217 958 2292; x_wconf 90' lang='lat' dir='ltr'><strong>neutri</strong></span> <span class='ocrx_word' id='word_1_38' title='bbox 1012 2216 1384 2314; x_wconf 79' lang='lat' dir='ltr'><strong>prioribus</strong></span> <span class='ocrx_word' id='word_1_39' title='bbox 1446 2216 1665 2290; x_wconf 89' lang='lat' dir='ltr'><strong>bellis</strong></span> <span class='ocrx_word' id='word_1_40' title='bbox 1723 2216 2158 2291; x_wconf 86' lang='lat' dir='ltr'><strong>habuerunt.</strong></span> <span class='ocrx_word' id='word_1_41' title='bbox 2236 2214 2380 2291; x_wconf 87' lang='lat' dir='ltr'><strong>Re-</strong></span> 
     </span>
     <span class='ocr_line' id='line_1_9' title="bbox 163 2342 2381 2441; baseline 0.001 -27"><span class='ocrx_word' id='word_1_42' title='bbox 163 2342 323 2436; x_wconf 82' lang='lat' dir='ltr'><strong>perti</strong></span> <span class='ocrx_word' id='word_1_43' title='bbox 377 2350 622 2418; x_wconf 86' lang='lat' dir='ltr'><strong>tamen</strong></span> <span class='ocrx_word' id='word_1_44' title='bbox 681 2353 850 2418; x_wconf 89' lang='lat' dir='ltr'><strong>suut</strong></span> <span class='ocrx_word' id='word_1_45' title='bbox 905 2343 1133 2441; x_wconf 87' lang='lat' dir='ltr'><strong>aliqui</strong></span> <span class='ocrx_word' id='word_1_46' title='bbox 1171 2367 1262 2418; x_wconf 86' lang='lat' dir='ltr'><strong>ex</strong></span> <span class='ocrx_word' id='word_1_47' title='bbox 1302 2352 1613 2439; x_wconf 87' lang='lat' dir='ltr'><strong>utraque</strong></span> <span class='ocrx_word' id='word_1_48' title='bbox 1656 2366 1754 2439; x_wconf 91' lang='lat' dir='ltr'><strong>pa</strong></span> <span class='ocrx_word' id='word_1_49' title='bbox 1773 2351 1905 2434; x_wconf 90' lang='lat' dir='ltr'><strong>rte,</strong></span> <span class='ocrx_word' id='word_1_50' title='bbox 1964 2343 2087 2440; x_wconf 88' lang='lat' dir='ltr'><strong>qui</strong></span> <span class='ocrx_word' id='word_1_51' title='bbox 2124 2365 2381 2440; x_wconf 88' lang='lat' dir='ltr'><strong>pacem</strong></span> 
     </span>
    </p>
   </div>
   <div class='ocr_carea' id='block_1_4' title="bbox 165 2466 2538 2568">
    <p class='ocr_par' dir='ltr' id='par_1_4' title="bbox 165 2466 2538 2568">
     <span class='ocr_line' id='line_1_10' title="bbox 165 2466 2538 2568; baseline 0 -28"><span class='ocrx_word' id='word_1_52' title='bbox 165 2466 548 2543; x_wconf 81' lang='lat' dir='ltr'><strong>svaderent.</strong></span> <span class='ocrx_word' id='word_1_53' title='bbox 680 2471 796 2543; x_wconf 81' lang='lat' dir='ltr'><strong>Ex</strong></span> <span class='ocrx_word' id='word_1_54' title='bbox 929 2468 1303 2565; x_wconf 85' lang='lat' dir='ltr'><strong>gallicana</strong></span> <span class='ocrx_word' id='word_1_55' title='bbox 1434 2467 2035 2556; x_wconf 82' lang='lat' dir='ltr'><strong>Momorantius,</strong></span> <span class='ocrx_word' id='word_1_56' title='bbox 2174 2469 2387 2566; x_wconf 79' lang='lat' dir='ltr'><strong>regni</strong></span> <span class='ocrx_word' id='word_1_57' title='bbox 2513 2551 2538 2568; x_wconf 25' lang='grc' dir='ltr'>κ</span> 
     </span>
    </p>
   </div>
   <div class='ocr_carea' id='block_1_5' title="bbox 163 2592 2387 4715">
    <p class='ocr_par' dir='ltr' id='par_1_5' title="bbox 163 2592 2387 4715">
     <span class='ocr_line' id='line_1_11' title="bbox 165 2592 2385 2693; baseline 0.001 -29"><span class='ocrx_word' id='word_1_58' title='bbox 165 2594 686 2676; x_wconf 81' lang='lat' dir='ltr'><strong>connestabilis‚</strong></span> <span class='ocrx_word' id='word_1_59' title='bbox 803 2597 896 2670; x_wconf 88' lang='lat' dir='ltr'><strong>ad</strong></span> <span class='ocrx_word' id='word_1_60' title='bbox 1009 2593 1619 2686; x_wconf 83' lang='lat' dir='ltr'><strong>San-Quintinum</strong></span> <span class='ocrx_word' id='word_1_61' title='bbox 1737 2601 2013 2693; x_wconf 85' lang='lat' dir='ltr'><strong>captus</strong></span> <span class='ocrx_word' id='word_1_62' title='bbox 2144 2592 2385 2669; x_wconf 90' lang='lat' dir='ltr'><strong>dimis-</strong></span> 
     </span>
     <span class='ocr_line' id='line_1_12' title="bbox 165 2718 2382 2819; baseline 0.002 -29"><span class='ocrx_word' id='word_1_63' title='bbox 165 2718 405 2794; x_wconf 85' lang='lat' dir='ltr'><strong>sionem</strong></span> <span class='ocrx_word' id='word_1_64' title='bbox 483 2722 716 2819; x_wconf 86' lang='lat' dir='ltr'><strong>petiit,</strong></span> <span class='ocrx_word' id='word_1_65' title='bbox 782 2721 1263 2819; x_wconf 89' lang='lat' dir='ltr'><strong>jurejurando</strong></span> <span class='ocrx_word' id='word_1_66' title='bbox 1351 2720 1753 2796; x_wconf 86' lang='lat' dir='ltr'><strong>obstrictus</strong></span> <span class='ocrx_word' id='word_1_67' title='bbox 1849 2720 2043 2793; x_wconf 89' lang='lat' dir='ltr'><strong>intra</strong></span> <span class='ocrx_word' id='word_1_68' title='bbox 2104 2727 2382 2795; x_wconf 88' lang='lat' dir='ltr'><strong>certam</strong></span> 
     </span>
     <span class='ocr_line' id='line_1_13' title="bbox 165 2844 2385 2944; baseline 0.001 -27"><span class='ocrx_word' id='word_1_69' title='bbox 165 2844 324 2920; x_wconf 88' lang='lat' dir='ltr'><strong>diem</strong></span> <span class='ocrx_word' id='word_1_70' title='bbox 345 2870 513 2922; x_wconf 81' lang='lat' dir='ltr'><strong>sese</strong></span> <span class='ocrx_word' id='word_1_71' title='bbox 571 2848 990 2923; x_wconf 87' lang='lat' dir='ltr'><strong>rediturum.</strong></span> <span class='ocrx_word' id='word_1_72' title='bbox 1033 2848 1295 2923; x_wconf 84' lang='lat' dir='ltr'><strong>Altera</strong></span> <span class='ocrx_word' id='word_1_73' title='bbox 1346 2848 1676 2921; x_wconf 87' lang='lat' dir='ltr'><strong>iteruma</strong></span> <span class='ocrx_word' id='word_1_74' title='bbox 1729 2852 1941 2944; x_wconf 88' lang='lat' dir='ltr'><strong>parte</strong></span> <span class='ocrx_word' id='word_1_75' title='bbox 2000 2845 2206 2920; x_wconf 89' lang='lat' dir='ltr'><strong>ducis</strong></span> <span class='ocrx_word' id='word_1_76' title='bbox 2244 2845 2385 2921; x_wconf 91' lang='lat' dir='ltr'><strong>Lo-</strong></span> 
     </span>
     <span class='ocr_line' id='line_1_14' title="bbox 163 2969 2383 3071; baseline 0.002 -29"><span class='ocrx_word' id='word_1_77' title='bbox 163 2969 551 3071; x_wconf 85' lang='lat' dir='ltr'><strong>tharingiae</strong></span> <span class='ocrx_word' id='word_1_78' title='bbox 590 2998 775 3051; x_wconf 85' lang='lat' dir='ltr'><strong>uxor</strong></span> <span class='ocrx_word' id='word_1_79' title='bbox 814 2975 1053 3064; x_wconf 85' lang='lat' dir='ltr'><strong>vidua,</strong></span> <span class='ocrx_word' id='word_1_80' title='bbox 1095 2997 1283 3071; x_wconf 83' lang='lat' dir='ltr'><strong>quae</strong></span> <span class='ocrx_word' id='word_1_81' title='bbox 1325 2969 1627 3047; x_wconf 81' lang='lat' dir='ltr'><strong>Gallum</strong></span> <span class='ocrx_word' id='word_1_82' title='bbox 1670 2971 2031 3046; x_wconf 83' lang='lat' dir='ltr'><strong>affinitate</strong></span> <span class='ocrx_word' id='word_1_83' title='bbox 2068 2971 2221 3062; x_wconf 85' lang='lat' dir='ltr'><strong>filii,</strong></span> <span class='ocrx_word' id='word_1_84' title='bbox 2261 2974 2383 3067; x_wconf 87' lang='lat' dir='ltr'><strong>qui</strong></span> 
     </span>
     <span class='ocr_line' id='line_1_15' title="bbox 166 3098 2382 3197; baseline 0.002 -28"><span class='ocrx_word' id='word_1_85' title='bbox 166 3119 461 3174; x_wconf 88' lang='lat' dir='ltr'><strong>sororem</strong></span> <span class='ocrx_word' id='word_1_86' title='bbox 498 3101 805 3175; x_wconf 91' lang='lat' dir='ltr'><strong>Henrici</strong></span> <span class='ocrx_word' id='word_1_87' title='bbox 847 3099 1194 3187; x_wconf 83' lang='lat' dir='ltr'><strong>habebat,</strong></span> <span class='ocrx_word' id='word_1_88' title='bbox 1236 3101 1674 3194; x_wconf 79' lang='lat' dir='ltr'><strong>cognatione</strong></span> <span class='ocrx_word' id='word_1_89' title='bbox 1715 3098 2130 3197; x_wconf 90' lang='lat' dir='ltr'><strong>Hispanum</strong></span> <span class='ocrx_word' id='word_1_90' title='bbox 2169 3098 2382 3173; x_wconf 88' lang='lat' dir='ltr'><strong>attin·</strong></span> 
     </span>
     <span class='ocr_line' id='line_1_16' title="bbox 168 3223 2382 3324; baseline -0.001 -25"><span class='ocrx_word' id='word_1_91' title='bbox 168 3225 373 3317; x_wconf 76' lang='lat' dir='ltr'><strong>gebat</strong></span> <span class='ocrx_word' id='word_1_92' title='bbox 429 3225 575 3300; x_wconf 91' lang='lat' dir='ltr'><strong>His</strong></span> <span class='ocrx_word' id='word_1_93' title='bbox 629 3226 1087 3324; x_wconf 90' lang='lat' dir='ltr'><strong>potissimum</strong></span> <span class='ocrx_word' id='word_1_94' title='bbox 1143 3225 1427 3301; x_wconf 88' lang='lat' dir='ltr'><strong>duobus</strong></span> <span class='ocrx_word' id='word_1_95' title='bbox 1485 3223 1964 3299; x_wconf 81' lang='lat' dir='ltr'><strong>internunciis</strong></span> <span class='ocrx_word' id='word_1_96' title='bbox 2021 3247 2170 3320; x_wconf 85' lang='lat' dir='ltr'><strong>pax</strong></span> <span class='ocrx_word' id='word_1_97' title='bbox 2223 3230 2382 3297; x_wconf 89' lang='lat' dir='ltr'><strong>tan-</strong></span> 
     </span>
     <span class='ocr_line' id='line_1_17' title="bbox 172 3348 2385 3451; baseline 0.001 -30"><span class='ocrx_word' id='word_1_98' title='bbox 172 3348 303 3424; x_wconf 87' lang='lat' dir='ltr'><strong>dem</strong></span> <span class='ocrx_word' id='word_1_99' title='bbox 357 3355 694 3428; x_wconf 84' lang='lat' dir='ltr'><strong>confecta</strong></span> <span class='ocrx_word' id='word_1_100' title='bbox 750 3362 885 3445; x_wconf 86' lang='lat' dir='ltr'><strong>est,</strong></span> <span class='ocrx_word' id='word_1_101' title='bbox 961 3353 1094 3427; x_wconf 88' lang='lat' dir='ltr'><strong>sed</strong></span> <span class='ocrx_word' id='word_1_102' title='bbox 1170 3354 1562 3451; x_wconf 86' lang='lat' dir='ltr'><strong>praecipue</strong></span> <span class='ocrx_word' id='word_1_103' title='bbox 1639 3350 2181 3427; x_wconf 87' lang='lat' dir='ltr'><strong>Momorantius</strong></span> <span class='ocrx_word' id='word_1_104' title='bbox 2237 3374 2385 3425; x_wconf 84' lang='lat' dir='ltr'><strong>ma-</strong></span> 
     </span>
     <span class='ocr_line' id='line_1_18' title="bbox 171 3478 2380 3567; baseline -0 -17"><span class='ocrx_word' id='word_1_105' title='bbox 171 3497 354 3567; x_wconf 86' lang='lat' dir='ltr'><strong>gnum</strong></span> <span class='ocrx_word' id='word_1_106' title='bbox 415 3488 851 3553; x_wconf 85' lang='lat' dir='ltr'><strong>momentum</strong></span> <span class='ocrx_word' id='word_1_107' title='bbox 909 3478 1171 3553; x_wconf 71' lang='lat' dir='ltr'><strong>attulit,</strong></span> <span class='ocrx_word' id='word_1_108' title='bbox 1215 3480 1405 3553; x_wconf 89' lang='lat' dir='ltr'><strong>Nam</strong></span> <span class='ocrx_word' id='word_1_109' title='bbox 1467 3488 1539 3552; x_wconf 89' lang='lat' dir='ltr'><strong>et</strong></span> <span class='ocrx_word' id='word_1_110' title='bbox 1595 3478 1755 3550; x_wconf 92' lang='lat' dir='ltr'><strong>dies</strong></span> <span class='ocrx_word' id='word_1_111' title='bbox 1814 3485 1891 3551; x_wconf 89' lang='lat' dir='ltr'><strong>et</strong></span> <span class='ocrx_word' id='word_1_112' title='bbox 1929 3485 2189 3551; x_wconf 87' lang='lat' dir='ltr'><strong>noctes</strong></span> <span class='ocrx_word' id='word_1_113' title='bbox 2222 3499 2380 3550; x_wconf 90' lang='lat' dir='ltr'><strong>cum</strong></span> 
     </span>
     <span class='ocr_line' id='line_1_19' title="bbox 169 3599 2384 3702; baseline 0 -29"><span class='ocrx_word' id='word_1_114' title='bbox 169 3599 455 3679; x_wconf 87' lang='lat' dir='ltr'><strong>Henrico</strong></span> <span class='ocrx_word' id='word_1_115' title='bbox 527 3606 1006 3687; x_wconf 83' lang='lat' dir='ltr'><strong>versabatur,</strong></span> <span class='ocrx_word' id='word_1_116' title='bbox 1049 3606 1343 3702; x_wconf 82' lang='lat' dir='ltr'><strong>agebat,</strong></span> <span class='ocrx_word' id='word_1_117' title='bbox 1405 3604 1851 3702; x_wconf 83' lang='lat' dir='ltr'><strong>disputabat,</strong></span> <span class='ocrx_word' id='word_1_118' title='bbox 1903 3602 2265 3693; x_wconf 87' lang='lat' dir='ltr'><strong>monebat,</strong></span> <span class='ocrx_word' id='word_1_119' title='bbox 2304 3609 2384 3674; x_wconf 92' lang='lat' dir='ltr'><strong>ut</strong></span> 
     </span>
     <span class='ocr_line' id='line_1_20' title="bbox 169 3728 2383 3818; baseline 0.001 -20"><span class='ocrx_word' id='word_1_120' title='bbox 169 3728 354 3804; x_wconf 84' lang='lat' dir='ltr'><strong>etiam</strong></span> <span class='ocrx_word' id='word_1_121' title='bbox 391 3732 463 3805; x_wconf 93' lang='lat' dir='ltr'><strong>in</strong></span> <span class='ocrx_word' id='word_1_122' title='bbox 506 3732 760 3806; x_wconf 90' lang='lat' dir='ltr'><strong>eodem</strong></span> <span class='ocrx_word' id='word_1_123' title='bbox 786 3732 1118 3806; x_wconf 87' lang='lat' dir='ltr'><strong>cubiculo</strong></span> <span class='ocrx_word' id='word_1_124' title='bbox 1141 3741 1267 3807; x_wconf 91' lang='lat' dir='ltr'><strong>aut</strong></span> <span class='ocrx_word' id='word_1_125' title='bbox 1284 3730 1767 3806; x_wconf 87' lang='lat' dir='ltr'><strong>tabernaculo</strong></span> <span class='ocrx_word' id='word_1_126' title='bbox 1828 3728 2280 3818; x_wconf 81' lang='lat' dir='ltr'><strong>dormitaret,</strong></span> <span class='ocrx_word' id='word_1_127' title='bbox 2310 3734 2383 3801; x_wconf 89' lang='lat' dir='ltr'><strong>et</strong></span> 
     </span>
     <span class='ocr_line' id='line_1_21' title="bbox 168 3851 2387 3956; baseline 0.002 -34"><span class='ocrx_word' id='word_1_128' title='bbox 168 3851 392 3931; x_wconf 86' lang='lat' dir='ltr'><strong>iterum</strong></span> <span class='ocrx_word' id='word_1_129' title='bbox 484 3859 580 3933; x_wconf 83' lang='lat' dir='ltr'><strong>ad</strong></span> <span class='ocrx_word' id='word_1_130' title='bbox 639 3857 1056 3956; x_wconf 88' lang='lat' dir='ltr'><strong>Philippum</strong></span> <span class='ocrx_word' id='word_1_131' title='bbox 1149 3859 1443 3933; x_wconf 87' lang='lat' dir='ltr'><strong>rediret.</strong></span> <span class='ocrx_word' id='word_1_132' title='bbox 1544 3860 1663 3931; x_wconf 88' lang='lat' dir='ltr'><strong>Ita</strong></span> <span class='ocrx_word' id='word_1_133' title='bbox 1718 3856 1813 3931; x_wconf 89' lang='lat' dir='ltr'><strong>ad</strong></span> <span class='ocrx_word' id='word_1_134' title='bbox 1868 3863 2253 3950; x_wconf 87' lang='lat' dir='ltr'><strong>utrumque</strong></span> <span class='ocrx_word' id='word_1_135' title='bbox 2310 3860 2387 3927; x_wconf 84' lang='lat' dir='ltr'><strong>et</strong></span> 
     </span>
     <span class='ocr_line' id='line_1_22' title="bbox 171 3978 2381 4083; baseline 0 -31"><span class='ocrx_word' id='word_1_136' title='bbox 171 3985 505 4059; x_wconf 84' lang='lat' dir='ltr'><strong>consultor</strong></span> <span class='ocrx_word' id='word_1_137' title='bbox 545 3992 620 4058; x_wconf 89' lang='lat' dir='ltr'><strong>et</strong></span> <span class='ocrx_word' id='word_1_138' title='bbox 656 3993 913 4061; x_wconf 86' lang='lat' dir='ltr'><strong>auctor</strong></span> <span class='ocrx_word' id='word_1_139' title='bbox 950 3985 1156 4083; x_wconf 90' lang='lat' dir='ltr'><strong>pacis</strong></span> <span class='ocrx_word' id='word_1_140' title='bbox 1213 3985 1513 4058; x_wconf 84' lang='lat' dir='ltr'><strong>exstitit.</strong></span> <span class='ocrx_word' id='word_1_141' title='bbox 1576 3982 2089 4057; x_wconf 76' lang='lat' dir='ltr'><strong>Conditionum</strong></span> <span class='ocrx_word' id='word_1_142' title='bbox 2130 3978 2381 4078; x_wconf 88' lang='lat' dir='ltr'><strong>capita</strong></span> 
     </span>
     <span class='ocr_line' id='line_1_23' title="bbox 172 4103 2377 4200; baseline -0.001 -21"><span class='ocrx_word' id='word_1_143' title='bbox 172 4117 429 4200; x_wconf 84' lang='lat' dir='ltr'><strong>praeter</strong></span> <span class='ocrx_word' id='word_1_144' title='bbox 466 4111 613 4185; x_wconf 88' lang='lat' dir='ltr'><strong>alia</strong></span> <span class='ocrx_word' id='word_1_145' title='bbox 689 4111 874 4186; x_wconf 85' lang='lat' dir='ltr'><strong>haec</strong></span> <span class='ocrx_word' id='word_1_146' title='bbox 946 4113 1191 4187; x_wconf 83' lang='lat' dir='ltr'><strong>fuere:</strong></span> <span class='ocrx_word' id='word_1_147' title='bbox 1268 4111 1430 4184; x_wconf 89' lang='lat' dir='ltr'><strong>duci</strong></span> <span class='ocrx_word' id='word_1_148' title='bbox 1470 4107 1893 4184; x_wconf 87' lang='lat' dir='ltr'><strong>Sabaudiae</strong></span> <span class='ocrx_word' id='word_1_149' title='bbox 1955 4103 2226 4181; x_wconf 80' lang='lat' dir='ltr'><strong>Gallus</strong></span> <span class='ocrx_word' id='word_1_150' title='bbox 2267 4104 2377 4177; x_wconf 92' lang='lat' dir='ltr'><strong>di·-</strong></span> 
     </span>
     <span class='ocr_line' id='line_1_24' title="bbox 171 4232 2375 4337; baseline -0 -32"><span class='ocrx_word' id='word_1_151' title='bbox 171 4232 401 4311; x_wconf 88' lang='lat' dir='ltr'><strong>tionem</strong></span> <span class='ocrx_word' id='word_1_152' title='bbox 438 4240 892 4328; x_wconf 80' lang='lat' dir='ltr'><strong>restitueret,</strong></span> <span class='ocrx_word' id='word_1_153' title='bbox 955 4240 1285 4337; x_wconf 86' lang='lat' dir='ltr'><strong>exeeptis</strong></span> <span class='ocrx_word' id='word_1_154' title='bbox 1343 4238 1624 4335; x_wconf 87' lang='lat' dir='ltr'><strong>aliquot</strong></span> <span class='ocrx_word' id='word_1_155' title='bbox 1680 4234 2053 4335; x_wconf 88' lang='lat' dir='ltr'><strong>primariis</strong></span> <span class='ocrx_word' id='word_1_156' title='bbox 2091 4232 2375 4332; x_wconf 88' lang='lat' dir='ltr'><strong>praesi-</strong></span> 
     </span>
     <span class='ocr_line' id='line_1_25' title="bbox 175 4358 2382 4463; baseline 0 -31"><span class='ocrx_word' id='word_1_157' title='bbox 175 4358 411 4438; x_wconf 85' lang='lat' dir='ltr'><strong>diorum</strong></span> <span class='ocrx_word' id='word_1_158' title='bbox 449 4366 653 4459; x_wconf 89' lang='lat' dir='ltr'><strong>loeis,</strong></span> <span class='ocrx_word' id='word_1_159' title='bbox 693 4390 884 4462; x_wconf 80' lang='lat' dir='ltr'><strong>quae</strong></span> <span class='ocrx_word' id='word_1_160' title='bbox 936 4374 1106 4463; x_wconf 86' lang='lat' dir='ltr'><strong>post</strong></span> <span class='ocrx_word' id='word_1_161' title='bbox 1139 4366 1544 4455; x_wconf 86' lang='lat' dir='ltr'><strong>triennium,</strong></span> <span class='ocrx_word' id='word_1_162' title='bbox 1585 4364 1649 4438; x_wconf 89' lang='lat' dir='ltr'><strong>si</strong></span> <span class='ocrx_word' id='word_1_163' title='bbox 1690 4385 1833 4461; x_wconf 78' lang='lat' dir='ltr'><strong>pax</strong></span> <span class='ocrx_word' id='word_1_164' title='bbox 1911 4358 2382 4434; x_wconf 84' lang='lat' dir='ltr'><strong>diuturnitate</strong></span> 
     </span>
     <span class='ocr_line' id='line_1_26' title="bbox 178 4488 2383 4584; baseline 0 -25"><span class='ocrx_word' id='word_1_165' title='bbox 178 4496 236 4559; x_wconf 71' lang='lat' dir='ltr'><strong>et</strong></span> <span class='ocrx_word' id='word_1_166' title='bbox 283 4489 747 4567; x_wconf 84' lang='lat' dir='ltr'><strong>affinitatibus</strong></span> <span class='ocrx_word' id='word_1_167' title='bbox 807 4492 1284 4584; x_wconf 88' lang='lat' dir='ltr'><strong>coalesceret,</strong></span> <span class='ocrx_word' id='word_1_168' title='bbox 1321 4491 1569 4566; x_wconf 91' lang='lat' dir='ltr'><strong>itidem</strong></span> <span class='ocrx_word' id='word_1_169' title='bbox 1629 4489 1839 4564; x_wconf 87' lang='lat' dir='ltr'><strong>reddi</strong></span> <span class='ocrx_word' id='word_1_170' title='bbox 1878 4488 2264 4577; x_wconf 85' lang='lat' dir='ltr'><strong>deberent3</strong></span> <span class='ocrx_word' id='word_1_171' title='bbox 2301 4493 2383 4560; x_wconf 91' lang='lat' dir='ltr'><strong>ut</strong></span> 
     </span>
     <span class='ocr_line' id='line_1_27' title="bbox 180 4611 2377 4715; baseline -0.001 -28"><span class='ocrx_word' id='word_1_172' title='bbox 180 4620 730 4715; x_wconf 73' lang='lat' dir='ltr'><strong>quaecunqueab</strong></span> <span class='ocrx_word' id='word_1_173' title='bbox 773 4618 975 4693; x_wconf 86' lang='lat' dir='ltr'><strong>initio</strong></span> <span class='ocrx_word' id='word_1_174' title='bbox 1017 4620 1326 4696; x_wconf 83' lang='lat' dir='ltr'><strong>omnium</strong></span> <span class='ocrx_word' id='word_1_175' title='bbox 1351 4618 1705 4693; x_wconf 86' lang='lat' dir='ltr'><strong>bellorum</strong></span> <span class='ocrx_word' id='word_1_176' title='bbox 1739 4618 1907 4715; x_wconf 83' lang='lat' dir='ltr'><strong>jure</strong></span> <span class='ocrx_word' id='word_1_177' title='bbox 1950 4612 2122 4689; x_wconf 91' lang='lat' dir='ltr'><strong>belli</strong></span> <span class='ocrx_word' id='word_1_178' title='bbox 2165 4611 2377 4687; x_wconf 88' lang='lat' dir='ltr'><strong>alteri</strong></span> 
     </span>
    </p>
   </div>
   <div class='ocr_carea' id='block_1_6' title="bbox 1880 4888 2359 5205">
    <p class='ocr_par' dir='ltr' id='par_1_6' title="bbox 1880 4888 2359 5205">
     <span class='ocr_line' id='line_1_28' title="bbox 1880 4888 2359 5205; baseline 0 -90"><span class='ocrx_word' id='word_1_179' title='bbox 1880 4888 2359 5205; x_wconf 66' lang='lat' dir='ltr'><strong>s·</strong></span> 
     </span>
    </p>
   </div>
  </div>
 </body>
</html>
