3293 5219
2389 295 2545 375 239

257 517 334 585 et
370 513 475 585 ab
523 511 835 587 auxiliis
875 511 1307 585 excluderet
1345 537 1361 582 :
1401 510 1839 585 Ladislaum
1876 509 2137 586 Radac
2177 535 2337 587 cum
2376 514 2546 588 duo-

271 640 418 713 bus
483 639 785 713 circiter
841 638 1173 712 millibus
1215 637 1536 734 equitum
1594 645 1814 734 atque
1873 638 2197 735 peditum
2234 642 2545 734 praemi-

259 763 381 859 sit3
433 765 754 863 ipsemet
792 787 956 838 cum
995 763 1167 837 aliis
1208 764 1444 861 copiis
1484 764 2101 860 subsequebatur.
2141 765 2266 840 Illi
2297 775 2543 842 tamen

260 900 565 967 tantum
605 893 864 984 abfuit,
889 898 968 966 ut
1005 892 1084 964 in
1123 892 1445 987 gratiam
1484 893 1774 968 invitati
1812 892 2161 985 redirent,
2199 901 2279 969 ut
2318 895 2543 970 etiam

262 1020 340 1091 in
385 1018 762 1116 praelium
801 1017 1261 1093 descendere
1303 1018 1452 1092 sint
1490 1019 1676 1092 ausi.
1753 1019 2015 1114 Neque
2071 1019 2147 1092 hi
2187 1020 2545 1094 detrecta-

267 1151 591 1235 verunt,
653 1144 851 1240 quod
909 1143 1238 1240 equitum
1280 1167 1368 1217 ac
1407 1143 2023 1240 sclopetariorum
2068 1145 2334 1218 robore
2372 1145 2543 1243 plus

267 1268 646 1359 valerent,
727 1269 838 1342 illi
877 1293 1057 1343 vero
1135 1291 1461 1361 numero,
1503 1268 1728 1343 veluti
1767 1268 1984 1343 turba
2022 1267 2549 1344 inconditorum

265 1395 718 1491 agrestium.
761 1394 925 1485 Quo
969 1394 1361 1470 commisso
1406 1394 1503 1467 ad
1545 1393 1892 1490 oppidum
1933 1390 2337 1486 Vasarhel,
2373 1403 2547 1492 post

258 1523 590 1619 primum
664 1522 919 1616 statim
995 1523 1383 1620 impetum,
1460 1528 1717 1618 utpote
1791 1520 1993 1594 nullo
2073 1528 2274 1594 certo
2343 1519 2544 1611 duce,

258 1646 476 1722 nullo
520 1645 803 1738 ordine,
867 1646 1017 1720 fusi
1067 1654 1291 1742 atque
1329 1644 1571 1739 fugati
1610 1653 1798 1718 sunt.
1860 1642 2185 1735 Quorum
2223 1644 2544 1718 maxima

257 1782 490 1872 parte
533 1780 756 1869 capta
824 1778 899 1845 et
982 1771 1312 1846 Tordam
1376 1770 1712 1862 adducta,
1771 1771 2027 1869 paucis
2106 1770 2545 1868 quibusdam

261 1896 645 1996 capitibus
684 1895 1034 1969 factionis
1075 1894 1443 1993 supplicio
1486 1896 1795 1985 affectis,
1842 1892 2261 1994 Stephanus
2294 1897 2546 1971 Lazar

261 2032 338 2098 ct
401 2023 736 2098 Micha'cl
795 2022 1084 2096 Kornis
1179 2021 1319 2094 viri
1376 2022 1708 2118 primarii
1784 2020 1860 2094 in
1918 2021 2347 2118 captivitate
2407 2021 2545 2096 ali-

261 2149 625 2248 quamdiu
730 2150 912 2222 tenti
984 2156 1196 2238 sunt,
1333 2147 1560 2222 ceteri
1643 2170 1819 2222 vero
1899 2169 2151 2221 omnes
2229 2147 2538 2222 dimissi.

263 2276 462 2351 Inde
503 2276 556 2352 J
565 2275 897 2349 ohannes
957 2274 1051 2348 ad
1095 2270 1597 2369 Segesvarum
1639 2272 1951 2347 concilio
1992 2272 2205 2366 regni
2246 2295 2548 2368 congre-

271 2413 484 2499 gat0,
547 2426 640 2476 ex
680 2400 979 2499 publico
1021 2400 1319 2475 decreto
1379 2401 1453 2474 in
1528 2399 2051 2496 sempiternam
2086 2422 2402 2496 poenam
2462 2397 2545 2470 li-

268 2531 653 2604 bertatem
729 2526 1001 2601 Siculis
1059 2526 1507 2623 abrogavit,
1604 2549 1764 2600 cum
1834 2533 2002 2599 ante
2059 2526 2200 2598 hoc
2254 2533 2543 2625 tempus

266 2655 495 2732 liberi
558 2654 816 2752 populi
879 2654 1390 2749 exstitissent3
1485 2652 1876 2727 fabricatis
1936 2652 2125 2726 inter
2185 2673 2317 2726 eos
2375 2651 2547 2727 dua-

268 2784 417 2857 bus
477 2780 819 2871 arcibus,
917 2770 1009 2854 ex
1089 2782 1360 2877 quibus
1418 2788 1796 2876 tamquam
1857 2779 2067 2853 freno
2124 2787 2544 2853 coerceren-

266 2920 433 2999 tur3
496 2930 593 2980 ex
632 2930 778 2981 uua
827 2908 1008 2981 sede
1048 2906 1395 2995 Aranias,
1472 2929 1643 2979 nam
1703 2902 1780 2978 hi
1839 2926 2092 2979 omnes
2133 2904 2207 2978 in
2247 2911 2543 3000 septem

270 3037 501 3111 sedes
550 3034 990 3123 dividuntur,
1026 3036 1205 3108 nulli
1246 3036 1319 3108 in
1358 3034 1643 3131 praelio
1686 3032 2016 3121 aderant,
2040 3040 2164 3107 aut
2200 3029 2548 3130 pervcni-

269 3186 354 3235 re
398 3185 551 3236 non
592 3168 1026 3257 potuerant;
1058 3161 1370 3256 ideoque
1412 3160 1486 3233 in
1504 3159 1819 3257 pristino
1860 3166 2058 3234 statu
2097 3160 2239 3233 soli
2262 3179 2548 3233 conser-

273 3289 457 3363 vati.
483 3288 606 3364 Ibi
639 3288 706 3361 N
712 3288 996 3363 icolaus
1020 3286 1317 3383 Valcay
1357 3302 1430 3360 et
1453 3287 1521 3360 N
1528 3286 1808 3360 icolaus
1832 3285 2070 3359 Forro
2111 3283 2280 3379 lege
2322 3285 2545 3380 maje-

272 3415 503 3489 statis
528 3412 756 3504 citati,
780 3423 853 3487 et
874 3411 1168 3509 publico
1210 3414 1433 3487 totius
1474 3412 1688 3508 regni
1729 3411 2037 3486 consilio
2080 3409 2425 3500 damnati,
2454 3429 2542 3480 ac

274 3538 761 3615 carnificibus
784 3538 878 3610 ad
901 3561 1213 3634 poenam
1236 3539 1408 3631 dati,
1435 3540 1621 3612 etad
1644 3537 2025 3634 gemonias
2046 3535 2299 3631 ligatis
2323 3532 2545 3607 mani-

271 3668 421 3740 bus
444 3664 671 3738 tracti
711 3672 908 3757 sunt3
943 3666 1246 3759 jamque
1291 3663 1625 3736 carnifex
1668 3664 2041 3737 obnubere
2084 3659 2329 3754 capita
2367 3680 2542 3732 son-

272 3792 459 3865 tium
500 3797 811 3887 paratus
853 3796 1035 3879 erat,
1062 3813 1223 3863 cum
1247 3789 1588 3865 celeriter
1628 3787 1880 3882 gratia
1930 3788 2023 3860 ab
2047 3787 2099 3862 ‚J
2105 3785 2395 3859 ohanne
2433 3808 2545 3858 re-

269 3915 711 4010 nunciatur3
771 3915 846 3986 in
889 3915 1146 3989 eodem
1185 3916 1347 3988 loco
1395 3913 1677 4011 junctis
1718 3911 2058 3986 manibus
2099 3908 2542 4001 carnificum,

269 4028 1001 4118 circumsistentibus
1038 4040 1370 4115 universi
1409 4039 1624 4135 regni
1666 4038 1987 4113 omnium
2024 4037 2358 4113 ordinum
2396 4037 2540 4111 fre-

270 4167 790 4265 quentissimis
847 4166 1315 4258 hominibus,
1378 4164 1801 4264 Stephanus
1859 4164 2260 4240 Bathorius
2319 4163 2550 4239 verba

269 4294 477 4385 fecit,
521 4292 835 4388 denique
875 4292 1194 4388 gratiam
1233 4291 1772 4389 pronunciavit,
1836 4299 1909 4365 et
1947 4290 2141 4367 solvi
2190 4290 2543 4387 abireque

274 4419 566 4494 liberos
593 4417 842 4513 jussit.

494 4540 648 4618 Sub
693 4541 889 4619 idem
927 4550 1218 4642 tempus
1254 4543 1520 4620 iterum
1538 4542 1962 4619 caesariani
1986 4540 2363 4639 Georgius
2400 4542 2543 4618 Be·
