3293 5219
2413 317 2513 395 91

274 533 453 605 idem
513 540 804 629 tempus
872 531 1235 627 primores
1296 533 1916 609 Transsilvaniae
1973 544 2409 612 conventum
2444 535 2522 609 in

271 656 960 756 Zekely-Vasarhel
1052 658 1464 749 habebant,
1560 667 1632 734 et
1726 658 2138 738 Siculorum
2245 660 2524 735 auxilia

269 786 784 861 sollicitabant.
878 786 999 860 Ex
1092 786 1357 881 quibus
1450 785 1811 863 Nicolaus
1905 787 2146 864 Alard
2203 786 2518 863 consilia

269 935 512 986 eorum
564 911 663 985 ad
697 910 1061 1006 vajvodas
1081 911 1359 1004 detulit,
1398 919 1471 986 et
1507 921 1771 1007 monet,
1846 921 1926 989 ut
1966 913 2354 1013 imparatis
2393 912 2519 987 ad-

266 1039 419 1127 huc,
456 1044 539 1111 et
575 1043 973 1132 antequam
1011 1033 1242 1111 Siculi
1298 1036 1762 1130 accederent,
1799 1039 1993 1113 irent
2029 1038 2348 1129 obviam,
2387 1037 2513 1133 qui

267 1164 452 1238 intra
468 1185 752 1262 paucos
774 1162 933 1237 dics
954 1162 1249 1239 affuturi
1271 1171 1503 1238 erant.
1528 1160 1955 1262 Stephanus
1979 1164 2201 1242 Dobo
2243 1163 2515 1240 statim.

269 1290 531 1387 quibus
588 1289 825 1387 potuit
916 1291 1425 1386 congregatis,
1519 1290 1616 1365 ad
1697 1268 2520 1390 Zekely-Vasarbelum

268 1416 614 1491 festinato
652 1414 937 1512 pergit3
993 1415 1121 1490 isti
1161 1438 1450 1512 quoque
1489 1423 1707 1492 extra
1745 1416 2092 1514 oppidum
2129 1423 2380 1491 castra
2413 1415 2521 1489 fa·

268 1541 477 1615 ciunt.
516 1539 765 1626 Deba,
802 1540 1082 1634 legatis
1115 1541 1212 1615 ad
1268 1563 1399 1618 eos
1437 1541 1713 1635 missis,
1752 1564 1915 1617 cum
1951 1542 2234 1618 neutris
2286 1543 2517 1616 fortu⁶

269 1691 433 1743 nam
467 1664 653 1741 belli
689 1673 978 1742 tentare
1001 1669 1354 1764 placeret,
1393 1667 1561 1743 istis
1600 1668 2145 1745 conditionibus
2184 1667 2523 1743 inducias

267 1792 767 1892 paciscuntur:
805 1798 886 1866 ut
923 1791 989 1866 si
1027 1792 1225 1867 intra
1281 1792 1637 1869 decimum
1678 1795 2008 1891 quintum
2031 1795 2222 1870 diem
2263 1819 2309 1869 a
2345 1792 2519 1867 Pet·

264 1919 527 1994 rovitio
604 1916 888 1993 auxilia
923 1941 1067 1993 non
1125 1919 1583 2010 advenirent,
1622 1920 1720 1994 in.
1751 1920 2070 2016 gratiam
2111 1919 2518 1995 Ferdinan·

266 2045 333 2119 di
385 2044 736 2122 redirent.
811 2045 1278 2121 Durantibus
1337 2068 1521 2142 ergo
1583 2045 1941 2139 induciis,
2035 2047 2520 2143 Volfgangus

266 2169 747 2246 Bornemisza
801 2170 894 2245 de
952 2167 1293 2269 Capolna
1348 2171 1443 2247 ad
1499 2170 1988 2249 Petrovitium
2026 2173 2126 2247 ad
2197 2172 2520 2247 referen-

269 2296 429 2372 dum
524 2319 716 2394 quae
783 2304 951 2372 acta
1021 2305 1297 2392 essent,
1373 2298 1674 2375 decreto
1751 2299 2041 2376 consilii
2113 2296 2524 2396 proficisci-

268 2433 402 2499 tur.
500 2421 647 2514 Qui
701 2430 875 2498 ante
968 2424 1243 2499 exitum
1337 2425 1794 2501 induciarum
1870 2423 2281 2522 quindecim
2373 2421 2523 2497 die-

271 2571 424 2625 rum
532 2556 783 2625 revert
797 2570 968 2642 ens,
1063 2573 1253 2647 quae
1365 2551 1691 2644 viderat,
1793 2551 1884 2628 de
1976 2550 2210 2651 copiis
2310 2572 2523 2650 prae-

270 2675 640 2768 sentibus,
698 2682 778 2750 et
887 2698 1077 2773 qnae
1187 2678 1701 2770 intellexerat,
1808 2677 1900 2753 de
2009 2676 2309 2754 auxiliis
2396 2678 2525 2752 bn-

271 2802 516 2877 densis
590 2804 868 2877 bassae
946 2804 1322 2896 affuturis,
1379 2805 1479 2879 ad
1569 2805 1819 2880 socios
1900 2804 2149 2880 refert.
2245 2801 2520 2879 Stanti-

269 2928 405 3003 bus
441 2929 666 3004 etiam
702 2926 965 3003 iisdem
1001 2928 1316 3004 induciis
1373 2954 1467 3006 ex
1516 2930 1903 3007 Moldavia
1942 2931 2038 3007 ab
2078 2929 2521 3006 Alexandro

268 3055 585 3150 vajvoda
698 3062 1013 3152 quatuor
1143 3056 1372 3132 millia
1445 3054 1952 3135 Valachorum
2044 3057 2519 3146 advenerant,

271 3178 447 3254 duce
485 3179 803 3277 quodam
841 3181 1171 3258 Moczoc.
1251 3182 1581 3274 Quarum
1618 3200 1866 3261 rerum
1893 3183 2164 3260 fiducia
2220 3183 2523 3260 Doboni

270 3305 698 3380 renunciant
770 3305 1127 3400 inducias,
1202 3315 1278 3383 et
1348 3309 1424 3383 in
1482 3318 1734 3386 castra
1787 3309 2246 3385 conveniunt.
2306 3307 2523 3399 Quod

275 3431 602 3526 quamvis
640 3430 1022 3529 plerisque
1057 3432 1520 3510 immaturum
1538 3435 1957 3529 videbatur,
1996 3441 2246 3509 tamen
2284 3432 2520 3508 Fran-

275 3554 467 3630 cisco
522 3555 866 3654 Patochy
924 3558 1193 3654 opibus
1247 3558 1471 3655 longe
1529 3561 1806 3636 ceteris
1846 3557 2261 3659 praestanti
2299 3581 2521 3657 expe·

279 3681 601 3758 tiendum
641 3703 813 3757 esse
852 3681 1151 3779 placuit.
1212 3685 1516 3761 Interea
1603 3684 2064 3762 Petrovitius
2102 3685 2199 3759 ob
2238 3707 2517 3761 moram

273 3807 656 3900 Budensis,
713 3809 1116 3885 exercitum
1173 3810 1488 3903 dimittit,
1529 3818 1609 3887 ut
1670 3809 2009 3904 diximus,
2063 3810 2286 3888 Dobo
2343 3832 2519 3886 vero

276 3933 535 4010 milites
591 3936 1138 4029 conscribebat,
1178 3946 1254 4013 et
1328 3938 1611 4014 auxilia
1666 3963 1760 4014 ex
1833 3936 2178 4033 Ungaria
2213 3959 2519 4034 exspec-

273 4059 491 4136 tabat.
547 4061 652 4137 At
724 4060 1049 4138 Valachi
1115 4086 1277 4140 cum
1330 4062 1821 4141 Petrovitium
1860 4062 2149 4140 domum
2184 4061 2521 4154 rediisse,

281 4188 819 4286 exercitumque
893 4187 1288 4284 dimisisse,
1346 4191 1770 4268 Budensem
1798 4188 2059 4290 procul
2117 4189 2409 4283 abesse,
2446 4199 2522 4265 et

280 4308 423 4384 bac
455 4320 741 4388 aestate
776 4313 962 4389 nihil
999 4315 1251 4412 magui
1272 4317 1437 4413 geri
1475 4339 1703 4415 posse
1777 4321 2186 4409 cernerent,
2224 4316 2518 4390 abeunt.

277 4433 393 4509 Ea
427 4459 500 4512 re
538 4436 1128 4516 Transsilvanos
1151 4440 1629 4517 vehementer
1679 4441 2324 4540 perturbaverant.
2363 4440 2513 4518 De-

277 4559 512 4656 nique,
548 4564 693 4639 rati
749 4587 833 4640 se
873 4564 1330 4646 Ferdinandi
1368 4565 1654 4645 viribus
1691 4566 1834 4643 hoc
1868 4589 2114 4644 rerum
2154 4572 2356 4644 statu
2388 4568 2517 4644 im-
