3293 5219
831 266 985 343 160

837 483 1176 576 amicitia,
1219 490 1440 579 atque
1478 483 1836 558 affinitate
1894 481 2090 579 apud
2129 480 2531 556 Henrieum
2567 504 2863 577 regem;
2910 503 3074 556 eum

835 632 966 706 pro
1023 609 1342 684 maxima
1410 633 1546 683 sua
1620 610 2060 684 auctoritate
2135 631 2402 704 magno
2478 608 2880 697 commode,
2938 629 3071 704 pro

828 736 1145 810 maxima
1188 735 1581 833 opulentia,
1608 759 1696 808 ae
1733 735 2061 832 potentia
2114 734 2338 808 etiam
2376 735 2650 809 auxilio
2700 734 3067 809 adversus

825 863 1113 937 hostem
1150 860 1506 956 futurum;
1548 883 1736 956 quae
1760 859 2024 956 cupide
2062 860 2359 934 nimium
2379 868 2454 933 et
2492 859 2782 935 ardenti
2820 858 3065 933 animo

823 991 919 1064 ab
958 987 1294 1064 omnibus
1316 995 1621 1083 aeeepta
1641 994 1831 1061 sunt.
1871 986 2232 1083 Equidem
2272 987 2666 1077 Henrieus,
2701 988 2861 1082 jam
2901 984 3068 1060 inde

827 1116 923 1189 ab
961 1115 1168 1189 initio
1208 1115 1541 1211 exemplo
1601 1114 1863 1211 patris,
1922 1115 2379 1211 aliorumque
2435 1138 2694 1211 regum
2752 1114 3063 1211 gallico-

823 1265 1003 1335 rum,
1062 1240 1183 1337 qui
1223 1264 1383 1314 eum
1420 1240 1723 1336 regibus
1765 1238 2147 1334 Ungariae
2204 1265 2545 1337 magnam
2606 1241 3059 1340 conjunctio-

822 1390 985 1442 nem
1041 1365 1469 1457 habuerunt,
1581 1389 1705 1440 res
1796 1367 2194 1462 ungaricas
2305 1366 2699 1463 diligenter
2793 1389 3060 1440 curare

822 1497 1291 1588 susceperat3
1332 1492 1465 1566 sed
1517 1500 1763 1566 tamen
1784 1494 2036 1591 etipse
2091 1493 2634 1569 non-immerito
2693 1493 3061 1569 amicitias

820 1617 1472 1716 circumspiciebat,
1493 1618 1899 1715 quiabello
1931 1620 2240 1693 metensi
2260 1617 2538 1694 nullam
2578 1642 2735 1694 eum
2780 1617 3058 1694 Carolo

824 1747 914 1822 V.
950 1745 1394 1841 imperatore
1428 1767 1686 1840 paoem
1704 1743 2048 1840 habebat3
2071 1746 2276 1840 eujus
2304 1730 2425 1818 'rei
2464 1745 2725 1820 notitia
2765 1769 2932 1820 eum
2971 1745 3064 1818 ad

822 1870 1365 1947 Ferdinandum
1417 1894 1673 1966 regem
1729 1878 1801 1945 et
1842 1867 2187 1944 Carolum
2229 1870 2319 1946 V.
2378 1871 2901 1969 imperatorem
2945 1895 3059 1946 ve·

824 1999 1079 2096 nisset,
1119 2022 1397 2073 summo
1436 2008 1701 2074 conatu
1751 2007 1971 2096 atque
1994 1998 2234 2072 studio
2274 1999 2579 2073 turbare
2619 2009 3063 2094 coeperunt,

824 2129 985 2223 ejus
1022 2127 1127 2200 rei
1168 2127 1575 2202 ministrum
1613 2127 1910 2201 nimium
1948 2134 2353 2225 opportune
2393 2127 2674 2200 Bonam
2720 2127 3062 2223 reginam

826 2252 1201 2344 Poloniae,
1241 2261 1315 2327 et
1351 2260 1657 2329 matrem
1717 2253 2091 2328 Isabellae
2148 2254 2545 2328 inveniunt.
2605 2254 2796 2328 Nam
2853 2255 3064 2330 Bona

821 2381 1081 2478 regina
1135 2381 1209 2454 in
1268 2380 1629 2479 Apuliam,
1682 2380 1756 2453 in
1805 2379 2144 2454 ducatum
2199 2381 2651 2473 barrensem,
2705 2381 3058 2478 patrimo·

820 2508 1014 2582 nium
1056 2515 1302 2606 utpote
1342 2529 1569 2597 suum,
1614 2532 1653 2582 e
1695 2507 2006 2581 Polonia
2060 2507 2534 2602 migraverat.
2612 2506 2866 2599 Quare
2928 2507 3064 2583 Ca-

821 2636 1021 2708 rolus
1060 2635 1149 2709 V.
1192 2642 1496 2709 ostensa
1533 2659 1635 2728 re,
1679 2634 1851 2732 quid
1871 2634 2030 2708 fieri
2070 2634 2315 2726 vellet,
2338 2635 2672 2710 nimirum
2692 2636 2758 2709 si
2794 2659 3060 2733 paeem

820 2759 1165 2856 gallicam
1222 2761 1608 2836 turbatura
1665 2767 1902 2852 esset,
1961 2783 2129 2835 sese
2201 2760 2378 2835 item
2434 2762 2803 2857 optionem
2857 2764 3060 2851 dare,

828 2895 1061 2960 utram
1119 2886 1421 2960 duarum
1458 2887 1932 2960 maximarum
1990 2886 2473 2962 conditionem
2515 2889 2793 2984 eligere
2838 2888 3062 2974 malit,

828 3012 1132 3088 ducatus
1225 3012 1787 3088 mediolanensis
1898 3011 2628 3106 administrationum,
2701 3038 2796 3087 an
2848 3011 3060 3110 regni

822 3139 1276 3237 neapolitani
1332 3168 1348 3212 ε
1419 3161 1721 3236 quorum
1808 3137 2133 3229 alterius,
2208 3139 2407 3213 illius
2489 3139 2779 3237 quidem
2859 3138 3060 3213 ducis

829 3264 1424 3358 mediolanensis,
1499 3265 1714 3340 istius
1754 3287 1930 3337 vero
1971 3265 2275 3361 reginae
2336 3265 2547 3361 regni
2598 3264 3058 3364 neapolitani

833 3392 1067 3485 titulo,
1110 3393 1421 3485 nomine,
1458 3392 1893 3488 insignibus,
1954 3414 2236 3466 summa
2274 3391 2582 3488 denique
2623 3393 3058 3467 auctoritate

828 3543 963 3617 per
1002 3543 1287 3594 omnem
1324 3526 1644 3594 aetatem
1684 3526 2026 3595 uteretur.
2080 3518 2289 3593 Bona
2326 3525 2775 3615 postremam
2816 3518 3059 3593 eondi-

827 3646 1095 3721 tionem
1154 3646 1384 3741 eligit,
1443 3653 1516 3720 et
1569 3646 1644 3718 in
1706 3652 1981 3719 certam
2024 3650 2245 3741 atque
2302 3644 2791 3720 firmissimam
2852 3668 3054 3744 spem

829 3781 1079 3848 tantae
1155 3772 1264 3846 rei
1358 3779 1617 3868 quater
1675 3777 1982 3843 centena
2074 3767 2306 3843 millia
2399 3793 2687 3844 numum
2763 3795 3057 3847 aureum

834 3897 1104 3975 Oarolo
1163 3904 1484 3973 mutuum
1559 3893 2008 3993 superaddit.
2088 3891 2238 3968 Sed
2293 3903 2540 3970 tamen
2598 3894 2917 3972 Carolus
2974 3897 3058 3971 V.

825 4025 1094 4128 partim
1138 4023 1656 4122 senio,partim
1693 4022 1947 4096 morbo
1987 4021 2366 4097 articulari
2417 4045 2846 4121 oppressus,
2885 4024 3057 4098 nihil

825 4153 1331 4254 praestantius
1369 4152 1447 4227 in
1484 4151 1772 4247 reliqua
1793 4149 1949 4224 vita
2003 4155 2212 4225 ratus
2254 4159 2387 4242 est,
2431 4174 2652 4247 quam
2690 4152 2755 4225 si
2797 4153 3051 4228 vivens

830 4281 1176 4379 Philippo
1214 4280 1368 4354 filio
1419 4301 1813 4375 regnorum
1892 4300 2190 4353 suorum
2263 4278 2645 4375 imperium
2710 4278 3051 4354 traderet.

830 4406 1083 4497 Quare
1122 4407 1320 4481 vitae
1360 4427 1595 4502 genus
1636 4429 1731 4479 ex
1770 4402 2134 4480 altissimo
2177 4404 2490 4478 omnium
2531 4404 2792 4500 gradu,
2832 4405 2905 4478 in
2947 4425 3052 4478 so-

825 4533 1165 4625 litarium,
1223 4537 1443 4630 atque
1500 4530 1815 4606 omnium
1894 4528 2519 4628 simplicissimum
2575 4533 3049 4606 eommutavit.
3143 4568 3151 4576 -
