3293 5219
802 291 963 373 :228

1016 514 1208 586 Dum
1269 512 1454 584 haec
1501 507 1573 583 iu
1636 508 2016 583 Moldavi'a
2076 516 2450 604 geruntur,
2509 500 2854 586 Andreas
2917 507 3061 589 Ba-

796 647 1083 729 toreus,
1146 636 1532 711 Nicolaum
1572 636 1974 709 Batoreum
2011 636 2362 720 fratrem,
2442 658 2531 709 ac
2569 635 3054 714 Melchiorem

802 764 1217 855 Balassam,
1244 761 1365 858 qui
1407 761 1686 859 primus
1728 784 1816 833 ac
1836 761 2279 857 praecipuus
2321 760 2396 831 in
2434 761 2867 836 rebellando
2907 767 3060 841 fue-

794 899 933 981 rat,
974 890 1068 964 ad
1107 888 1587 963 defectionem
1625 888 2003 971 sollicitat,
2046 887 2573 962 communicato
2616 912 2776 964 cum
2814 890 3059 966 tribus

798 1017 948 1093 illis
988 1016 1195 1105 viris,
1236 1037 1419 1112 quos
1477 1014 2002 1104 trucidaverat,
2062 1011 2407 1108 consili03
2467 1037 2821 1091 venenum
2862 1018 3062 1113 regi-

804 1166 943 1216 nae
995 1150 1068 1215 et
1107 1140 1258 1216 filio
1296 1142 1519 1238 paulo
1562 1150 1732 1215 ante
1774 1140 2117 1214 affectato
2157 1162 2389 1235 regno
2428 1139 2711 1216 frustra
2745 1141 3064 1217 intenta-

798 1275 1032 1342 verat.
1107 1265 1570 1340 Defectionis
1637 1275 1863 1361 pacta
1919 1265 2107 1340 haec
2162 1266 2493 1339 fuerunt:
2553 1265 2925 1341 Videlicet
2980 1279 3062 1344 ut

804 1395 1042 1468 omnis
1108 1416 1301 1467 noxa
1361 1393 1507 1466 sibi
1567 1403 1639 1468 et
1697 1393 1852 1466 suis
1912 1391 2470 1467 condonaretur.
2548 1390 2931 1468 Sacmario
2971 1419 3063 1469 ac

799 1521 1069 1596 Rivulo
1126 1519 1607 1594 Dominarum
1664 1518 1943 1593 tamdiu
2001 1519 2380 1615 potiretur,
2459 1518 2693 1593 donec
2732 1529 3057 1598 castrum

802 1643 1154 1737 Mukach,
1197 1646 1391 1742 quod
1430 1645 1505 1717 in
1547 1643 1821 1720 ditione
1879 1645 1930 1721 J
1937 1645 2251 1737 ohannis
2311 1653 2491 1737 erat,
2531 1645 2675 1720 sibi
2713 1648 3056 1741 assigna-

796 1782 1018 1847 retur.
1098 1770 1239 1845 Est
1285 1778 1526 1844 autem
1584 1770 1659 1843 id
1734 1769 2081 1868 oppidum
2137 1770 2437 1844 mineris
2495 1771 3054 1865 nobilissimum,

794 1902 1003 1995 cujus
1060 1897 1342 1971 reditus
1400 1896 1691 1971 etiamsi
1753 1896 2170 1989 diminutae,
2247 1905 2490 1971 tamen
2554 1908 2842 1973 centum
2898 1899 3054 1972 mil-

795 2026 895 2099 lia
971 2046 1335 2098 nummum
1395 2045 1696 2097 aureum
1775 2022 2278 2099 constitueret.
2376 2021 2691 2099 Additur
2748 2025 3055 2123 insuper

796 2159 868 2225 et
906 2147 1295 2224 castellum
1337 2147 1846 2223 'l‘asnadcum
1906 2147 2407 2244 pertinentiis,
2484 2172 2572 2223 ac
2645 2148 2869 2223 trium
2925 2171 3052 2223 co-

801 2279 1180 2353 mitatuum
1296 2274 1769 2373 episcopatus
1905 2274 2597 2349 transsilvaniensis
2724 2274 3054 2365 decimis,

799 2426 1105 2499 quorum
1197 2411 1602 2500 proventus
1700 2399 2129 2491 excedebat,
2225 2402 2474 2476 decem
2555 2400 2791 2475 millia
2851 2425 3052 2477 num-

789 2555 1002 2605 mum.
1062 2524 1182 2601 Ad
1256 2529 1445 2603 haec
1504 2537 1829 2605 castrum
1905 2527 2290 2602 Detrekeo
2367 2528 2835 2625 Tyrnaviam
2876 2556 3047 2631 pro·

797 2680 919 2753 pe,
998 2680 1314 2751 magnae
1374 2655 1672 2729 ditionis
1738 2665 1812 2731 ct
1867 2657 2172 2744 redime,
2253 2657 2348 2728 ab
2389 2655 2897 2752 Fuggerianis
2937 2685 3054 2735 ne-

788 2783 1286 2880 gotiatoribus
1345 2783 1785 2878 augustanis
1865 2784 2149 2858 duobus
2226 2805 2316 2856 ac
2359 2782 2675 2878 triginta
2727 2786 3051 2862 millibus

791 2932 882 2984 ex
924 2905 1341 3008 hypotheca
1380 2908 1794 2990 liberatum.
1835 2918 2056 3004 atque
2078 2917 2433 3005 perpetuo
2475 2907 2745 2983 datum.
2789 2912 3046 3009 Magni

788 3031 1008 3133 pretii
1048 3033 1367 3132 proditio
1409 3037 1504 3109 ab
1546 3034 1836 3108 homine
1893 3057 2026 3132 per
2084 3058 2368 3109 omnem
2411 3033 2632 3108 vitam
2675 3037 3044 3114 scleratis·

796 3161 979 3234 simo
1042 3169 1310 3256 empta,
1368 3183 1535 3234 mox
1594 3161 1666 3234 in
1725 3160 1998 3236 bellum
2059 3160 2296 3251 civile,
2372 3184 2460 3234 ac
2514 3160 2894 3238 funestum
2929 3189 3044 3262 pa·

793 3286 983 3360 triae
1075 3285 1413 3377 exarsit3
1508 3285 1613 3359 ita
1687 3307 1922 3379 genus
2003 3287 2483 3361 Batoreorum
2564 3285 2800 3362 fatale
2876 3312 3039 3386 quo·

788 3412 1170 3487 dammodo
1231 3411 1792 3486 instrumentum
1873 3410 1947 3486 in
2004 3411 2486 3508 perditionem
2546 3411 2687 3486 fuit
2733 3418 3036 3510 patriae.

790 3541 982 3614 Nam
1043 3547 1116 3613 et
1170 3538 1623 3632 geminorum
1701 3560 1998 3633 regum,
2094 3547 2168 3612 et
2244 3537 2421 3612 belli
2477 3540 2820 3635 perpetui
2876 3542 3033 3615 hinc

780 3664 974 3754 nati,
1055 3685 1197 3759 quo
1240 3661 1583 3757 Ungaria
1659 3663 1954 3736 tandem
2030 3685 2216 3757 pene
2293 3662 2587 3754 interiit,
2667 3664 2863 3740 idem
2919 3688 3036 3739 ex-

785 3791 973 3867 stitit
1047 3798 1281 3864 autor.
1381 3788 1702 3862 Balassa
1777 3788 2001 3862 nihilo
2079 3790 2320 3864 secius
2397 3789 2645 3864 omnia
2705 3791 3034 3866 dissimu-

777 3919 972 3992 lare:
1013 3915 1186 4011 quin
1224 3915 1595 4011 stipendia
1636 3914 1944 3991 militum
1967 3916 2445 3990 vehementer
2483 3913 2907 4010 sollicitare3
2942 3941 3034 3992 ac

783 4042 1032 4117 missis
1090 4041 1511 4116 muneribus
1570 4041 1921 4117 Micha'e‘li
1979 4039 2283 4118 CsakiO.
2372 4041 2810 4118 scriniorum
2888 4065 3039 4117 ma-

781 4167 1042 4263 gistr0,
1085 4190 1295 4262 quem
1337 4166 1579 4240 omnia
1617 4189 1840 4262 posse
1900 4167 2225 4256 sciebat,
2285 4167 2467 4241 nihil
2526 4191 2662 4243 sua
2694 4171 3036 4267 opinione

780 4295 1224 4388 fallebatur3
1266 4295 1392 4368 illo
1435 4294 1708 4393 quippe
1767 4296 2047 4370 minora
2088 4295 2331 4368 omnia
2382 4295 2723 4388 faciente,
2765 4307 2834 4371 et
2862 4320 3045 4392 par-

779 4419 909 4494 tim
950 4427 1371 4509 excusante,
1430 4419 1698 4516 partim
1774 4426 2116 4514 negante.
2229 4419 2484 4494 Missis
2544 4444 2726 4515 ergo
2783 4422 3048 4497 decem

778 4545 1103 4619 millibus
1145 4545 1217 4618 in
1278 4545 1645 4642 stipendia
1701 4570 1837 4644 per
1894 4546 2255 4621 Adamum
2314 4547 2802 4641 Tordensem,
2857 4568 3046 4624 cnm
