3293 5219
747 309 908 389 220

746 531 843 605 ad
877 530 1356 607 Franciscum
1399 528 1584 625 Zay,
1642 529 2098 627 praefectum
2139 526 2566 625 Superioris
2609 527 2997 625 Ungariae

743 655 1104 752 confugit3
1144 655 1339 753 apud
1362 677 1575 750 quem
1615 654 1879 729 iisdem
1918 654 2203 730 artibus
2243 663 2481 746 utens,
2505 655 2725 730 simul
2766 658 3001 733 facili-

731 789 959 858 tatem
1016 780 1475 879 adipiscendi
1533 782 1748 877 regni
1804 789 2213 873 ostentans,
2274 791 2347 857 et
2411 804 2597 879 quos
2649 808 2741 856 ac
2822 793 2995 881 quot

736 908 1073 985 conscios
1112 899 1399 982 consilii
1456 906 1791 995 haberet,
1886 906 2111 981 certis
2170 908 2709 984 conditionibus
2750 912 2997 1009 pactis

731 1037 927 1112 inter
966 1058 1134 1111 sese
1173 1035 1533 1109 communi
1590 1033 1897 1107 consilio
1958 1034 2054 1107 ad
2104 1033 2652 1110 Ferdinandum
2692 1034 2990 1112 litteras

738 1163 937 1238 dant.
1030 1161 1190 1236 Eae
1263 1160 1338 1234 in
1421 1160 1730 1234 consilio
1807 1160 2248 1247 recitantur,
2324 1162 2400 1234 in
2476 1185 2616 1257 quo
2696 1164 2843 1237 soli
2918 1162 2992 1237 hi

737 1287 1083 1362 aderant:
1165 1286 1536 1382 Georgius
1632 1285 2167 1360 Drascovicius
2243 1286 2638 1383 episcopus
2733 1312 3001 1383 zagra·

734 1414 1036 1503 biensis,
1097 1412 1545 1488 Franciscus
1601 1412 1949 1508 Forgach
1990 1412 2550 1501 varadinensis,
2631 1415 2999 1490 Nicolaus

736 1540 1029 1615 Olahus
1125 1540 1734 1638 archiepiscopus
1838 1539 2358 1635 strigoniensis
2386 1596 2402 1629 ,
2478 1564 2569 1614 ac
2661 1541 3003 1615 Thomas

737 1667 1214 1743 Nadasdinus
1254 1667 1667 1764 palatinus3
1708 1689 1873 1740 nam
1895 1688 2017 1739 res
2057 1667 2275 1740 valde
2333 1674 2624 1741 secreta
2660 1690 2837 1742 esse
2879 1666 3000 1740 de·

734 1794 980 1879 bebat,
1018 1791 1461 1891 praesertim
1499 1791 1593 1865 ob
1651 1790 1808 1881 hoc,
1869 1791 2066 1887 quod
2122 1791 2556 1866 Alexander
2613 1792 2707 1866 ad
2780 1793 3002 1867 Nico·

738 1923 935 1997 laum
993 1919 1327 1993 comitem
1378 1942 1423 1992 a
1485 1918 1756 2007 Zrim'o,
1817 1941 2032 2013 quem
2098 1915 2462 1992 affinitate
2519 1919 2843 2014 quadam
2903 1943 2991 1992 ex

737 2046 991 2122 uxoris
1029 2039 1324 2140 'genere
1365 2044 1851 2140 agnoscebat,
1911 2047 2250 2118 nuncium
2307 2066 2397 2117 ac
2441 2044 2733 2119 litteras
2773 2046 2991 2119 mise-

738 2181 876 2261 rat,
917 2172 1182 2269 quibus
1218 2173 1555 2268 petebat,
1615 2178 1878 2266 ageret
1934 2171 2129 2267 apud
2170 2192 2575 2264 caesarem,
2635 2194 2729 2245 ne
2767 2171 2821 2248 J
2827 2193 2991 2245 aco·

741 2300 882 2372 bus
917 2299 1074 2373 ulla
1131 2321 1270 2396 ope
1296 2299 1710 2394 Juvaretur,
1767 2297 1910 2371 imo
1968 2296 2189 2371 etiam
2246 2321 2337 2371 ne
2396 2298 2467 2371 in
2543 2320 2682 2372 sua
2721 2298 2999 2372 ditione

740 2426 1286 2522 receptaculum
1342 2424 1572 2500 ullum
1629 2423 1963 2499 haberet.
2023 2420 2144 2498 Ad
2201 2425 2396 2520 quod
2473 2423 2997 2499 Ferdinandus

741 2549 1253 2649 responderat,
1316 2573 1398 2625 se
1439 2573 1531 2624 ex
1572 2549 1907 2626 instituto
1972 2550 2204 2625 veteri
2257 2572 2518 2648 regum
2608 2548 2996 2646 Ungariae

741 2678 1014 2769 facere,
1075 2677 1199 2773 qui
1295 2677 1578 2751 liberos
1673 2702 1761 2751 ac
1818 2679 2413 2773 consangvineos
2515 2678 2996 2774 vajvodarum

742 2802 1126 2878 ambarum
1162 2801 1697 2877 Valachiarum
1754 2824 2049 2900 semper
2104 2803 2360 2878 fovere
2402 2804 2602 2879 soliti
2640 2804 2996 2896 fuissent3

746 2953 828 3004 86
864 2935 1112 3003 tamen
1147 2952 1294 3003 non
1332 2951 1505 3002 esse
1563 2929 1636 3003 in
1677 2952 1841 3005 eum
1891 2929 2145 3004 hostili
2206 2931 2470 3005 anim0.
2529 2930 2775 3005 Lubet
2812 2954 2990 3029 pau·

748 3056 855 3132 eis
894 3060 985 3129 de
1023 3056 1323 3154 antiquo
1366 3079 1566 3131 more
1603 3058 1895 3155 patriae
1938 3058 2331 3133 disserere.

961 3183 1177 3257 Duae
1217 3182 1627 3257 Valachiae
1666 3184 2097 3279 provinciae
2151 3184 2446 3259 fuerunt
2488 3205 2746 3280 regum
2846 3183 2999 3258 Un-

751 3309 1050 3405 gariae;
1111 3329 1301 3405 quae
1343 3330 1506 3382 cum
1560 3309 1767 3382 ferae
1826 3317 2048 3406 atque
2086 3312 2458 3386 barbarae
2516 3316 2792 3394 essent,
2850 3316 3002 3383 tum

681 3483 684 3488 »
753 3435 994 3526 etiam,
1054 3434 1248 3532 quod
1305 3436 1525 3530 longe
1588 3434 1973 3526 distarent,
2032 3444 2113 3510 ut
2150 3459 2282 3511 eas
2339 3458 2632 3534 semper
2688 3436 2763 3508 in
2804 3442 3003 3510 metu

747 3571 969 3660 atque
1029 3560 1465 3636 obedientia
1519 3561 1945 3654 retinerent,
2038 3563 2233 3638 filios
2291 3572 2366 3638 et
2404 3561 3001 3657 consangvineos

749 3688 1185 3786 principum,
1247 3709 1434 3784 quos
1526 3685 1894 3783 vajvodas
1970 3698 2280 3778 vocant,
2375 3691 2628 3786 plures
2688 3687 2764 3759 in
2823 3687 2999 3761 aula

753 3814 1087 3905 alebant,
1164 3834 1256 3886 ex
1311 3812 1573 3908 hisque
1631 3830 2113 3888 successores
2168 3813 2556 3888 mittebant
2611 3811 2998 3902 defunctis,

752 3942 818 4015 si
852 3941 960 4015 ita
1016 3938 1406 4015 videbatur
1462 3939 1913 4033 consultum3
1972 3963 2487 4038 nonnunquam
2546 3939 2767 4013 etiam
2806 3938 3000 4013 vivis

750 4066 1132 4164 imperium
1192 4066 1717 4163 abrogabatur.
1787 4066 1929 4140 Est
2005 4073 2246 4142 antem
2320 4068 2394 4140 in
2469 4064 2998 4140 consvetudine

759 4194 1030 4290 gentis,
1107 4202 1188 4268 ut
1234 4195 1582 4291 princeps
1642 4192 1876 4268 libere
1936 4201 2154 4269 coeat
2210 4217 2368 4269 cum
2445 4193 2743 4267 filiabus
2800 4191 3007 4265 nobi-

760 4319 978 4413 lium,
1038 4343 1227 4416 quae
1287 4342 1447 4394 cum
1505 4317 1701 4395 filios
1759 4321 2207 4416 pepererint,
2265 4326 2443 4395 nota
2483 4318 2801 4414 quadam
2838 4317 2995 4392 vel-

758 4445 863 4519 uti
939 4445 1154 4538 signo
1233 4445 1550 4520 inurunt.
1648 4446 1924 4520 Verum
1999 4469 2158 4521 cum
2230 4448 2423 4520 tales
2499 4443 2670 4520 novi
2725 4442 2996 4540 princi-

757 4592 893 4668 pes
946 4571 1126 4644 facti
1183 4570 1478 4662 fuerint,
1542 4571 1939 4666 diligenter
1998 4572 2453 4670 conquisitos
2519 4570 2722 4666 prius
2780 4569 2998 4643 truci·
