3293 5219
2337 324 2443 406 55

231 549 629 624 Laurentius
649 554 899 620 tamen
921 548 1016 619 ab
1038 544 1514 620 Ferdinando
1552 552 1633 620 ut
1654 544 1989 619 desertor
2016 542 2296 642 judicio
2317 567 2440 641 pe-

226 676 396 770 titus
434 676 789 773 corruptis
831 672 1300 765 consiliariis,
1342 679 1416 746 et
1451 673 1525 746 in
1562 672 1819 771 primis
1860 670 2174 746 Nicolao
2213 668 2439 744 Vala-

229 802 343 876 cho
362 802 787 877 cancellario
828 807 1051 897 atque
1086 798 1645 897 archiepiscopo
1668 797 2170 894 strigoniensi,
2192 794 2438 871 venali

230 928 555 1019 homine*)
593 950 741 1002 non
781 928 1185 1016 absolutus,
1228 925 1361 999 sed
1399 925 1694 999 silentio
1740 924 2224 999 transmissus
2277 924 2437 999 fuit.

230 1056 370 1132 Jam
404 1054 762 1129 Amhatus
801 1060 874 1127 et
905 1051 1058 1151 Aly
1094 1054 1326 1129 bassa
1355 1056 1619 1125 cuncta
1658 1072 1837 1126 suae
1878 1049 2131 1124 virtuti
2168 1056 2429 1148 patere

234 1189 550 1279 putantes,
589 1181 667 1253 in
704 1201 914 1276 spem
955 1178 1410 1252 adducuntur
1469 1175 1756 1272 Agriae
1795 1173 2221 1273 capiendae.
2263 1172 2433 1251 Col·

234 1308 307 1382 lis
352 1317 456 1381 est
527 1307 623 1380 ab
698 1304 979 1379 oriente
1052 1305 1130 1377 in
1206 1303 1659 1379 occidentem
1732 1302 2005 1375 vinetis
2078 1302 2430 1398 agrisque

233 1432 826 1522 foecundissimus,
881 1438 955 1505 et
998 1430 1122 1505 ubi
1164 1430 1435 1505 desinit
1473 1454 1609 1504 arx
1671 1429 1817 1503 sita
1871 1452 2006 1526 per
2065 1427 2433 1527 amplissi-

235 1584 385 1633 mum
405 1558 740 1657 spatium.
764 1554 882 1630 Ab
921 1562 1105 1649 ort11‚
1130 1580 1275 1653 qua
1313 1555 1700 1630 continuus
1723 1553 1898 1649 arci⁷
1917 1556 2125 1628 fossa
2143 1554 2431 1649 ingens3

233 1687 334 1759 sed
363 1686 545 1759 idem
583 1708 678 1758 ex
708 1684 1028 1758 adverso
1070 1683 1353 1777 editior,
1374 1683 1482 1756 ita
1518 1682 1945 1756 imminebat
1997 1681 2174 1772 arci,
2211 1685 2290 1755 ut
2327 1679 2432 1754 in-

229 1812 297 1886 de
330 1822 392 1887 et
428 1836 558 1886 arx
597 1820 672 1885 et
710 1818 1306 1909 propugnatores
1344 1809 1731 1885 tormentis
1787 1808 2103 1882 maxime
2160 1806 2428 1904 objice-

225 1947 450 2013 rentur.
473 1936 610 2013 Cui
641 1938 971 2035 periculo
1000 1936 1270 2012 Petrus
1290 1936 1623 2012 Perenus
1668 1935 2157 2010 saluberrimo
2197 1956 2432 2007 reme-

229 2065 322 2138 dio
357 2064 730 2154 subvenit,
789 2087 1114 2160 aggeres
1173 2063 1580 2139 altissimos
1617 2064 1984 2139 introrsus
2023 2060 2428 2150 moenibus,

230 2215 385 2288 quae
418 2192 736 2288 undique
775 2212 1013 2264 saxea
1050 2197 1283 2279 erant,
1328 2188 1812 2287 applicand03
1852 2186 2134 2262 addidit
2157 2185 2424 2259 molem

225 2317 619 2392 altissimam
658 2324 732 2392 et
769 2315 1085 2391 solidam
1108 2322 1440 2407 exterra,
1465 2315 1716 2412 specie
1737 2313 1963 2389 turris
1983 2313 2081 2387 ad
2101 2321 2416 2387 tormen-

225 2452 422 2518 torum
457 2466 668 2519 usum
705 2464 1300 2540 quoquoversum
1317 2442 1863 2515 vibrandorum.
1904 2436 2421 2513 Ferdinandus

225 2570 379 2645 enim
395 2570 840 2670 praesidium
863 2568 1370 2668 Hispanorum
1393 2566 1705 2665 Agriam
1725 2566 2181 2664 imposuerat
2209 2565 2430 2640 bellis

225 2698 556 2773 civilibus:
581 2697 718 2772 sed
753 2697 866 2771 illi
905 2704 1100 2771 metu
1136 2696 1393 2770 hostili
1431 2697 1624 2770 ultro
1667 2694 1938 2792 dilapsi
1970 2700 2159 2789 sunt,
2200 2701 2275 2768 et
2311 2717 2437 2769 va-

232 2845 404 2897 cuam
439 2824 916 2922 reliquerunt.
995 2822 1264 2898 Petrus
1304 2820 1666 2896 Perenius
1723 2841 1905 2915 ergo
1962 2842 2275 2895 vacuam
2314 2844 2433 2894 ar-

231 2972 358 3024 cem
390 2950 791 3050 occupavit,
833 2957 907 3024 et
947 2950 1114 3025 dum
1170 2949 1374 3042 vixit,
1413 2971 1707 3047 semper
1762 2947 2082 3023 retinuit.
2141 2943 2437 3022 Ceteris

230 3075 305 3148 ab
336 3080 656 3176 partibus
696 3077 871 3151 clivi
894 3085 1065 3151 sunt
1084 3076 1673 3173 haudquaquam
1714 3074 1923 3149 ardui
1946 3096 2282 3150 ascensu.
2311 3070 2432 3145 Ad

232 3205 768 3301 septentrionem
828 3203 1123 3279 circiter
1195 3208 1565 3277 trecentos
1603 3224 1877 3301 passus
1918 3200 2180 3277 collem
2215 3199 2436 3274 modi·

231 3353 357 3405 cum
393 3331 694 3422 (Sedem
733 3332 1049 3428 Regiam
1086 3325 1384 3429 vocant)
1442 3338 1755 3427 spectat,
1799 3329 2153 3405 cuniculis
2213 3326 2433 3401 effos-

229 3456 313 3530 sis
360 3482 444 3531 ex
495 3482 683 3533 saxo
734 3455 1017 3530 friabili
1074 3456 1171 3532 ad
1209 3455 1680 3530 recondenda
1735 3455 1909 3528 vina
1966 3453 2438 3539 celebratum,

231 3582 498 3681 indeque
539 3593 693 3659 tam
748 3583 951 3658 claro
1007 3582 1220 3658 titulo
1263 3583 1739 3681 appellatum.
1779 3578 1847 3653 A
1902 3577 2205 3653 meridie
2266 3578 2433 3674 ipsa

228 3707 449 3784 civitas
502 3711 659 3784 arci
717 3710 1055 3805 subjecta
1130 3710 1206 3782 in
1265 3709 1718 3782 occidentem
1790 3704 2290 3805 protenditur,
2350 3713 2435 3779 et·

229 3857 535 3911 amoenos
575 3858 879 3933 campos
918 3836 1068 3910 late
1105 3834 1488 3934 prospicit.
1532 3832 1775 3931 Agria
1812 3832 2002 3907 inter
2043 3832 2423 3929 episcopa-

226 3971 321 4034 tus
373 3963 770 4061 prineipem
810 3961 1048 4037 locum
1102 3962 1382 4037 obtinet
1438 3961 1802 4057 dignitate
1842 3968 2067 4056 atque
2126 3959 2430 4057 opibus3

228 4095 290 4160 ut
336 4088 542 4164 facile
619 4112 783 4163 cum
858 4087 1504 4187 archiepiscopatu
1586 4086 2064 4183 strigoniensi
2103 4092 2430 4192 certave-

231 4213 325 4286 rit.
361 4215 523 4290 Vini
563 4239 655 4289 ex
692 4214 1348 4290 innumerabilibus
1389 4212 1692 4289 decimis
1740 4213 2098 4287 immensa
2164 4217 2238 4287 et
2275 4234 2444 4311 pro-

239 4363 312 4435 pe
333 4341 772 4417 incredibilis
796 4343 1029 4440 copia.
1070 4341 1342 4419 Petrus
1362 4339 1699 4417 Perenus
1723 4339 1917 4414 inter
1947 4338 2150 4413 bella
2170 4337 2439 4432 civilia,

415 4628 470 4696 ¹⁵)
506 4624 749 4685 Istvssnfi
766 4627 1040 4702 jegyaete
1080 4625 1358 4684 :Parcius
1386 4625 1498 4682 ista
1533 4623 1692 4684 viris.
