3293 5219
784 290 943 367 224

787 504 1227 582 Alexander
1291 502 1640 577 Bodnaro
1702 523 1994 575 suarum
2071 503 2455 599 copiarum
2533 505 2697 581 duci
2736 503 3043 582 manda-

782 639 1013 725 verat,
1072 630 1177 723 uti
1219 637 1508 727 partem
1565 626 1873 701 militum
1931 650 2179 702 secum
2236 631 2629 726 acciperet,
2688 640 2762 706 et
2816 642 3046 707 noctu

775 761 827 837 J
833 760 1145 834 acobum
1217 756 1653 845 adoriretur,
1750 753 2138 851 vivumque
2216 758 2311 831 ad
2373 781 2454 832 se
2513 758 2854 855 duceret3
2912 762 3046 858 qui

770 885 824 962 J
830 887 1158 973 acobum‚
1200 904 1415 980 quem
1443 882 1601 977 jam
1640 881 2075 956 consedisse
2099 883 2544 977 crediderat,
2589 886 2889 961 circiter
2931 885 3040 958 ho

776 1036 935 1086 ram
974 1010 1285 1108 primam
1323 1008 1560 1082 noctis
1617 1008 1694 1081 in
1751 1007 2012 1082 itinere
2068 1012 2366 1104 reperit,
2424 1033 2662 1108 neque
2704 1012 2827 1086 diu
2863 1012 3044 1085 tulit

774 1140 919 1210 vim
958 1137 1453 1233 sclopetorum
1510 1142 2211 1231 tormentorumque;
2269 1138 2481 1211 fusus
2542 1138 3027 1233 fugatusque,

775 1262 1023 1337 multis
1061 1284 1358 1336 suorum
1399 1268 1525 1335 aut
1565 1260 1804 1358 captis
1846 1268 1973 1336 aut
2029 1263 2290 1336 caesis.
2353 1262 2650 1358 Magnis
2690 1286 2873 1358 ergo
2916 1264 3046 1335 iti-

774 1387 1076 1464 neribus
1151 1387 1246 1461 ad
1302 1384 1566 1461 Susam
1627 1382 1998 1484 (Suchva)
2058 1410 2344 1463 amnem
2402 1388 2850 1463 contendens
2888 1390 2940 1466 J
2946 1414 3037 1464 a·

779 1516 1047 1605 cobus,
1160 1512 1515 1607 reliquias
1625 1513 2053 1609 fugatorum
2176 1512 2496 1588 hostium
2609 1517 3044 1603 antevertit,

774 1641 1207 1735 hostemque
1264 1637 1460 1713 haud
1516 1641 1774 1737 procul
1829 1649 2051 1738 ponte
2114 1641 2603 1737 conspicatur,
2666 1642 2790 1737 qui
2852 1663 3040 1715 non·

777 1766 970 1842 dum⁴
1002 1766 1052 1842 J
1060 1766 1369 1840 acobum
1426 1765 1821 1839 affuturum
1877 1776 2336 1863 speraverat.
2398 1765 2598 1840 Pons
2641 1774 2861 1862 atque
2896 1767 3042 1842 flu-

770 1894 933 1968 vius
970 1893 1047 1965 in
1102 1890 1341 1965 medio
1401 1898 1631 1982 erant,
1675 1913 1864 1987 quae
1921 1892 2084 1966 sola
2120 1891 2484 1990 praelium
2545 1892 3040 1985 differebant3

769 2042 937 2093 nam
977 2026 1050 2092 et
1089 2014 1514 2090 Alexander
1541 2020 1704 2113 Jam
1744 2020 2148 2093 exercitum
2204 2019 2508 2117 propius
2568 2018 3042 2122 pontem·ad·

770 2150 1121 2233 moverat,
1163 2165 1252 2217 ac
1311 2144 1648 2239 sclopeta
1709 2167 1798 2217 ac
1857 2152 2221 2219 tormenta
2276 2146 2586 2219 invicem
2662 2144 3041 2242 displode-

767 2273 1054 2347 bantur.
1094 2268 1470 2344 Postridie
1509 2270 1639 2344 ubi
1682 2271 1912 2344 semel
1968 2293 2308 2369 pugnare
2349 2269 2650 2369 placuit,
2692 2294 2783 2344 ex
2821 2272 3035 2367 pedi-

678 2408 679 2411 ’
763 2397 960 2472 tibus
1038 2395 1318 2492 aliquot
1391 2394 1886 2492 praemittunt,
1945 2404 2025 2469 ut
2096 2397 2474 2494 tantisper
2545 2396 2837 2470 hostem
2913 2421 3034 2470 ar·

753 2530 969 2597 ceant
1022 2523 1117 2596 ab
1194 2544 1504 2596 accessu
1558 2523 1844 2621 pontis,
1899 2524 2065 2597 dum
2124 2546 2375 2598 omnes
2434 2523 2705 2597 milites
2781 2533 3030 2599 trans·

755 2657 948 2724 eant.
1006 2647 1246 2744 Igitur
1301 2649 1492 2722 vado
1590 2650 1881 2745 quidem
1937 2651 2278 2742 transire,
2338 2651 2471 2724 sed
2527 2650 3020 2748 nequicquam

755 2782 1147 2866 tentantes,
1205 2785 1501 2874 pontem
1560 2798 1919 2874 superare
1988 2779 2426 2871 decernunt3
2484 2777 3017 2872 impedimenta

756 2925 846 2976 ac
883 2906 1251 2977 tormenta
1305 2901 1380 2974 in
1418 2902 1612 2976 edito
1655 2904 1842 2976 colle
1882 2902 2256 3000 relinqunt
2313 2925 2476 2976 cum
2514 2901 2741 2978 Petro
2781 2903 3025 3015 Dely3

771 3027 865 3102 iis
907 3026 1272 3103 Antonius
1313 3029 1733 3104 mandatum
1775 3030 1919 3120 dat,
1958 3031 2063 3104 uti
2121 3035 2486 3103 tormenta
2524 3028 2600 3102 in
2639 3030 3025 3104 confertis-

759 3153 988 3228 simos
1045 3155 1340 3246 hostes,
1418 3162 1743 3231 attamen
1763 3164 2180 3254 postremos
2257 3156 2480 3230 certis
2558 3163 2631 3228 et
2705 3156 3021 3231 alternis

759 3279 1030 3355 ictibus
1070 3282 1421 3371 emittant,
1479 3289 1630 3358 tum
1670 3290 1749 3356 ut
1786 3306 1879 3356 ne
1936 3284 2127 3357 inter
2165 3282 2677 3380 praeliandum
2735 3306 2832 3357 ex
2872 3283 3022 3356 ictu

754 3414 1285 3483 tormentorum
1321 3409 1467 3506 ipsi
1526 3408 2038 3483 detrimentum
2095 3409 2540 3506 acciperent,
2597 3416 2748 3482 tum
2788 3431 2884 3482 ne
2927 3407 3020 3481 si-

757 3535 903 3608 mul
943 3542 1017 3607 et
1058 3533 1288 3608 semel
1328 3532 1681 3631 displosis
1722 3536 1817 3608 ab
1858 3535 2200 3611 hostibus
2250 3540 2831 3630 occuparentur,
2895 3542 3019 3607 aut

759 3660 828 3733 si
865 3638 1243 3758 postrema
1262 3659 1463 3734 acies
1504 3661 1577 3733 vi
1616 3667 2142 3762 tormentorum
2182 3660 2739 3743 dissolveretur,
2782 3658 3020 3734 ceteri

747 3784 1045 3858 facilius
1101 3782 1578 3880 pellerentur.
1640 3782 2001 3860 Omnibus
2039 3785 2179 3861 hoc
2214 3808 2432 3860 unum
2490 3784 2902 3880 praefatus,
2942 3785 3018 3857 in

753 3909 980 3984 armis
1021 3916 1242 4005 atque
1284 3908 1598 3983 victoria
1636 3931 1846 4006 spem
1904 3904 2166 3984 salutis
2217 3933 2408 4000 esse,
2451 3915 2525 3982 et
2562 3916 2642 3982 ut
2682 3931 2860 3983 sese
2901 3933 3015 3983 se-

751 4043 1066 4130 quantur
1140 4032 1554 4131 imperans,
1621 4035 1902 4131 primus
1978 4043 2273 4132 pontem
2347 4034 2617 4130 raptim
2696 4034 3019 4130 trajicit3

749 4169 922 4258 post
958 4160 1527 4255 Burgundiones
1585 4159 1893 4235 levioris
1951 4167 2394 4248 armaturae,
2436 4158 2701 4233 deinde
2759 4159 3021 4255 gravis

749 4296 1143 4378 armatura,
1183 4287 1575 4384 ceterique.
1612 4286 1667 4363 J
1672 4310 1790 4360 am
1828 4286 2066 4383 primi,
2107 4287 2232 4382 qui
2270 4284 2517 4383 pontis
2558 4284 3019 4359 defendendi

740 4435 969 4489 causa
1002 4414 1475 4504 transierant,
1498 4413 1593 4487 ab
1633 4411 2088 4487 multitudine
2110 4410 2666 4506 sagittariorum
2688 4433 2780 4485 ac
2816 4413 3009 4485 sclo-

739 4539 1197 4637 petariorum
1255 4540 1570 4615 confecti
1622 4562 1855 4636 prope
1895 4561 2151 4613 omnes
2192 4543 2448 4631 erant,
2506 4536 2791 4612 milites
2833 4560 3019 4612 vero
