3293 5219
803 362 960 447 134

803 587 946 662 Dei
986 588 1278 678 cultum,
1314 611 1720 684 pacemque
1760 587 2108 661 divinitus
2148 585 2290 659 sibi
2331 565 2881 660 commissorum
2920 609 3048 682 pe-

802 714 1157 813 pulorum,
1183 712 1547 787 adversus
1606 735 1859 787 omnes
1918 712 2228 786 hostium
2286 711 2622 809 impetus,-
2681 720 2838 785 tota
2895 736 3050 786 cor·

802 839 1010 938 poris
1032 838 1402 934 animique
1460 839 1923 913 contentione
1991 845 2304 928 tueatur,
2345 845 2567 933 atque
2624 837 2688 910 si
2748 860 2876 911 res
2937 838 3053 911 de-

803 974 1087 1065 poscat,
1126 967 1355 1041 vitam
1429 967 1650 1041 etiam
1704 967 1779 1039 in
1816 966 1892 1039 id
1931 987 2137 1040 suam
2191 964 2407 1040 vilem
2448 988 2618 1040 esse
2658 966 2921 1059 ducat3
2960 964 3053 1037 ob

810 1092 1031 1189 idque
1088 1088 1390 1167 heroum
1445 1091 1603 1166 nati
1661 1114 1709 1165 a
1737 1184 1740 1187 Α
1764 1091 1997 1190 primo
2052 1090 2413 1189 pueritiae
2470 1098 2822 1189 tempore,
2870 1069 3058 1189 pura

809 1218 1117 1317 primum
1207 1217 1483 1316 pietate
1573 1218 1996 1312 sanctisque
2086 1216 2415 1291 moribus
2505 1218 2728 1292 imbui
2764 1275 2779 1308 ,
2888 1216 3060 1291 inde

811 1344 1148 1418 omnibus
1193 1345 1301 1419 rei
1359 1344 1676 1420 bellicae
1715 1344 2022 1436 artibus,
2063 1367 2196 1419 ceu
2222 1343 2917 1442 progymnasmatis
2954 1344 3060 1418 fu·

813 1480 1139 1546 turarum
1198 1469 1739 1546 dimicationum
1817 1472 2147 1546 exerceri
2224 1479 2700 1558 consv'evere,
2756 1493 2851 1545 ne
2890 1469 3064 1567 quid

818 1596 1089 1673 adultis
1146 1596 1464 1684 deesset,
1536 1598 1729 1694 quod
1787 1600 2124 1694 gravium
2184 1619 2763 1694 magnarumque
2817 1620 3065 1672 rerum

820 1745 1230 1820 aggressus
1276 1723 1655 1822 impedire,
1714 1727 2096 1822 minusque
2133 1725 2466 1824 providis
2504 1724 2889 1799 consilium
2930 1722 3068 1797 eri-

819 1872 997 1948 pere
1055 1848 1314 1946 possit.
1392 1845 1719 1940 Quarum
1779 1850 2134 1925 tirocinia
2216 1873 2378 1926 cum
2453 1857 2549 1937 ⁴tu
2607 1871 2899 1947 quoque
2959 1850 3056 1924 ab

820 1977 1028 2052 initio
1124 1975 1579 2052 educationis
1646 1986 1818 2053 tuae
1856 1987 2113 2052 nostro
2161 1979 2441 2075 judicio
2480 2002 2625 2052 non
2680 1977 3074 2051 infeliciter

822 2103 1200 2178 hauseris:
1243 2112 1478 2178 macte
1516 2106 1784 2180 virtute
1823 2113 2005 2191 est0,
2026 2106 2488 2203 indolemque
2524 2105 2741 2179 istam
2781 2101 3076 2200 majori·

825 2229 1078 2305 busin
1134 2230 1295 2305 dies
1332 2253 1576 2305 rerum
1630 2232 1924 2306 fortiter
1981 2233 2511 2329 praeclareque
2569 2230 3072 2328 gerendarum

825 2358 1294 2446 incrementis
1368 2381 1579 2455 auge.
1645 2383 1735 2434 ac
1826 2360 2000 2434 belli
2087 2361 2325 2456 hujus,
2371 2369 2378 2374 ’
2420 2382 2635 2457 quam
2695 2357 3078 2457 deposcis,

828 2514 1072 2567 curam
1151 2487 1453 2562 sumito:
1547 2480 1787 2560 aderit
1860 2484 2052 2559 haud
2144 2486 2361 2563 dubie
2456 2486 2843 2562 conatibus
2918 2490 3082 2564 tuis

829 2617 1165 2693 omnibus
1259 2613 1508 2708 Deus,
1588 2613 1755 2686 dum
1832 2612 2264 2708 religionem
2360 2623 2938 2707 sacrosanctam,
2967 2639 3085 2692 or-

834 2745 1022 2831 bem,
1060 2739 1498 2836 plebemque
1538 2733 2037 2827 christianam,
2095 2736 2284 2811 satis
2323 2758 2692 2836 superque
2731 2738 3086 2817 afflictam

832 2867 1209 2941 vindicare
1229 2863 1649 2957 contendis3
1688 2886 1823 2936 nec
1862 2863 2167 2940 deerunt
2206 2865 2601 2941 secundum
2640 2868 2879 2943 Deum
2902 2870 3090 2945 mili-

842 3003 959 3069 tes
998 2991 1366 3087 ducesque
1405 2991 1635 3081 belli‚·
1674 2991 1798 3086 qui
1851 2998 1930 3064 ut
1956 2992 2192 3086 jussis
2263 2993 2412 3067 tuis
2449 2994 2795 3069 mandato
2836 3006 3094 3073 nostro

832 3119 1219 3222 parebunt,
1239 3117 1345 3191 ita
1382 3118 1507 3197 ubi
1546 3140 1671 3192 res
1727 3126 2159 3215 tempusque
2177 3103 2738 3215 postulaverint,
2799 3132 3094 3200 maturo

833 3259 908 3322 te
974 3236 1296 3321 ‘oonsilio
1415 3245 1818 3340 juvabunt,
1896 3251 2149 3318 cetera
2258 3253 2427 3342 post
2501 3246 2644 3320 Dei
2756 3231 3096 3325 militum-

837 3396 977 3471 que
1016 3395 1247 3471 opem,
1314 3370 1592 3466 vigilia,
1655 3371 1980 3462 solertia,
2059 3372 2291 3446 virtus
2356 3360 2668 3469 denique
2762 3376 3098 3472 perficiet

833 3500 1024 3575 tua“.
1063 3500 1377 3577 ,Juvenis
1433 3500 1635 3573 facta
1674 3522 1718 3570 a
1757 3508 1969 3593 patre
2030 3499 2347 3573 abeundi
2370 3508 2776 3597 potestate,
2819 3504 3084 3599 majori

838 3647 973 3723 spe
1010 3627 1417 3723 animoque,
1462 3648 1679 3722 quam
1723 3624 2009 3705 viribus
2066 3626 2140 3698 in
2181 3625 2722 3723 expeditionem
2795 3627 3086 3726 profici·

848 3753 1098 3827 scitur.
1160 3752 1351 3826 Nam
1394 3753 1717 3849 equitum
1740 3754 1996 3847 gravis
2057 3761 2474 3828 armaturae
2512 3776 2658 3828 non
2699 3756 2892 3830 ultra
2932 3758 3100 3838 tria,

843 3877 1168 3976 peditum
1206 3879 1509 3953 totidem
1550 3878 1805 3965 millia,
1884 3888 1956 3951 et
2029 3862 2167 3952 hos
2225 3881 2622 3977 plerosque
2664 3891 3091 3977 magnatum

844 4005 1125 4080 liberos
1164 4005 1467 4093 tirones,
1508 4004 1749 4080 studio
1805 4006 2167 4103 principis
2262 4007 2607 4103 regisque
2662 4033 2751 4083 ac
2805 4010 3102 4084 videndi

840 4132 1055 4227 regni
1093 4132 1581 4208 voluntariam
1621 4114 1964 4206 militiam
1999 4130 2293 4205 secutos
2335 4130 2562 4211 duxit,
2604 4140 2933 4207 ceterum
2974 4161 3102 4234 ap-

844 4262 1156 4354 paratus
1196 4257 1393 4343 belli,
1434 4257 1595 4331 sive
1615 4255 2134 4345 machinarum,
2175 4278 2306 4330 seu
2342 4256 2711 4329 navalium
2751 4259 3102 4354 pontium,

846 4383 1241 4473 scalarum,
1283 4386 1878 4482 reliquorumque
1900 4384 1974 4457 id
2015 4405 2249 4480 genus
2285 4384 2929 4460 instrumentorum
2967 4409 3093 4461 nu-

850 4532 1152 4600 merum,
1192 4534 1498 4607 quorum
1535 4535 1628 4586 ea
1703 4512 1917 4609 copia
1952 4510 2109 4601 fuit,
2168 4519 2246 4586 ut
2283 4511 2403 4584 vel
2439 4511 2782 4585 maximis
2821 4514 3107 4588 exerci-

846 4634 1045 4710 tibus
1083 4636 1460 4712 sufficiens
1499 4659 1668 4713 esse
1721 4636 2062 4737 potuerit.
2122 4634 2420 4711 Certum
2464 4645 2579 4711 est
2618 4636 2822 4711 solos
2864 4661 3102 4737 equos
