3293 5219
2345 313 2492 384 537

264 540 484 606 turna
524 532 1048 606 exercitatione
1097 535 1317 626 atque
1373 551 1512 603 usu
1549 535 1874 625 paratus.
1920 527 2330 618 Negotium,
2372 526 2500 601 ubi

260 659 620 733 utrumvis
660 658 951 748 liceret,
991 657 1138 730 otio
1180 655 1675 753 praeferebat,
1714 654 1788 728 in
1831 654 2020 749 oti0,
2060 662 2134 729 et
2171 677 2332 729 cum
2372 678 2494 727 va-

263 808 445 859 cuus
482 794 704 880 esset,
741 809 888 861 non
926 785 1290 872 cessabat,
1331 783 1462 858 sed
1502 782 1663 857 sive
1702 782 1905 857 solus
1956 789 2251 878 ageret,
2311 804 2498 879 quae

265 910 560 1005 agenda
600 910 1056 1000 viderentur,
1133 933 1380 985 secum
1417 908 1665 983 animo
1744 907 2261 999 meditabatur,
2340 906 2501 981 sive

264 1045 469 1112 esset
538 1036 731 1111 idem
770 1061 929 1113 cum
1007 1036 1162 1113 suis
1205 1036 1295 1111 de
1333 1037 1556 1111 rebus
1634 1033 2046 1132 praeclaris
2123 1056 2502 1109 sermones

263 1160 599 1255 serendo,
674 1173 960 1263 tempus
1000 1184 1281 1239 summa
1356 1186 1514 1238 cum
1589 1161 1968 1259 voluptate
2046 1160 2499 1236 traducebat.

266 1287 660 1387 Temporis
697 1290 1049 1366 iacturam
1124 1289 1391 1364 nemini
1449 1286 1869 1372 ferendam,
1947 1287 2104 1360 viro
2180 1285 2505 1384 Principi

268 1414 557 1491 minime
596 1418 912 1492 omnium
961 1417 1482 1505 arbitrabatur,
1544 1416 1767 1490 otium
1835 1420 2183 1510 tanquam
2222 1423 2504 1512 pestem

269 1542 672 1639 quandam,
713 1552 786 1619 et
824 1567 1011 1641 quae
1068 1544 1290 1619 otium
1328 1542 1750 1641 voluptates
1785 1547 2346 1636 consequuntur,
2387 1540 2507 1615 de·

265 1668 697 1746 testabatur.
739 1666 1095 1766 Corporis
1176 1670 1752 1745 exercitamenta
1809 1674 2107 1765 praeter
2183 1667 2505 1743 venatio·

266 1820 452 1891 nem,
497 1797 700 1872 cuius
740 1796 1052 1872 omnium
1092 1794 1677 1871 studiosissimus
1699 1793 1996 1869 habitus
2035 1802 2174 1887 est,
2216 1795 2379 1870 sive
2417 1818 2509 1870 ea

272 1923 841 1998 oblectationem
882 1930 1289 2020 quaereret,
1330 1921 1489 1995 sive
1527 1918 1913 2019 plurimum
1934 1921 2009 1995 id
2049 1922 2364 1998 tuendae
2385 1946 2508 1996 va-

267 2048 573 2124 letudini
612 2055 687 2123 et
723 2048 1002 2123 viribus
1041 2047 1560 2124 confirmandis
1582 2046 1986 2124 conducere
2005 2048 2509 2140 arbitraretur,

264 2173 489 2248 facile
528 2175 986 2273 contempsit.
1049 2173 1213 2266 Quo
1254 2173 1559 2249 consilio
1620 2183 1695 2250 et
1732 2198 1875 2271 qua
1915 2174 2134 2249 animi
2173 2176 2246 2249 vi
2285 2176 2508 2251 rebus

267 2299 747 2399 providendis
804 2301 1487 2399 prospiciendisque
1546 2310 1769 2390 esset,
1810 2324 1970 2377 cum
2009 2323 2143 2376 vos
2184 2303 2359 2378 mihi
2399 2309 2504 2377 te·

266 2436 424 2502 stes
461 2428 870 2525 locupletes
908 2427 1118 2517 estis,
1160 2450 1344 2525 quos
1381 2426 1510 2502 ille
1549 2428 1620 2501 in
1663 2435 1948 2525 partem
2007 2429 2501 2522 consiliorum,

264 2555 391 2631 ubi
430 2554 521 2629 de
557 2577 837 2631 summa
872 2554 1283 2655 Republica
1300 2561 1502 2631 esset
1523 2554 1908 2651 agendum,
1931 2555 2297 2632 advocare
2336 2580 2505 2633 con·

266 2692 635 2769 sueverat,
673 2691 821 2759 tum
859 2684 1023 2781 ipse
1062 2684 1254 2758 omni
1295 2706 1475 2758 suae
1495 2682 1692 2757 vitae
1714 2706 1968 2776 cursu,
2008 2707 2102 2759 ex
2156 2684 2251 2759 iis
2291 2685 2508 2760 bellis

266 2811 637 2910 inprimis,
676 2834 866 2908 quae
930 2812 1049 2886 vel
1084 2811 1401 2885 feliciter
1439 2808 1695 2906 gessit,
1735 2818 1808 2884 et
1844 2810 2179 2900 confecit,
2203 2810 2322 2886 vel
2363 2836 2511 2887 ma·

268 2962 418 3036 gna
457 2959 618 3012 cum
655 2937 940 3014 laudea
976 2937 1194 3012 nobis
1233 2937 1523 3028 avertit,
1563 2936 1751 3012 satis
1790 2935 2217 3013 declaravit.
2259 2937 2510 3031 Quid?

265 3087 507 3140 nonne
543 3063 609 3137 is
645 3086 833 3139 unus
871 3061 1461 3140 Christianorum
1485 3063 1772 3159 Regum
1795 3064 2108 3139 omnium
2152 3067 2505 3162 magnitu-

272 3191 440 3264 dine
463 3190 683 3264 animi
723 3214 811 3266 ac
847 3191 1214 3289 sapientia
1252 3190 1568 3287 quadam
1587 3190 2176 3288 incomparabili,
2217 3191 2509 3267 'Furcae

266 3316 669 3415 potentiam
709 3314 1154 3407 sustinendo,
1195 3316 1368 3389 hinc
1415 3315 1669 3413 pacis,
1742 3314 1912 3390 hinc
1967 3316 2145 3390 belli
2202 3315 2509 3408 artibus,

268 3463 458 3541 quae
497 3463 788 3536 semper
825 3441 898 3516 in
935 3442 1063 3517 illo
1103 3465 1384 3517 summa
1420 3464 1581 3516 cum
1619 3440 1862 3540 gloria
1900 3441 2314 3538 viguerunt,
2361 3443 2511 3517 otio

267 3566 704 3666 populorum
745 3574 819 3642 et
847 3567 1227 3643 securitati
1249 3539 1631 3643 consulere
1653 3575 1964 3644 conatus
2003 3575 2139 3644 est.
2164 3567 2359 3661 Quid
2390 3594 2508 3645 ve·

267 3720 352 3770 ro
390 3694 849 3792 gloriosius?
888 3695 1059 3793 quid
1084 3695 1731 3791 magnificentius?
1770 3695 1950 3792 quid
1987 3696 2511 3778 admirabilius,

272 3844 487 3919 quam
527 3844 741 3895 uuum
782 3845 915 3919 pro
956 3822 1314 3897 communi
1353 3823 1592 3897 salute
1631 3822 1830 3897 bella
1866 3821 2267 3921 suscipere,
2309 3822 2511 3898 dimi-

271 3971 466 4039 care,
504 3946 750 4042 Regni
787 3947 1147 4041 fortunas,
1177 3956 1415 4047 caput,
1445 3947 1850 4024 salutemin
1874 3949 2266 4025 discrimen
2286 3949 2506 4026 conii-

271 4073 498 4150 cere?
537 4073 732 4149 Belli
788 4074 1119 4172 praemia
1155 4076 1250 4151 ad
1289 4074 1496 4166 alios,
1536 4081 2177 4173 rerumgestarum
2198 4074 2512 4172 gloriam

269 4199 485 4277 modo
526 4200 622 4274 ad
662 4199 1010 4276 victorem
1045 4201 1477 4300 pertinere?
1535 4202 1781 4299 Atque
1836 4201 1956 4276 hic
1991 4209 2067 4279 te
2106 4201 2511 4294 Pannonia,

272 4351 462 4425 quae
502 4325 758 4402 eadem
797 4349 880 4402 es
919 4328 1091 4403 mihi
1149 4329 1404 4405 Patria
1427 4329 1879 4420 charissima,
1918 4330 2258 4428 appello:
2295 4327 2507 4405 huius

271 4454 462 4528 enim
499 4451 712 4526 unius
755 4452 1166 4548 vigilantia,
1206 4455 1475 4550 studio,
1521 4456 1907 4552 sapientia,
1950 4455 2298 4554 quicquid
2353 4463 2506 4529 tan-

276 4600 494 4678 quam
534 4601 574 4654 e
611 4577 951 4654 faucibus
990 4587 1359 4681 ereptum,
1404 4582 1780 4678 appetenti
1855 4589 2076 4679 atque
2115 4581 2350 4659 hianti
2385 4585 2514 4655 tua
