3293 5219
2361 329 2510 411 147

256 546 646 626 ditaretur.
723 548 981 624 Nostri
1058 573 1099 626 e
1158 556 1413 626 contra
1486 573 1573 625 eo
1649 550 2151 626 vehementius
2205 552 2508 646 instare,

252 675 456 774 quod
493 675 903 775 peditatum
979 699 1267 774 quoque
1307 699 1394 752 se
1431 677 2046 773 subsequuturam
2087 699 2258 755 esse
2313 680 2508 755 arbi-

246 810 655 895 trarentur,
714 825 848 902 spe
887 811 1133 878 tamen
1185 804 1559 879 falluntur.
1618 802 1868 877 Duces
1926 803 2118 878 enim
2175 806 2509 901 germani

247 928 418 1004 sive
459 929 825 1003 scelerum
865 930 1333 1024 conscientia,
1373 952 1506 1004 seu
1524 952 1768 1004 rerum
1805 929 2127 1028 imperiti
2222 931 2319 1005 ad
2357 931 2504 1028 pri-

243 1079 449 1130 mum
488 1054 728 1131 hostis
788 1064 1257 1154 conspectum
1295 1055 1558 1130 animis
1617 1056 2096 1148 consternati,
2137 1063 2504 1131 tormenta

249 1190 660 1280 ceteraque
773 1183 1293 1282 impedimenta
1393 1190 1797 1258 retrorsum
1911 1205 2056 1279 qua
2151 1191 2509 1258 venerant

242 1307 449 1399 vehi,
524 1308 1074 1408 peditatumque
1185 1333 1468 1385 omnem
1559 1334 1649 1384 ea
1756 1309 2105 1406 subsequi
2205 1310 2505 1405 jubent3

247 1433 632 1531 equitibus
725 1445 986 1532 autem,
1062 1439 1182 1534 qui
1236 1437 1579 1513 hostilem
1657 1434 1889 1510 aciem
1963 1437 2267 1532 egregie
2340 1459 2500 1511 sus·

239 1561 630 1655 tinebant,
669 1567 1023 1662 postremi
1097 1588 1188 1638 ex
1246 1563 1618 1660 gregariis
1674 1586 1808 1660 per
1864 1564 2256 1639 clamorem
2347 1589 2501 1640 rem

234 1687 680 1764 indicabant
755 1691 947 1788 quod
984 1691 1090 1764 illi
1150 1690 1626 1766 exaudientes
1665 1689 1898 1787 primo
1939 1690 2293 1784 dubitare,
2332 1715 2501 1767 mox

246 1813 664 1910 peditatum
686 1825 941 1892 contra
964 1825 1318 1891 conventa
1340 1817 1613 1892 abesse
1655 1817 2079 1915 conspicati,
2117 1817 2500 1892 remissius

242 1963 483 2037 agere
556 1945 1056 2040 paulatimque
1108 1944 1368 2041 pedem
1422 1944 1704 2019 referre
1762 1953 2173 2042 coeperunt.
2233 1943 2336 2018 At
2373 1945 2500 2020 ho-

240 2067 385 2141 stis
426 2091 524 2141 ex
583 2070 988 2168 composito
1028 2070 1102 2143 id
1175 2070 1335 2144 fieri
1380 2078 1609 2162 ratus,
1668 2070 2124 2166 insidiasque
2161 2078 2310 2145 tam
2350 2071 2499 2146 alte

252 2195 556 2269 sublato
597 2196 924 2288 clamori,
963 2206 1526 2294 nostrorumque
1584 2196 1964 2292 regressui
2015 2198 2347 2288 subesse,
2385 2198 2493 2272 fu-

242 2344 447 2417 gere,
492 2345 710 2418 quam
749 2324 1096 2419 persequi
1152 2324 1455 2422 pronior
1495 2331 1691 2416 erat3
1737 2332 2158 2419 certumque
2197 2332 2331 2414 est,
2368 2348 2496 2421 po-

246 2455 603 2524 stremam
644 2450 963 2546 agminis
1003 2473 1251 2525 eorum
1288 2458 1573 2549 partem
1611 2451 1867 2524 relicto
1907 2450 2163 2524 ordine
2203 2451 2279 2523 in
2315 2451 2496 2546 fuga

250 2573 510 2669 fnisse,
550 2598 689 2651 nec
724 2575 929 2676 prius
988 2598 1409 2669 conversos,
1471 2597 1688 2674 quam
1744 2575 2178 2674 praemissis
2217 2575 2499 2675 aliquot

250 2723 552 2777 suorum
666 2705 985 2780 didicere
1062 2704 1318 2802 copias
1430 2703 1684 2800 regias
1725 2703 2042 2777 abiisse:
2168 2704 2244 2778 id
2319 2729 2494 2780 vero

244 2830 751 2920 gratissimum
788 2832 1095 2922 habene,
1152 2829 1496 2937 resumtis
1537 2829 1783 2904 subito
1807 2829 2071 2904 animis
2112 2831 2496 2927 consequi-

245 2970 382 3047 tur,
449 2965 956 3056 occupatoque
1040 2958 1229 3033 colle
1286 2956 1672 3031 tormentis
1729 2955 2135 3052 majoribus
2192 2965 2490 3032 nostros

250 3085 611 3163 acerrime
669 3085 969 3182 petit,et
1004 3085 1149 3159 nisi
1206 3107 1352 3159 nox
1405 3082 1908 3158 interveniens
1966 3082 2492 3180 impedivisset,

249 3215 322 3288 in
357 3215 620 3310 fugam
660 3213 916 3288 eodem
956 3211 1074 3287 die
1113 3233 1465 3287 versurus
1505 3217 1686 3300 erat,
1724 3231 1960 3304 neque
2000 3215 2258 3282 contra
2297 3207 2490 3305 pilas

250 3347 779 3418 tormentorum
851 3340 986 3414 tuti
1058 3339 1349 3437 uspiam
1425 3359 1595 3412 esse
1664 3340 2028 3432 poterant.
2145 3329 2488 3408 Ceterum

255 3463 696 3547 caesariani,
739 3465 945 3560 cujus
986 3487 1127 3563 ope
1164 3473 1314 3539 tum
1354 3485 1438 3537 se
1477 3468 1817 3536 servatos
1856 3482 2250 3555 agnovere,
2295 3460 2488 3554 ejus-

255 3592 414 3669 dem
455 3590 815 3667 beneficio
853 3590 1216 3688 reliquum
1273 3610 1561 3687 quoque
1597 3588 1935 3661 fortunae
1974 3608 2265 3660 cursum
2304 3606 2490 3658 com-

248 3716 680 3794 mittendum
753 3716 1169 3793 decrevere.
1249 3716 1724 3813 Quapropter
1796 3711 2125 3787 collectis
2189 3710 2489 3807 impedi-

246 3845 533 3937 mentis,
610 3842 701 3917 de
776 3850 991 3918 nocte
1049 3844 1145 3918 ad
1202 3841 1549 3941 oppidum
1601 3839 2086 3915 Rosnobania
2143 3860 2305 3913 cum
2341 3843 2494 3911 tor-

244 3971 504 4049 mentis
542 3991 993 4067 pervenere3
1032 3969 1201 4044 inde
1261 3992 1394 4067 per
1454 3970 1692 4043 saltus
1748 3966 2032 4041 vicinos
2071 3964 2493 4052 errabundi,

248 4106 644 4198 postquam
679 4119 816 4171 nec
872 4095 1214 4194 ambiguo
1277 4096 1561 4171 itineris
1621 4117 1874 4169 errore
1927 4115 2095 4167 sese
2136 4089 2491 4189 expedire

251 4227 493 4301 sciunt
533 4281 551 4317 ,
664 4228 738 4299 et
846 4222 1135 4298 hostem
1236 4220 1470 4318 tergis
1578 4220 1955 4296 imminere
2063 4217 2488 4308 formidant,

244 4351 604 4427 machinis
709 4351 785 4425 in
878 4352 1077 4426 valle
1191 4350 1533 4447 quapiam
1639 4348 2064 4427 nemoribus
2170 4345 2488 4443 undique
2526 4399 2534 4405 -

243 4487 595 4572 contecta,
631 4501 792 4554 cum
811 4476 1350 4576 impedimentis
1389 4478 1724 4551 omnibus
1759 4474 2060 4566 relictis,
2100 4473 2319 4547 duces
2339 4492 2486 4567 non

244 4614 389 4682 tam
465 4614 773 4704 accepta
847 4603 1271 4701 ignominia,
1310 4628 1526 4701 quam
1564 4604 1729 4701 ipso
1833 4602 2153 4692 incessu,
2192 4598 2490 4674 habitu-

2026 4726 2165 4802 10*
