3293 5219
2375 382 2528 457 481

286 594 695 691 apportatis
717 596 936 671 etiam
958 593 1267 669 Nicosia
1285 593 1502 669 novis
1520 593 1899 685 machinis,
1922 617 2247 691 aggeres
2285 596 2531 671 altitu·

280 716 601 791 tudinem
638 740 1002 794 murorum
1025 726 1486 816 superantes,
1510 718 2003 815 montiumque
2041 721 2361 817 speciem
2400 721 2530 794 ha-

279 842 563 933 bentes,
603 844 994 940 fossasque
1019 842 1357 939 undique,
1397 842 1774 917 celeritate
1801 866 2106 931 summa,
2146 845 2531 918 mirandis-

287 990 428 1063 que
546 968 890 1065 operibus
957 968 1615 1045 circumduxerunt.
1675 969 1954 1043 Decem
2009 979 2222 1045 erant
2280 969 2529 1067 hujus-

278 1092 474 1166 modi
513 1094 983 1170 munitionum
1023 1117 1319 1191 genera,
1361 1103 1435 1170 et
1473 1096 1547 1168 in
1586 1096 1702 1168 his
1759 1095 1920 1170 ]ΙΙΙ
1958 1104 2032 1170 81
2070 1097 2211 1171 LX
2250 1101 2532 1194 majora

278 1227 648 1295 tormenta
689 1243 944 1313 aenea,
967 1231 1043 1296 et
1080 1245 1331 1298 eorum
1373 1230 1688 1323 quatuor
1727 1245 1816 1295 ex
1856 1222 2213 1298 immensa
2251 1225 2529 1321 magni-

276 1344 529 1419 tudine
566 1347 902 1421 basilisci
940 1349 1204 1423 vocati.
1265 1348 1447 1422 Inde
1487 1348 1905 1444 complures
1947 1349 2104 1422 dies
2142 1351 2530 1424 tormentis

277 1477 657 1546 certatum.
701 1471 802 1545 Et
839 1471 1055 1546 simul
1089 1473 1338 1546 fossae
1397 1494 1688 1567 quoque
1750 1473 2141 1566 omnigena
2218 1474 2531 1547 materia

276 1593 643 1690 impletae,
700 1602 774 1668 et
866 1595 1182 1693 desuper
1257 1619 1347 1669 ex
1406 1595 1650 1669 saccis
1690 1597 1863 1670 lana
1903 1604 2123 1692 atque
2166 1598 2527 1695 bombyce

275 1720 605 1817 repletis,
661 1721 1097 1795 munitiones
1154 1729 1596 1819 superantes
1635 1721 2094 1795 altitudinem
2136 1744 2523 1804 murorum,

279 1843 641 1919 adversus
699 1843 1195 1921 machinarum
1251 1846 1443 1944 pilas
1502 1869 1594 1919 ex
1634 1853 1811 1919 nota
1850 1855 2014 1920 arte
2074 1856 2524 1921 construunt.

277 1967 658 2067 Oppidani
695 1977 952 2045 contra
986 1981 1262 2045 terram
1302 1994 1631 2065 egerere,
1673 1972 2111 2047 munitiones
2151 1972 2529 2069 impedire3

280 2096 348 2169 si
403 2118 697 2171 saccum
754 2097 966 2172 miles
1023 2097 1435 2194 rapuisset,
1531 2120 1790 2170 numus
1884 2120 2152 2173 aureus
2216 2099 2530 2195 pretium

284 2228 467 2297 erat.
532 2218 682 2294 Sed
728 2221 1254 2319 necquicquam
1289 2221 1533 2294 omnia
1570 2228 1883 2295 tentare.
1907 2222 2335 2320 Eodemque
2357 2233 2533 2298 tem·

276 2371 461 2447 pore
517 2347 771 2423 hostes
830 2348 1204 2423 cuniculos
1259 2348 1335 2419 in
1375 2346 1626 2444 plures
1664 2355 1918 2443 partes
1958 2357 2307 2440 egerunt3
2349 2372 2530 2446 quo-

278 2496 438 2548 rum
462 2474 631 2547 aliis
671 2483 988 2549 econtra
1046 2473 1338 2550 obviam
1396 2473 1595 2562 itum,
1658 2473 1788 2546 alii
1843 2476 2118 2571 reperti
2155 2497 2303 2549 non
2341 2484 2531 2549 sunt.

281 2599 382 2674 Et
428 2595 788 2673 hactenus
849 2597 1199 2696 oppidani
1260 2599 1565 2673 crebras
1604 2597 2082 2672 excursiones
2124 2623 2213 2674 ac
2248 2600 2535 2698 praelia

286 2725 383 2796 ad
440 2724 878 2799 munitiones
936 2713 1011 2797 et
1067 2724 1426 2798 stationes
1464 2722 1786 2798 hostium
1825 2724 2089 2799 fecere.
2150 2724 2253 2799 At
2311 2725 2525 2801 XXI.

287 2849 495 2924 Junii
580 2849 931 2924 cuniculis
1042 2847 1511 2923 inflammatis
1569 2849 2029 2946 oppugnatio
2087 2859 2341 2924 secuta
2423 2859 2539 2925 est

300 2975 702 3071 acerrima3
742 2975 984 3049 altera
1019 2974 1194 3048 item
1216 2975 1512 3048 XXIX.
1540 2974 1870 3069 ejusdem
1910 2977 2228 3068 mensi-33
2270 2977 2344 3050 in
2383 2977 2534 3073 qui-

292 3101 432 3174 bus
491 3102 851 3176 ambabus
906 3100 1309 3175 fortissime
1369 3100 1464 3173 ab
1524 3099 1918 3195 oppidanis
1976 3102 2234 3178 hostes
2273 3101 2533 3198 rejecti

283 3233 475 3299 sunt.
538 3226 734 3299 Exin
790 3234 1073 3324 septem
1133 3224 1324 3299 alias
1382 3247 1616 3298 novas
1673 3226 2112 3300 munitiones
2161 3227 2533 3324 prioribus

290 3351 572 3425 similes
629 3350 1168 3448 superaddunt3
1229 3349 1589 3445 novisque
1648 3373 1739 3423 ac
1774 3348 2109 3446 pluribus
2149 3350 2530 3424 tormentis

286 3497 416 3550 eas
494 3475 840 3572 implent3
899 3482 973 3550 et
1038 3477 1194 3571 jam
1268 3474 1652 3569 octoginta
1709 3475 2091 3548 tormentis
2130 3474 2531 3570 majoribus

287 3601 535 3676 omnia
570 3602 773 3693 loca,
831 3622 1229 3697 omnesque
1268 3600 1703 3675 munitiones
1745 3600 2306 3697 oppidanorum,
2347 3621 2533 3695 quas

281 3725 595 3800 subinde
632 3748 864 3800 novas
902 3724 1259 3800 conficere
1282 3727 1757 3820 cogebantur,
1777 3725 2113 3798 continuo
2150 3723 2537 3813 feriebant,

244 3829 520 3946 'neque
593 3850 839 3947 operis
875 3849 1256 3946 faciendis,
1332 3872 1569 3946 neque
1609 3835 1848 3945 quieti'
1891 3871 2195 3922 vacuum
2251 3856 2537 3943 tempus

279 3975 829 4073 permittebant.
930 3972 1177 4071 Saepe
1232 3974 1428 4049 intra
1501 3998 1721 4048 unam
1778 3981 2063 4046 noctem
2136 3980 2359 4066 atque
2434 3971 2536 4042 di-

284 4124 405 4176 em
479 4098 551 4176 V
626 4101 858 4175 millia
932 4101 1245 4200 pilarum
1319 4101 1729 4175 ferrearum
1791 4099 2098 4173 fulmina
2156 4104 2539 4170 numerata

282 4235 494 4322 sunt3
543 4229 699 4324 jam
755 4228 1281 4304 circummuniti
1320 4225 1720 4301 innumeris
1762 4222 2300 4310 munitionibuS,
2378 4229 2535 4294 tan-

286 4374 508 4449 quam
586 4354 938 4444 castellis,
1017 4352 1315 4428 amissis
1390 4351 1781 4425 moenibus
1878 4371 1966 4422 ac
2030 4367 2537 4444 propugnacu-

282 4478 383 4553 lis
456 4478 792 4553 omnibus
882 4479 957 4551 in
1032 4477 1244 4551 novis
1321 4476 1840 4551 munitionibus
1934 4495 2102 4546 sese
2197 4469 2536 4544 defende-

286 4605 485 4677 bant.
562 4604 661 4677 Et
714 4603 838 4677 ubi
876 4603 1262 4700 plurimum
1322 4607 1449 4676 aut
1484 4599 1841 4698 praesidii
1919 4605 2045 4671 aut
2118 4593 2537 4669 munitionis

401 4769 604 4808 nonmt.
642 4768 804 4804 EUUG·
842 4770 978 4805 mer.
1012 4770 1208 4806 sempr.
1244 4769 1351 4803 XVI.
2112 4718 2212 4795 31
