3293 5219
780 274 1039 340 LXXX

773 481 901 533 ras
939 457 1378 534 reddendas.
1440 458 1608 532 Non
1666 457 1770 533 ita
1834 456 2055 533 multo
2111 463 2397 555 postea,
2439 478 2599 531 cum
2651 456 2825 531 mihi
2866 479 3037 530 eun·

775 585 943 660 dum
964 586 1403 682 Lugdunum
1427 592 1654 675 esset,
1691 585 1873 660 meis
1911 585 2321 660 rationibus
2353 583 2427 658 id
2458 583 3030 681 postulantibus,

772 734 866 785 ne
903 709 1268 786 hominem
1304 711 1616 807 fugeret,
1655 710 1955 786 ubinam
1994 733 2320 807 agerem,
2360 709 2426 784 si
2466 707 2638 806 quid
2681 707 2791 781 illi
2831 732 3033 781 man-

773 836 1022 912 datum
1060 837 1199 910 abs
1236 844 1311 912 te
1349 843 1571 928 esset,
1613 859 1760 933 qua
1796 836 1887 911 de
1927 859 2008 911 re
2049 858 2164 908 me
2203 833 2363 908 fieri
2404 832 2788 908 certiorem
2814 856 3028 930 opor-

768 968 982 1052 teret,
1017 960 1094 1036 id
1149 960 1490 1038 continuo
1545 960 1658 1035 illi
1715 959 1970 1036 curavi
2027 958 2637 1056 significandum3
2697 982 2839 1055 quo
2898 958 3031 1032 ille

771 1087 1023 1163 nuntio
1063 1096 1392 1185 accepte,
1432 1074 1624 1161 alias
1644 1085 1741 1160 ad
1762 1109 1877 1161 me
1898 1085 2188 1162 litteras
2209 1084 2430 1176 dedit,
2472 1106 2781 1181 quarum
2820 1083 2916 1158 ad
2953 1092 3031 1159 te

768 1214 1206 1312 exemplum,
1242 1219 1325 1289 ut
1361 1212 1674 1288 aliarum
1713 1210 1959 1305 etiam,
1999 1234 2162 1288 cum
2215 1210 2334 1285 his
2392 1210 2618 1303 mitto,
2654 1218 2735 1285 ut
2773 1210 2912 1284 abs
2949 1218 3030 1284 tc

765 1345 1117 1436 tanquam
1173 1345 1530 1437 perpetuo
1589 1337 1829 1413 series
1885 1336 2108 1413 totius
2164 1335 2273 1411 rei
2328 1334 2787 1434 inspiciatur.
2831 1331 3025 1410 Con-

764 1471 1073 1539 venerat
1128 1486 1327 1555 vero‚
1384 1471 1463 1538 ut
1519 1462 1862 1561 Lugduni
1924 1477 2091 1537 tuas
2150 1462 2443 1537 litteras
2482 1466 3037 1559 exspectarem,

761 1613 924 1667 cum
980 1590 1160 1665 mihi
1197 1591 1644 1689 scripsisset,
1701 1614 1907 1666 meas
1961 1590 2255 1668 litteras
2295 1615 2458 1666 cum
2495 1590 2652 1666 suis
2691 1599 2893 1666 certo
2935 1613 3021 1664 sc

760 1717 1031 1793 homini
1073 1717 1373 1796 dedisse
1404 1719 1500 1795 ad
1538 1727 1612 1794 te
1643 1718 2150 1818 perferendas,
2190 1741 2404 1816 qum
2437 1717 2685 1793 isthuc
2723 1717 3018 1792 mittere

758 1844 1285 1922 constituisset.
1347 1829 1682 1922 Moratus
1735 1867 1895 1921 sum
1933 1854 2196 1945 postea
2235 1843 2581 1942 Lugduni
2620 1844 2713 1919 ad
2755 1841 2990 1918 XVII
2999 1899 3012 1912 .

758 1971 936 2048 Kal.
960 1969 1338 2064 Octobris,
1378 1997 1520 2071 quo
1560 1973 1679 2048 die
1714 1973 1891 2048 mihi
1928 1974 2066 2049 fuit
2101 1972 2256 2048 illic
2294 1972 2833 2060 discedendum,
2858 1992 3016 2044 cer·

753 2097 854 2173 tis
893 2096 984 2173 de
1025 2097 1335 2192 caussis,
1376 2122 1564 2196 quas
1621 2122 1814 2174 nunc
1859 2098 2155 2174 minime
2192 2121 2503 2176 necesse
2540 2099 2782 2174 habeo
2819 2118 3012 2171 com-

757 2245 1164 2301 memorare
1207 2252 1224 2297 ε
1266 2234 1490 2325 atque
1546 2226 1653 2302 ita
1706 2227 1849 2300 hoc
1905 2233 2172 2319 tamen,
2231 2237 2310 2303 ut
2365 2226 2457 2300 de
2511 2226 2629 2301 his
2684 2223 2869 2324 ipsis
2910 2223 3010 2297 ad

748 2374 986 2428 meum
1042 2352 1436 2429 adventum
1491 2353 1830 2453 pluribus
1888 2375 2164 2445 coram,
2216 2352 2281 2427 si
2339 2353 2416 2428 id
2472 2352 2647 2427 mihi
2692 2349 2839 2426 Dei
2876 2350 3006 2423 im-

750 2478 1086 2554 mortalis
1126 2479 1586 2574 benignitate
1625 2479 2023 2576 continget.
2066 2476 2292 2555 Certe
2331 2479 2396 2555 si
2436 2476 2823 2554 existimas
2860 2475 3005 2550 hoc

747 2603 921 2678 mihi
976 2604 1327 2704 primum,
1387 2614 1609 2704 atque
1687 2604 2278 2704 antiquissimum
2347 2605 2424 2680 in
2480 2602 2666 2681 meis
2722 2602 3001 2702 optatis

743 2750 935 2820 esse,
977 2753 1348 2828 nunquam
1404 2754 1549 2831 ego
1605 2740 1806 2808 tuam
1861 2732 2279 2831 opinionem
2327 2731 2608 2807 fallam.
2650 2732 2767 2806 Ita
2805 2729 2998 2804 enim

742 2861 909 2930 octo
964 2854 1113 2931 iam
1169 2856 1443 2933 abhinc
1499 2857 1738 2951 annis,
1796 2881 1913 2935 me
1949 2858 2187 2959 primo
2236 2880 2648 2956 congressu
2687 2855 2999 2954 coepisti

736 2978 1102 3057 facilitate
1136 2980 1287 3071 illa,
1321 2989 1397 3058 et
1433 2983 1778 3061 comitate
1839 2992 1966 3060 tua
2019 2984 2460 3077 incredibili,
2498 2991 2576 3059 ut
2624 2981 2769 3057 nisi
2805 2982 2992 3056 inte

737 3130 883 3183 uno
939 3107 1286 3201 colendo,
1345 3116 1569 3206 atque
1627 3110 2095 3186 observando
2165 3133 2326 3186 cum
2381 3110 2475 3185 iis
2534 3107 2992 3194 contendam,

739 3255 1042 3329 quorum
1081 3242 1197 3309 est
1231 3234 1367 3310 tibi
1407 3235 1723 3310 maxime
1759 3236 2075 3334 probata
2111 3234 2651 3319 benevolentia,
2675 3241 2750 3309 et
2780 3234 2991 3320 fides,

737 3382 882 3434 non
920 3358 1056 3434 tibi
1095 3358 1361 3434 deesse
1401 3359 1665 3454 magis,
1704 3383 1919 3458 quam
1959 3361 2139 3436 mihi
2179 3361 2413 3437 videri
2449 3359 2754 3461 possim.
2794 3358 2989 3435 Veni

733 3481 1097 3558 Viennam
1136 3483 1233 3557 ad
1269 3483 1410 3557 IX.
1461 3484 1639 3559 Kal.
1685 3485 2033 3561 Decemb.
2076 3508 2265 3583 quae
2328 3485 2507 3560 mihi
2544 3486 2745 3578 urbs,
2787 3484 2986 3582 quod

728 3617 811 3685 tu
847 3607 1178 3698 abesses,
1216 3630 1483 3704 magno
1523 3631 1778 3686 carere
1817 3610 1934 3687 sui
1974 3619 2405 3687 ornamento
2446 3620 2562 3687 est
2610 3611 2797 3686 visa.
2841 3611 2985 3686 Ac-

730 3743 988 3834 ceptus
1030 3742 1274 3810 tamen
1312 3742 1387 3811 et
1425 3735 1857 3830 humaniter,
1902 3747 1974 3814 et
2013 3738 2298 3835 prolixe
2339 3763 2385 3815 a
2424 3733 2753 3815 Cratone
2792 3736 2979 3814 Cae-

726 3860 923 3937 saris
981 3858 1271 3935 Medico
1328 3861 1704 3959 primario,
1763 3863 2189 3940 doctissimo
2245 3863 2561 3952 homine,
2601 3874 2675 3940 et
2732 3865 2823 3939 de
2863 3889 2979 3939 me

723 3985 998 4087 optime
1067 3985 1363 4079 merito,
1422 3989 1661 4063 mansi
1716 3988 2053 4066 Viennae
2127 3990 2418 4065 circiter
2484 3989 2738 4065 decem
2794 3990 2978 4078 dies,

721 4113 914 4191 unde
954 4110 1336 4212 Symptam
1379 4137 1493 4190 me
1532 4116 1807 4190 contuli
1853 4117 1950 4191 ad
1987 4117 2518 4216 amplissimum
2562 4117 2817 4194 Virum
2858 4117 2978 4192 Iu-

722 4238 898 4313 lium
955 4234 1313 4315 Comitem
1369 4238 1851 4335 Salmensem,
1909 4244 2106 4341 apud
2162 4267 2379 4342 quem
2432 4245 2581 4320 iam
2637 4245 2971 4322 XXXV.

721 4363 913 4442 diem
966 4389 1133 4463 ago.
1191 4369 1375 4446 Inde
1431 4379 1596 4447 erat
1651 4370 1958 4466 animus,
2015 4376 2305 4450 etiamsi
2344 4374 2740 4452 durissimo
2795 4378 2972 4451 anni

717 4496 1070 4590 tempore,
1109 4495 1237 4571 ubi
1291 4504 1552 4573 nactus
1606 4494 1894 4572 itineris
1950 4498 2254 4575 comites
2304 4524 2568 4597 essem,
2608 4525 2722 4578 me
2762 4512 2971 4577 rccta
