3293 5219
827 353 977 432 1:22

819 580 977 648 tere
1012 581 1301 672 patrum
1357 573 1691 647 instituto
1730 573 1806 646 id
1840 573 2032 648 inter
2091 581 2339 649 cetera
2373 574 2721 667 incubuit,
2758 583 2844 651 ut
2883 600 3072 675 quo·

818 700 962 775 ties
1015 722 1147 776 rex
1208 707 1330 775 aut
1392 701 1612 796 jussu
1668 699 1880 796 regio
1975 697 2384 798 palatinus,
2480 702 2599 799 qui
2658 703 3073 781 secundam

829 827 1026 928 apud
1079 851 1216 904 nos
1279 852 1324 902 a
1397 850 1581 924 rege
1618 826 2048 923 dignitatem
2108 833 2330 918 tenet,
2418 836 2545 903 aut
2598 828 2789 905 alius
2846 832 3073 928 regio

808 956 1024 1051 jussu
1075 955 1150 1028 in
1206 952 1480 1029 bellum
1537 954 1896 1028 adversus
1972 952 2261 1028 hostem
2318 952 2944 1051 proficisceretur,
3003 958 3073 1033 is

820 1082 1072 1180 copias
1146 1081 1400 1178 regias
1476 1104 1635 1157 cum
1695 1103 1830 1156 suo
1886 1081 2118 1156 milite
2174 1082 2517 1180 praeiret,
2573 1084 2648 1157 in
2702 1106 3074 1181 regressu

821 1208 983 1308 opis
1059 1228 1285 1281 causa
1362 1207 1962 1304 subsequeretur,
2035 1207 2381 1304 priorque
2437 1232 2759 1307 pugnam
2814 1211 3074 1300 iniret,

822 1336 1029 1431 cujus
1066 1333 1537 1431 praefectura
1570 1333 1844 1407 bellum
1902 1333 2320 1408 sustineret.
2360 1334 2574 1409 Nunc
2611 1358 2771 1410 cum
2812 1334 3074 1412 adhuc

818 1460 1132 1557 exiguae
1188 1460 1545 1557 reliquiae
1604 1456 1957 1535 Oroatiae
2017 1483 2106 1533 ac
2162 1457 2602 1538 Sclavoniae
2659 1464 3071 1561 supersint,

811 1591 1059 1661 tamen
1095 1587 1291 1661 bano
1345 1585 1531 1660 haec
1583 1585 1989 1686 praeeundi
2043 1586 2427 1684 provincia
2483 1588 2842 1663 attributa
2878 1590 3068 1681 fuit3

818 1735 1120 1810 cumque
1160 1712 1667 1809 antesignanis
1706 1711 2024 1789 hostium
2047 1736 2330 1788 amnem
2357 1716 2514 1809 jam
2554 1723 2775 1790 antea
2811 1722 3068 1791 trans-

817 1840 1104 1935 gressis
1144 1838 1545 1914 levioribus
1584 1840 1893 1938 praeliis
1932 1841 2355 1915 decertandi
2385 1841 2600 1940 copia
2641 1845 2841 1917 facta
2874 1843 3066 1918 fuis-

820 1973 953 2057 set,
995 1965 1232 2041 hostis
1270 1965 1504 2063 primo
1544 1965 1895 2040 audacius
1933 1966 2192 2063 pedem
2231 1967 2505 2041 nostris
2542 1968 2825 2061 intulit3
2866 1974 2949 2042 at
2989 1977 3069 2043 et

826 2089 899 2165 hi
958 2097 1219 2166 contra
1291 2112 1434 2164 non
1503 2092 1741 2166 solum
1795 2091 2094 2166 fortiter
2129 2092 2491 2183 restitere,
2567 2093 2698 2168 sed
2755 2101 2831 2168 et
2867 2095 3065 2190 reJe·

823 2241 1014 2310 cere,
1053 2240 1522 2318 pugnamque
1562 2224 1815 2315 optato
1872 2239 2114 2292 rerum
2151 2240 2501 2294 successu
2539 2218 2833 2315 longius
2889 2242 3066 2317 pro·

821 2347 1093 2421 duxere
1164 2367 1398 2443 usque
1473 2344 1681 2437 adeo,
1763 2352 1845 2420 ut
1904 2345 2190 2421 hostem
2251 2347 2639 2444 aliquoties
2675 2346 2875 2422 ultra
2911 2368 3069 2421 am·

818 2498 980 2550 nem
1038 2472 1452 2549 reiecerint.
1511 2470 1888 2571 Praeceps
1946 2472 2058 2547 sol
2117 2474 2190 2547 in
2252 2497 2595 2551 occasum
2655 2481 2835 2566 erat,
2894 2496 3059 2548 cum

815 2602 1045 2676 bassa
1092 2600 1458 2676 instructa
1513 2599 1674 2675 acie
1712 2623 2006 2698 pugnae
2049 2600 2335 2698 copiam
2374 2606 2750 2676 ostentare
2791 2598 3062 2697 coepit.

822 2726 1038 2820 Quod
1056 2723 1432 2825 palatinus
1471 2724 2087 2814 animadvertens,
2129 2725 2384 2823 copias
2424 2748 2676 2801 omnes
2711 2748 2861 2799 una
2898 2747 3066 2800 cum

819 2852 1026 2949 regio
1085 2851 1323 2945 signo,
1383 2851 1578 2947 quod
1654 2851 1768 2925 sui
1859 2853 2379 2948 sequebantur,
2475 2851 2717 2926 subito
2790 2874 3062 2950 appro-

817 2978 1175 3078 pinquare
1202 2977 1437 3073 jubet,
1476 2983 1549 3051 et
1583 3000 1721 3075 pro
1759 2999 2009 3075 pugna
2046 2978 2248 3052 acies
2283 2978 2676 3060 instruxit3
2766 2978 3060 3051 neutris

816 3113 1062 3181 tamen
1099 3104 1434 3179 limosum
1454 3103 1745 3179 alveum
1764 3103 2321 3179 transeuntibus
2341 3104 2416 3179 in
2456 3110 2709 3179 castra
2737 3102 3050 3177 rediere.

820 3233 1297 3308 Decertatum
1335 3252 1425 3304 eo
1464 3230 1581 3305 die
1640 3231 1737 3304 ab
1794 3230 1978 3305 hora
2031 3230 2417 3306 undecima
2455 3231 2550 3306 ad
2587 3236 2872 3305 noctem
2916 3237 3052 3314 est,

825 3361 951 3435 ubi
1006 3357 1292 3434 duobus
1348 3356 1659 3455 praeliis
1715 3356 2035 3431 victores
2092 3356 2328 3431 nostri
2383 3356 2629 3431 fuere:
2688 3353 2894 3429 multi
2932 3353 3061 3428 ho-

822 3486 1039 3562 stium
1099 3483 1319 3575 caesi,
1360 3482 1657 3581 plurimi
1716 3482 1950 3557 amnis
2005 3483 2180 3559 limo
2237 3483 2594 3581 absorpti,
2654 3506 2744 3557 ex
2783 3479 3063 3556 nostris

821 3633 1034 3689 nemo
1074 3609 1386 3702 occisus,
1421 3608 1639 3707 pauci
1680 3609 1912 3684 saucii
1969 3616 2368 3700 revertere,
2402 3610 2535 3683 sed
2572 3609 2740 3706 equi
2778 3607 3062 3704 aliquot

825 3739 1162 3837 insignes
1201 3734 1476 3810 amissi.

1035 3863 1274 3939 Nocte
1364 3860 1763 3936 subsecuta
1853 3859 2222 3955 palatinus
2298 3859 2824 3935 communicato
2899 3877 3060 3930 cum

821 3992 1135 4070 Nicolao
1180 3987 1443 4064 comite
1498 4010 1545 4061 a
1581 3985 1830 4061 Zrinio
1887 3987 2104 4078 bano,
2166 3985 2572 4062 Francisco
2610 3983 2855 4081 Tahy,
2929 3980 3062 4058 Jo-

827 4122 1069 4196 hanne
1108 4116 1361 4207 Peteo,
1422 4113 1839 4210 ceterisque
1895 4114 2366 4209 magnatibus
2424 4137 2512 4188 ac
2552 4112 2858 4189 ducibus
2898 4128 3064 4182 con·

819 4246 1029 4337 silio,
1106 4250 1277 4342 post
1332 4243 1630 4317 multam
1725 4239 2335 4338 disceptationem
2410 4238 3062 4335 diversitatemque

822 4371 1242 4472 opinionum
1275 4369 1353 4443 in
1392 4389 1554 4441 eam
1588 4374 1965 4465 postremo
1996 4365 2437 4441 sententiam
2475 4372 2591 4439 est
2626 4370 2947 4451 ventum,
2984 4371 3065 4439 ut

824 4496 1143 4576 tentoria
1198 4503 1271 4569 et
1306 4494 1826 4592 impedimenta
1885 4491 1975 4566 de
2011 4503 2225 4567 nocte
2267 4491 2814 4589 colligerentur,
2872 4511 3063 4587 quae

830 4648 1107 4702 summo
1128 4619 1447 4698 diluculo
1471 4643 1632 4697 cum
1654 4620 2191 4718 significatione
2210 4622 2435 4717 fugae
2454 4625 2657 4694 retro
2695 4616 3069 4734 mitteren-
