3293 5219
2377 272 2530 345 545

273 516 431 591 pus,
472 514 615 590 quo
637 492 824 567 haec
845 497 1218 588 gerentur,
1241 490 1624 584 minisque,
1654 488 2023 585 certisque
2045 487 2530 585 apparatibus

273 644 364 694 ex
403 617 738 727 instituto
757 616 1017 708 factis,
1060 623 1314 714 utpote
1348 621 1881 692 tormentorum
1927 611 2525 711 praeparatione,

274 766 673 837 carrorum,
713 766 1209 840 equorumque
1264 742 1782 833 instructione,
1827 740 2191 836 falsisque
2225 738 2528 814 rumori-

275 873 415 947 bus
455 869 734 968 passim
774 869 1102 967 sparsis,
1142 866 1443 943 hostilia
1482 866 2015 963 significentur,
2058 863 2243 937 nihil
2280 870 2526 938 tamen

275 997 522 1094 palam
579 992 1091 1084 attentandos,
1132 1016 1275 1091 quo
1311 992 1449 1069 tali
1505 990 2041 1081 ludificatione,
2100 990 2365 1065 saltem
2400 988 2527 1065 ho-

277 1123 497 1197 stium
538 1119 761 1196 animi
798 1121 875 1194 in
915 1141 1171 1196 omnes
1207 1126 1466 1217 partes
1506 1118 2015 1193 distineantur.

487 1245 670 1323 Cum
711 1254 950 1324 autem
1008 1256 1307 1347 praeter
1356 1246 1834 1322 Melchiorem
1895 1242 2223 1341 Balassy
2281 1243 2527 1319 nullus

272 1375 638 1450 adversae
675 1370 1021 1447 factionis
1059 1371 1179 1461 sit,
1223 1371 1348 1468 qui
1386 1372 1506 1446 vel
1546 1368 1848 1444 militari
1906 1369 2209 1466 peritia,
2250 1370 2371 1443 vel
2410 1391 2526 1444 co·

271 1501 417 1601 piis
456 1500 889 1576 metuendus
929 1508 1170 1582 esset,
1213 1505 1288 1573 et
1325 1496 1606 1596 alioqui
1662 1505 1743 1572 ut
1783 1495 2129 1571 Andreas
2192 1495 2528 1592 Bathory

275 1626 691 1724 significat,
728 1649 873 1703 non
932 1633 1050 1701 est
1086 1625 1333 1701 alieno
1398 1621 1934 1699 reconciliandi
1990 1644 2074 1697 se
2114 1644 2197 1697 se
2234 1622 2530 1718 gratiae

266 1751 753 1850 Imperatoris
795 1751 1037 1827 animo
1077 1778 1093 1824 ε
1137 1750 1201 1826 si
1240 1750 1336 1826 ab
1392 1772 1541 1824 una
1578 1755 1795 1847 parte
1843 1770 1999 1823 rem
2053 1747 2128 1822 in
2167 1746 2527 1846 Transyl-

270 1878 491 1953 vania
546 1877 847 1954 sinistre
903 1877 1067 1974 geri
1123 1875 1415 1966 videat,
1491 1898 1585 1950 ex
1642 1875 1887 1950 altera
1944 1896 2124 1947 vero
2167 1873 2525 1970 praemiis

266 2009 759 2103 oppugnetur,
798 2003 1036 2101 ipsum
1076 2002 1173 2079 ad
1212 2000 1677 2078 clementiam
1716 1999 2205 2098 Imperatoris
2244 2000 2520 2074 reditu-

266 2152 429 2204 rum
451 2185 468 2218 ,
509 2128 862 2206 inclinato
902 2129 1098 2204 ultro
1138 2129 1403 2220 animo,
1477 2126 1658 2202 mihi
1696 2127 2111 2226 persuadeo
2136 2182 2152 2213 ,
2210 2149 2299 2201 ac
2337 2149 2522 2215 eum,

265 2255 390 2352 qui
429 2255 644 2330 modo
683 2254 1045 2331 adversus
1086 2277 1264 2345 nos,
1327 2253 1478 2327 iam
1536 2276 1672 2352 pro
1730 2253 1945 2326 nobis
1984 2259 2283 2326 strenue
2324 2250 2525 2325 dimi-

263 2386 595 2456 caturum
634 2379 1041 2455 habituros.
1082 2377 1253 2472 Oui,
1297 2379 1363 2454 si
1401 2376 1956 2466 reconcilietur,
1996 2375 2522 2473 promittatque

262 2505 554 2581 fidelem
584 2528 861 2581 navare
900 2528 1245 2604 operam,
1320 2528 1517 2581 noxa
1568 2503 1804 2580 omnis
1844 2502 2202 2592 deleatur,
2245 2524 2336 2576 ac
2369 2503 2524 2576 uni-

262 2655 488 2708 versa
523 2634 719 2709 bona
757 2629 1122 2731 Casparis
1161 2632 1505 2732 Dragffy,
1547 2655 1738 2730 quae
1761 2627 2144 2725 Georgius
2182 2628 2521 2730 Bathory

262 2766 599 2857 occupat,
641 2757 1024 2834 donentur.

476 2883 647 2960 Hac
681 2873 990 2979 ratione,
1028 2884 1329 2979 negotio
1379 2883 1699 2960 feliciter
1738 2892 2141 2980 transacto,
2183 2909 2277 2962 ex
2316 2910 2524 2964 occa·

263 3008 472 3083 sione
528 3010 796 3085 saltem
850 3017 1082 3085 nato:
1144 3031 1507 3109 oppresso
1569 3008 2143 3107 TransylvanO,
2203 3013 2524 3111 quinque

264 3141 341 3210 et
377 3134 689 3234 triginta
727 3160 1084 3212 annorum
1125 3136 1635 3213 controversia
1674 3142 1948 3234 puncto
1987 3138 2345 3236 temporis
2382 3147 2522 3215 ter-

258 3259 674 3338 minabitur.
714 3260 1274 3360 Transylvania
1293 3286 1472 3340 vero
1494 3269 1957 3362 recuperata,
1999 3271 2075 3338 et
2110 3264 2520 3341 Melchiore

253 3384 585 3486 Balassy
622 3387 697 3462 in
734 3389 1052 3485 gratiam
1089 3397 1412 3489 recepto,
1435 3388 1727 3486 reliqui,
1765 3390 1840 3463 in
1883 3389 2278 3487 Hungaria
2317 3412 2516 3464 nem-

255 3533 375 3608 pe,
415 3512 795 3589 inferioris
836 3515 1278 3592 conditionis
1316 3517 1413 3592 ad
1455 3513 1817 3592 Caesaris
1842 3515 2310 3591 clementiam
2352 3537 2520 3591 con-

254 3636 565 3737 fugient,
603 3642 724 3716 vel
764 3649 968 3719 certe
1012 3641 1215 3719 nullo
1256 3642 1556 3739 negotio
1597 3641 1767 3740 cogi
1805 3648 2140 3738 possunt.

470 3764 689 3857 Quod
728 3789 904 3845 vero
963 3769 1060 3844 ad
1107 3769 1216 3846 rei
1252 3770 1443 3845 bene
1501 3767 1876 3864 gerendae
1938 3789 2291 3843 summam
2333 3767 2517 3844 adti-

252 3898 401 3987 net,
437 3890 626 3968 haec
663 3894 909 3970 omnia
945 3917 1230 3971 summa
1266 3896 1649 3972 celeritate
1687 3902 1764 3970 et
1795 3894 2304 3970 secretissima
2344 3919 2509 3971 cau-

244 4017 448 4095 tione
482 4019 838 4115 indigent,
888 4045 1082 4120 quae
1119 4023 1365 4121 magis
1414 4022 1862 4100 dexteritate
1900 4022 2204 4116 ingenii,
2243 4046 2520 4099 rerum-

250 4165 397 4240 que
433 4146 916 4242 agendarum,
958 4171 1176 4246 quam
1213 4149 1549 4247 periculo
1590 4155 1970 4240 constant,
2026 4172 2119 4224 ne
2157 4148 2365 4225 illinc
2404 4171 2519 4224 oc-

255 4269 484 4365 casio,
523 4295 755 4369 quae‚
797 4280 879 4349 ut
918 4274 1203 4368 dicitur,
1251 4276 1467 4353 calna
1505 4283 1641 4367 est,
1684 4277 2064 4370 elabatur3
2104 4299 2314 4367 nam,
2355 4296 2516 4349 cum

256 4396 551 4473 minime
624 4398 1010 4498 Despoten
1069 4400 1192 4476 diu
1248 4425 1492 4479 rerum
1532 4401 1756 4502 potiri
1811 4424 2035 4501 posse
2110 4401 2302 4477 ratio
2352 4402 2518 4500 ipsa

253 4521 507 4618 dictat,
545 4546 638 4600 ea
657 4546 806 4622 qua
846 4525 1003 4624 ivit,
1043 4527 1528 4623 regrediatur,
1571 4529 1691 4604 vel
1727 4528 2030 4605 foedere
2071 4548 2229 4604 cum
2274 4530 2514 4607 Tran-
