3293 5219
726 268 874 344 15⁶2

722 514 896 565 sese
934 497 1347 588 praestare.
1372 486 1475 562 At
1510 510 1673 563 cum
1710 487 2004 584 Pereny
2040 485 2378 562 nuncium
2415 487 2511 560 ad
2548 509 2711 562 eum
2750 511 2981 586 prae-

724 619 1073 710 misisset,
1113 641 1281 692 esse
1318 616 1657 691 nimirum
1713 636 2041 708 necesse,
2097 623 2178 690 ut
2222 615 2486 712 regina
2544 635 2704 690 cum
2744 640 2832 692 eo
2877 616 2982 690 de

722 745 947 819 rebus
1022 744 1272 818 arduis
1346 749 1624 838 ageret,
1684 752 1757 816 et
1830 741 1924 815 ad
1997 765 2159 816 eam
2218 740 2658 816 diverteret:
2717 743 2982 819 statim

722 871 988 972 paruit,
1043 877 1118 945 et
1155 893 1313 943 cum
1341 868 1676 943 omnibus
1716 867 2089 960 militibus,
2128 890 2382 956 uxore,
2411 869 2784 966 rebusque
2823 868 2980 946 Co-

722 1003 1093 1075 losvarum
1116 995 1335 1087 venit,
1357 995 1759 1071 deducente
1780 1018 1940 1070 eum
1962 994 2437 1085 Perenio,ubi
2464 997 2655 1071 carri
2678 996 2984 1072 onerati

722 1129 797 1201 in
815 1129 977 1203 foro
1023 1124 1217 1222 jussi
1276 1125 1724 1216 consistere3
1817 1124 2170 1199 militibus
2223 1123 2601 1215 indicitur,
2680 1125 2804 1221 qui
2877 1125 2987 1199 ad

729 1253 1116 1352 stipendia,
1176 1254 1292 1326 vel
1335 1252 1556 1325 etiam
1595 1251 1922 1347 alioquin
1977 1251 2051 1325 in
2089 1252 2560 1327 traditionem
2617 1253 2982 1327 transsil-

731 1381 1066 1456 vanicam
1128 1403 1423 1454 manere
1480 1377 1749 1470 velint,
1817 1379 2245 1453 facultatem
2301 1378 2646 1471 concedi;
2727 1379 2982 1453 carris

732 1530 909 1583 vero
948 1505 1324 1603 requisitis
1381 1515 1726 1603 repertae
1786 1512 1956 1578 suut
2008 1505 2481 1598 bombardae,
2524 1527 2711 1603 quas
2752 1506 2987 1581 Dobo

733 1636 1206 1730 imposuerat.
1264 1635 1686 1731 Eapropter
1725 1632 1944 1706 Dobo
1984 1655 2142 1706 cum
2184 1655 2413 1708 uxore
2451 1632 2525 1707 in
2565 1631 2988 1707 custodiam

735 1762 1052 1838 traditus
1112 1768 1244 1835 est.
1321 1760 1409 1834 Id
1463 1767 1706 1834 tamen
1766 1757 2177 1834 Petrovitio
2243 1768 2317 1834 et
2369 1760 2738 1836 Balassae
2795 1759 2988 1833 indi-

737 1912 957 1986 gnum
978 1887 1329 1979 videri,et
1364 1885 1580 1961 fidem
1620 1910 1823 1961 snam
1867 1885 2238 1961 labefieri:
2280 1887 2375 1961 ad
2401 1886 2754 1982 judicium
2794 1909 2988 1982 ergo

737 2038 1183 2115 provocare,
1262 2014 1457 2110 quod
1529 2014 1604 2088 in
1679 2009 1993 2087 comitiis
2033 2014 2509 2107 generalibus
2545 2014 2768 2111 paulo
2808 2020 2990 2112 post

741 2166 1014 2238 magna
1051 2143 1510 2217 contentione
1551 2142 1646 2215 ab
1666 2141 1998 2237 utrisque
2038 2147 2278 2216 actum
2319 2147 2454 2214 est.
2493 2137 2640 2213 Pro
2663 2141 2988 2214 Dobone

739 2269 1010 2345 Petrus
1059 2268 1516 2344 Petrovitius
1555 2277 1630 2344 et
1664 2268 1992 2344 Balassa
2031 2290 2280 2342 coram
2322 2267 2673 2363 agebant,
2714 2274 2789 2341 et
2827 2268 2989 2342 Do-

744 2399 1002 2473 bonem
1055 2407 1405 2495 tanquam
1449 2420 1655 2472 reum
1697 2396 2229 2489 defendebant3
2288 2419 2329 2469 e
2385 2402 2646 2469 contra
2698 2395 2993 2470 fiscalis

744 2526 1162 2616 accusabat,
1203 2525 1396 2621 quod
1434 2525 1652 2598 Dobo
1692 2523 2139 2599 bombardas
2178 2529 2437 2598 contra
2472 2530 2695 2621 pacta
2733 2523 2993 2599 abstu-

743 2651 978 2740 lisset,
1019 2658 1092 2725 et
1130 2651 1259 2724 illa
1314 2650 1713 2746 violasset3
1771 2649 1986 2724 fidem
2043 2650 2333 2727 illorum
2386 2649 2493 2723 ita
2533 2649 2880 2741 valuisse,
2923 2651 2995 2724 si

747 2778 1282 2854 conditionibus
1343 2777 1438 2852 ab
1499 2778 1629 2853 illo
1690 2779 2154 2853 satisfactum
2207 2779 2511 2852 fuisset:
2550 2778 2655 2853 ita
2703 2778 2992 2873 judicio

748 2906 1038 3005 publico
1077 2904 1296 2980 Dobo
1336 2904 1743 2997 damnatur,
1799 2914 1875 2980 et
1907 2906 2018 2980 illi
2067 2904 2547 3003 Jurejurando
2587 2906 2989 2980 absolvun-

746 3040 882 3109 tur.
940 3030 1289 3107 Attamen
1327 3032 1523 3132 apud
1577 3032 1910 3127 reginam
1966 3058 2238 3130 magna
2276 3032 2661 3129 diligentia
2715 3055 2854 3131 pro
2894 3057 2983 3111 eo

747 3159 1347 3233 intercesserunt.
1435 3156 1797 3253 Ujvarum
1855 3183 2035 3256 ergo
2094 3183 2254 3234 cum
2307 3180 2539 3234 uxore
2610 3158 2986 3236 reducitur

747 3285 821 3359 in
859 3282 1379 3381 captivitatem,
1455 3307 1578 3359 res
1618 3292 1861 3360 autem
1899 3284 2426 3380 confiscantur3
2499 3305 2646 3359 non
2685 3285 2980 3383 quidem

750 3408 1001 3506 magni
1038 3411 1399 3504 momenti,
1463 3412 1660 3508 quod
1696 3433 1947 3487 omnes
1986 3420 2286 3511 praeter
2322 3412 2820 3505 necessarias,
2865 3413 2987 3488 diu

751 3544 921 3614 ante
959 3544 1198 3612 motus
1237 3535 1524 3614 domum
1563 3538 2075 3637 praemiserat.

963 3662 1280 3738 Hustum
1337 3687 1559 3761 porro
1615 3665 1974 3740 acerrime
2030 3671 2488 3764 oppugnant,
2578 3686 2716 3739 nec
2790 3664 2986 3762 quic-

753 3813 967 3888 quam
1008 3789 1513 3864 castrensibus
1561 3790 1692 3865 otii
1731 3792 1827 3866 ad
1880 3792 2196 3889 quietem
2236 3793 2432 3867 dant.
2512 3790 2990 3889 Quapropter

753 3915 1130 4014 perpetuis
1168 3914 1448 4012 vigiliis
1515 3925 1587 3992 et
1642 3918 2022 3994 laboribus
2073 3925 2294 4016 atque
2334 3919 2521 3994 adeo
2561 3918 2808 3993 inedia
2842 3918 2991 3992 fra-

756 4044 874 4136 cti,
908 4050 1299 4141 postquam
1336 4043 1557 4120 toties
1614 4070 1662 4121 a
1695 4070 1871 4143 rege
1928 4049 2238 4144 ejusque
2297 4046 2603 4122 ducibus
2679 4044 2989 4144 promis-

756 4192 913 4246 sum
950 4172 1397 4270 praesidium
1444 4174 1723 4250 frustra
1760 4182 2219 4274 exspectant,
2258 4174 2592 4248 inducias
2631 4173 2990 4271 quinqua.-

758 4297 967 4397 ginta
1020 4301 1297 4376 dierum
1356 4325 1516 4378 cum
1573 4301 1786 4377 hoste
1850 4304 2360 4400 paciscuntur:
2400 4301 2649 4376 missis
2708 4300 2996 4376 duobus

757 4449 1050 4503 suorum
1090 4427 1187 4501 ad
1241 4427 1809 4523 Ferdinandum‚
1863 4429 2006 4504 uisi
2062 4431 2262 4506 intra
2298 4429 2438 4505 hoc
2493 4435 2780 4526 tempus
2821 4450 2998 4525 snp-

756 4553 999 4648 petias
1053 4554 1266 4647 ferat,
1325 4556 1777 4632 necessitate
1836 4579 2180 4655 suprema
2219 4580 2388 4633 sese
2429 4577 2672 4630 arcem
2713 4553 2998 4629 deditu-
