3293 5219
2352 316 2505 397 221

250 532 539 615 dandos
581 548 858 629 curant,
902 548 1027 613 aut
1065 539 1505 613 mutilandos
1547 538 1610 612 si
1666 540 2152 637 reperiuntur.
2209 538 2391 614 Ideo
2430 542 2507 615 in

250 669 504 741 aulam
561 690 819 761 regum
861 667 1410 760 confugiebant,
1450 667 1989 762 alebanturque
2031 667 2127 740 ab
2169 667 2506 762 regibus,

249 802 326 867 et
363 794 847 868 mittebantur
913 793 987 864 in
1041 793 1554 890 praefecturas
1591 793 1885 866 illarum
1939 794 2507 889 provinciarum.

249 920 450 994 Hinc
503 920 753 1009 fiebat,
808 928 889 993 ut
925 919 1038 992 illi
1092 942 1362 1017 parere
1420 928 1885 1014 cogerentur,
1946 927 2021 994 et
2076 919 2504 1017 provinciae

247 1047 366 1120 sui
409 1045 796 1140 sangvinis
835 1045 1257 1141 praefectos
1315 1047 1657 1120 lubenter
1697 1044 2137 1142 acciperent.
2180 1047 2268 1119 In
2319 1047 2507 1120 litte·

245 1173 353 1245 ris
397 1194 579 1266 ergo
618 1172 956 1247 Jacobus
1016 1170 1368 1245 auxilium
1427 1171 1807 1267 poscebat,
1860 1172 2249 1268 pecuniam
2288 1178 2508 1267 atque

251 1296 581 1389 militem,
641 1297 1078 1393 promittens
1170 1296 1390 1370 fidem
1468 1305 1689 1392 atque
1762 1297 2253 1372 obedientiam
2330 1320 2514 1392 erga

248 1443 637 1497 caesarem
695 1431 767 1494 et
855 1445 1077 1516 reges
1178 1419 1596 1518 Ungariae3
1657 1421 2241 1518 ostendebatque
2317 1443 2503 1496 com·

251 1546 681 1622 moditatem
716 1569 808 1618 ex
846 1547 976 1620 illa
1025 1547 1433 1643 provincia,
1479 1548 1542 1619 si
1598 1547 1873 1622 bellum
1912 1549 2276 1623 adversus
2319 1549 2511 1624 Tur-

253 1698 418 1747 cam
495 1673 890 1768 aliquando
945 1682 1148 1747 esset
1205 1673 1771 1770 suscipiendum.
1832 1674 2073 1769 Igitur
2111 1674 2307 1769 rein
2345 1697 2511 1750 con-

250 1799 424 1873 silio
466 1798 903 1895 disceptata,
961 1822 1174 1874 nemo
1216 1799 1352 1872 fuit
1392 1799 1515 1894 qui
1573 1800 2105 1894 assentiretur3
2165 1823 2330 1873 nam
2372 1823 2517 1874 om-

251 1927 374 1999 nia
448 1926 720 2022 partim
782 1924 1133 2013 difficilia,
1194 1925 1461 2021 partim
1520 1949 1714 1999 vana
1772 1924 2237 2011 videbantur,
2321 1925 2519 2021 quod

250 2052 576 2125 conditio
618 2060 842 2147 atque
879 2074 1116 2147 genus
1137 2051 1452 2125 hominis
1492 2060 1890 2147 perspecta
1929 2061 2214 2148 essent3
2260 2061 2334 2126 et
2372 2074 2517 2126 me-

245 2180 598 2253 tuebatur
618 2178 838 2251 etiam
858 2202 948 2251 ne
972 2175 1440 2273 SolymanuS,
1464 2177 1577 2252 cui
1600 2179 1698 2251 ab
1720 2176 2012 2253 devicto
2056 2202 2238 2274 rege
2279 2177 2518 2251 Ludo-

259 2306 425 2378 vico
506 2303 944 2377 tributariae
1001 2312 1215 2377 erant
1290 2303 1465 2376 illae
1525 2303 1974 2400 provinciae,
2100 2325 2411 2399 quocum
2449 2301 2526 2374 id

267 2429 626 2525 temporis
699 2429 1033 2503 induciae
1110 2428 1687 2518 intercedebant,
1767 2429 2017 2526 specie
2095 2429 2283 2503 illati
2341 2426 2524 2501 belli

269 2556 786 2632 offenderetur.
904 2555 1112 2630 Unus
1191 2554 1640 2629 Franciscus
1756 2554 2174 2651 Forgacius
2288 2554 2519 2629 disse-

267 2683 435 2772 ruit,
493 2705 649 2756 rem
687 2703 924 2777 neque
964 2703 1133 2755 esse
1158 2679 1532 2755 difficilem
1570 2682 1794 2773 facta,
1852 2704 2090 2777 neque
2168 2703 2336 2754 esse
2380 2702 2525 2753 ma-

269 2812 397 2905 gni
435 2810 635 2883 aeris
666 2810 1060 2905 jacturam,
1104 2809 1169 2882 si
1207 2809 1593 2904 aliquanta
1630 2810 1945 2906 pecunia
1979 2812 2320 2906 Juvetur3
2362 2831 2524 2883 sae-

270 2960 363 3034 pe
403 2937 506 3010 ad
547 2935 760 3010 ludos
797 2935 1023 3012 multo
1047 2937 1260 3033 plura
1280 2936 1605 3032 impendi
1628 2937 1919 3030 solere;
1965 2961 2004 3010 e
2041 2945 2298 3011 contra
2318 2936 2528 3010 sires

278 3065 624 3137 effectum
684 3063 1096 3154 sortiretur,
1153 3085 1379 3159 posse
1453 3063 1528 3134 id
1568 3063 1965 3158 aliquando
2044 3064 2269 3136 rebus
2347 3060 2529 3135 chri-

270 3189 681 3265 stianorum
721 3190 1121 3287 prodesse3
1163 3191 1438 3264 bellum
1476 3191 1752 3264 nullum
1790 3189 2073 3281 inferri,
2114 3189 2247 3263 sed
2285 3208 2525 3284 neque

278 3337 508 3412 posse
549 3317 823 3402 caveri,
866 3316 1040 3412 quin
1080 3340 1172 3389 ex
1213 3317 1637 3418 ‘confinibus
1662 3317 2137 3390 excursiones
2195 3313 2526 3409 aliquan-

267 3441 358 3515 do
417 3444 604 3516 fiant
658 3441 731 3515 in
791 3442 1073 3515 vicinas
1140 3441 1583 3538 provincias.
1665 3449 1743 3515 ut
1819 3439 2201 3536 Solymani
2258 3439 2529 3513 milites

267 3589 561 3664 quoque
601 3568 928 3642 solerent
964 3570 1260 3663 facere3
1319 3591 1556 3664 neque
1594 3565 2070 3642 omittendum
2113 3587 2282 3640 esse
2322 3565 2529 3663 peni-

263 3700 382 3767 tus
449 3695 582 3788 jus
678 3695 1055 3789 antiquum
1139 3694 1433 3768 illarum
1510 3693 2089 3790 provinciarum,
2173 3700 2525 3787 quantum

263 3842 403 3915 pro
442 3816 735 3891 ratione
755 3819 1112 3915 temporis
1134 3818 1294 3892 fieri
1313 3826 1589 3915 posset.
1633 3818 1828 3893 Huic
1888 3817 2300 3892 sententiae
2365 3841 2530 3892 cae-

271 3965 398 4017 sar
440 3943 930 4040 subscripsit3
973 3953 1134 4018 octo
1175 3945 1405 4018 millia
1442 3944 1885 4020 florenorum
1947 3945 2200 4019 auxilii
2240 3943 2533 4018 nomine

272 4069 435 4143 dari
488 4069 728 4165 jubet,
784 4079 1004 4166 atque
1079 4078 1544 4168 potestatem,
1605 4070 1734 4144 ubi
1794 4078 1867 4144 et
1937 4069 2229 4166 quando
2285 4067 2533 4160 vellet,

271 4195 795 4272 conscribendi
834 4197 1154 4272 militem.

503 4323 843 4399 Jacobns
901 4331 1295 4421 postquam
1351 4307 1799 4420 potestatem
1854 4333 2115 4399 nactus
2175 4330 2291 4398 est
2343 4320 2531 4395 mili·

266 4458 411 4524 tem
485 4448 824 4545 parandi,
905 4459 980 4524 et
1090 4451 1469 4546 aliquanta
1579 4452 1894 4549 pecunia
1987 4451 2279 4546 adetus
2352 4449 2528 4542 fuit3

269 4575 720 4650 Franciscus
779 4599 1067 4672 quoque
1106 4577 1270 4674 Zay
1325 4598 1459 4673 spe
1535 4584 1761 4672 atque
1814 4576 2207 4673 promissis
2262 4573 2532 4649 Jacobi
