3293 5219
2429 325 2533 408 85

258 543 317 619 J
321 542 695 618 ohannem
752 541 1218 619 Fridericum
1264 544 1421 639 jam
1463 542 1901 619 eliberatum
1955 547 2385 646 propediem
2435 552 2532 625 sit

257 667 718 743 remissurus
786 668 1097 760 domum,
1155 678 1229 743 et
1284 664 1648 767 pristinae
1688 668 2031 763 dignitati
2068 674 2528 770 redditurus;

254 804 522 893 neque·
572 794 741 870 ideo
819 795 1330 892 landgravium
1401 795 1784 872 dimissum
1835 797 1952 872 iri.
2046 794 2529 878 Conditiones

255 930 512 997 autem
569 924 713 997 hae
767 922 1014 997 fuere:
1076 922 1268 1019 quod
1341 922 1716 1020 principes
1775 923 2277 1001 confoederati
2328 927 2526 1003 intra

254 1057 542 1125 certum
585 1048 778 1123 diem
816 1049 911 1122 ab
970 1048 1196 1122 armis
1256 1048 1662 1140 discedant,
1734 1056 1810 1123 et
1848 1052 2251 1126 exercitum
2290 1052 2525 1127 dimit·

252 1182 439 1268 tant,
483 1184 616 1250 aut
642 1173 1122 1250 Ferdinando
1177 1173 1342 1270 regi
1397 1174 1712 1250 militent
1745 1176 1821 1251 in
1859 1172 2244 1274 Ungaria;
2287 1178 2526 1254 Land-

258 1301 579 1397 gravius
640 1300 832 1376 liber
887 1302 1130 1376 factus
1186 1300 1260 1376 in
1319 1322 1458 1375 sua
1497 1302 1773 1377 ditione
1812 1302 2159 1399 sistatur3
2216 1305 2290 1379 in
2336 1305 2525 1402 judi-

254 1429 455 1503 cium
525 1427 751 1502 etiam
841 1417 1215 1502 camerae
1258 1433 1722 1522 augustanae
1798 1426 2286 1505 confessionis
2339 1430 2523 1507 reci-

251 1554 529 1654 piatur,
589 1552 680 1627 de
737 1552 1103 1648 religione
1160 1550 1361 1626 etde
1421 1553 1804 1648 republica
1841 1554 1918 1627 in
1975 1563 2338 1631 conventu
2395 1579 2522 1652 ge-

247 1681 537 1770 nerali,
599 1679 722 1776 qui
777 1679 974 1754 intra
1029 1685 1314 1754 sextum
1390 1701 1716 1754 mensem
1792 1682 2157 1756 celebrari
2232 1682 2521 1775 debeat,

246 1814 642 1882 tractetur.

468 1931 672 2006 Pace
707 1932 911 2005 facta
985 1931 1407 2025 landgravii
1428 1928 1623 2005 filius
1663 1931 1954 2006 domum
1991 1933 2344 2028 revertit3
2386 1932 2517 2010 Al—

245 2061 514 2134 bertus
551 2080 732 2132 vero
788 2079 1044 2154 pacem
1084 2057 1375 2131 omnino
1432 2057 1739 2155 respuit,
1797 2080 1934 2132 nec
1973 2059 2514 2138 conditionibus

249 2190 655 2258 contentus
732 2188 1181 2278 grassatur:
1256 2182 1626 2257 rhenanos
1681 2182 2058 2282 principes
2133 2186 2518 2263 vehemen-

240 2320 358 2386 ter
398 2309 719 2405 adfligit,
777 2308 1172 2383 Mauritius
1228 2308 1756 2384 Donaverdam
1814 2311 2214 2386 exercitum
2270 2313 2516 2389 tradu-

242 2438 342 2510 cit
421 2443 504 2510 et
560 2435 893 2511 secundo
934 2435 1281 2511 Danubio
1359 2435 1579 2510 mittit
1615 2436 1688 2510 in
1728 2435 2166 2531 Ungariam.
2206 2438 2322 2513 Eo
2359 2447 2513 2515 tum

241 2571 584 2661 tempore
625 2558 867 2659 Agria
905 2562 980 2636 in
1020 2561 1338 2637 maximo
1378 2569 1540 2638 erat
1575 2562 1927 2661 pericu10,
1966 2585 2158 2662 quae
2195 2564 2516 2640 maxima

240 2692 310 2765 vi
367 2688 991 2787 oppugnabatur,
1048 2688 1345 2764 amissis
1396 2693 1551 2785 jam
1620 2693 2117 2782 Temesvaro,
2194 2691 2512 2789 aliisque

237 2815 753 2906 munimentis,
813 2814 1209 2890 ditionibus
1269 2823 1343 2890 et
1382 2816 1855 2907 exercitibus,
1908 2824 1991 2892 ut
2045 2838 2274 2914 supra
2328 2815 2511 2891 dixi-

237 2964 437 3018 mus,
471 2940 862 3016 Mauritius
902 2949 1149 3016 tamen
1187 2941 1240 3018 J
1246 2941 1483 3016 aurini
1526 2949 2015 3039 opportunum
2053 2950 2343 3040 tempus
2362 2944 2511 3019 fru-

237 3078 399 3143 stra
443 3066 814 3156 contrivit,
851 3089 991 3141 nec
1029 3066 1148 3139 vel
1186 3063 1370 3140 fines
1410 3063 1752 3156 hostium,
1791 3075 1872 3142 ut
1889 3075 2092 3142 tanto
2152 3067 2511 3143 exercitui

237 3216 376 3289 par
418 3200 607 3281 erat,
651 3191 918 3287 attigit.
980 3189 1319 3265 Aderant
1353 3191 1457 3265 ibi
1497 3190 1719 3266 etiam
1760 3194 2039 3268 auxilia
2077 3192 2509 3290 hungarica,

237 3317 370 3393 sed
410 3317 812 3392 Mauritius
851 3317 1166 3392 omnium
1207 3339 1560 3392 summam
1600 3319 2001 3395 obtinebat.
2060 3318 2275 3412 Quod
2330 3343 2508 3396 vero

238 3443 325 3517 de
385 3444 557 3538 ejus
615 3441 1084 3541 expeditione
1133 3444 1523 3518 memorari
1579 3445 1840 3542 possit,
1897 3446 2037 3520 hoc
2092 3467 2309 3520 unum
2371 3451 2506 3532 est,

242 3568 444 3665 quod
497 3569 662 3663 ipse
717 3568 998 3666 primns
1048 3569 1508 3665 jaurinensis
1566 3571 1988 3646 munitionis
2039 3571 2358 3648 formam
2397 3579 2503 3647 at-

239 3717 375 3790 que
477 3694 916 3794 principium
991 3696 1188 3771 feeit.
1250 3690 1595 3773 Ceterum
1690 3706 1838 3773 tam
1916 3700 2139 3795 longe
2198 3722 2287 3773 ac
2319 3698 2494 3778 late.

245 3829 608 3918 quantum*
639 3844 774 3917 per
813 3822 1293 3898 excursiones
1336 3821 1659 3900 hostium
1697 3824 1921 3908 licuit,
1964 3825 2131 3920 agri
2169 3832 2244 3899 et
2279 3824 2502 3899 villae

249 3945 593 4046 direptae
616 3955 840 4044 atque
861 3955 1205 4023 vastatae
1224 3958 1413 4040 sunt,
1437 3956 1598 4024 cum
1617 3950 1909 4028 interim
1934 3950 2210 4025 morbis
2250 3959 2325 4026 et
2358 3949 2495 4026 fri-

240 4094 424 4167 gore
484 4075 724 4170 major
759 4097 941 4171 pars
1001 4075 1396 4174 absumpta
1454 4082 1693 4160 esset:
1751 4077 2014 4175 reliqui
2073 4084 2318 4151 tamen
2377 4100 2501 4154 au-

237 4205 489 4273 tumno
529 4198 688 4273 fere
728 4206 996 4274 exacto
1053 4200 1362 4275 rediere.
1423 4197 1711 4277 Caesar
1767 4199 2063 4278 Villaco
2122 4199 2493 4300 Oenipon·

234 4331 380 4399 tem
423 4323 641 4414 redit,
679 4326 852 4399 inde
892 4348 1055 4400 cum
1096 4326 1563 4422 germanicis,
1618 4327 2047 4426 hispanicis,
2088 4335 2162 4404 et
2219 4327 2491 4404 italicis

237 4448 492 4548 copiis,
536 4473 723 4547 quas
764 4452 1334 4556 conscripserat,
1393 4452 1848 4549 Augustam,
1875 4462 2151 4553 postea
2206 4452 2497 4551 Argen-

231 4574 461 4651 tinam
503 4577 731 4669 venit,
790 4577 892 4651 ibi
931 4577 1267 4655 Rhenum
1326 4581 1754 4673 transmisit,
1816 4605 1904 4655 ac
1954 4582 2206 4658 Metim
2265 4603 2489 4681 oppu-
