3293 5219
885 308 1040 385 436

874 527 1221 602 tumultus
1277 549 1435 602 cum
1491 526 1588 603 ad
1625 526 2020 603 exercitum
2078 519 2562 625 pervenisset,
2636 526 2729 601 ab
2785 524 3091 622 equitum

874 652 996 726 ala
1033 651 1722 746 circumveniuntur,
1765 660 1839 726 et
1875 653 2249 751 praecipui
2289 653 2555 749 quique
2594 659 2722 727 aut
2755 650 3088 726 trucidati

879 784 1050 853 sunt
1121 785 1245 853 aut
1321 778 1537 876 capti,
1628 776 1849 875 paulo
1925 780 2176 876 plures
2215 802 2430 875 quam
2485 786 2789 853 centum.
2887 773 3091 852 Cete-

873 904 959 997 ri,
1000 903 1120 1001 qui
1139 902 1587 998 refugerant,
1610 927 1841 997 arma,
1862 904 2215 1002 sclopeta,
2255 913 2329 980 et
2363 906 2439 980 id
2477 926 2710 1002 genus
2749 903 3086 1001 quaedam

876 1029 1118 1128 spolia
1170 1028 1511 1106 retulere.
1601 1030 1913 1127 Equites
1969 1053 2113 1106 non
2151 1031 2496 1106 emiserat
2543 1030 2971 1129 praefectus,
3012 1038 3086 1102 ut

877 1155 1295 1232 conclusum
1350 1157 1614 1249 fuerat,
1654 1156 2009 1254 paucitati
2048 1180 2341 1233 suorum
2379 1155 2666 1248 timens,
2723 1180 2816 1231 ne
2851 1177 3086 1229 omnes

875 1283 950 1356 in
986 1282 1272 1380 praelio
1312 1282 1708 1357 amitteret.
1731 1281 2003 1357 Dicunt
2038 1291 2315 1369 tantum
2337 1291 2695 1358 terrorem
2732 1289 2880 1355 tum
2913 1280 3087 1353 inter

875 1411 1135 1485 hostes
1178 1410 1639 1501 concitatum,
1676 1417 1756 1484 ut
1801 1407 2136 1509 plerique
2174 1409 2248 1483 in
2285 1408 2473 1507 ipsis
2512 1431 2802 1505 quoque
2840 1406 3083 1481 castris

872 1536 1233 1632 fugerent,
1254 1543 1329 1610 et
1348 1534 1678 1634 potuisse
1718 1558 1807 1610 eo
1842 1535 2126 1634 praelio
2151 1532 2427 1611 bellum
2465 1534 2679 1625 finiri,
2721 1534 2788 1608 si
2825 1532 3083 1631 praesi-

879 1662 1071 1736 dium
1093 1661 1412 1758 equitum
1450 1661 1819 1760 peditibus
1860 1661 2214 1736 affuisset.
2254 1660 2377 1736 Ab
2395 1663 2534 1737 hoe
2552 1659 2838 1757 praelio
2873 1681 3081 1754 neque

877 1797 1047 1865 ante
1104 1811 1340 1884 neque
1362 1796 1534 1885 post
1552 1766 1775 1862 ull'um
1798 1788 2256 1863 commissum
2295 1797 2444 1882 est3
2483 1811 2574 1862 ex
2612 1808 2756 1884 quo
2796 1786 2889 1860 ad
2907 1784 3081 1858 moli·

879 1914 1110 1989 endas
1130 1915 1251 1989 vel
1272 1913 1773 1989 demoliendas
1795 1936 2063 2012 operas
2077 1913 2372 1989 Turcae
2394 1912 3075 1988 omnimodamliber-

876 2048 1102 2115 tatem
1121 2041 1339 2138 nacti,
1360 2063 1588 2140 saepe
1608 2040 1706 2114 ad
1725 2041 2314 2139 oppugnationes
2351 2040 2864 2131 succedebant,
2885 2058 3078 2133 saepe
3180 2021 3185 2025 ’

876 2167 1397 2262 rejiciebantur
1434 2190 1591 2242 cum
1628 2190 1899 2264 magno
1939 2175 2012 2242 et
2046 2188 2341 2243 suorum
2371 2172 2443 2241 et
2470 2164 2791 2240 hostium
2827 2162 3078 2238 damno.

1094 2290 1196 2366 At
1240 2292 1645 2392 oppidanos
1705 2300 1780 2367 et
1832 2292 2105 2366 milites
2163 2300 2237 2367 et
2291 2292 2487 2386 ignis
2543 2289 2847 2365 missilis
2898 2288 3081 2387 copia

869 2421 1029 2517 jam
1066 2418 1471 2510 deficiebat,
1522 2442 1708 2516 quas
1748 2421 1843 2495 ob
1881 2442 2149 2513 causas
2186 2417 2473 2493 litteras
2512 2398 3079 2512 Famaugustam,

878 2545 1053 2620 item
1091 2545 1368 2620 alteras
1407 2544 1503 2619 ad
1522 2540 2047 2622 Montanenses
2068 2569 2203 2644 pro
2243 2542 2594 2619 subsidiis
2632 2542 2938 2636 mittunt,
2970 2538 3080 2615 sed

879 2670 1073 2764 capti
1126 2670 1367 2744 nuncii
1408 2680 1481 2745 et
1519 2695 1653 2768 pro
1693 2671 2209 2748 munitionibus
2249 2668 2622 2761 ostentati,
2665 2666 3079 2767 desperatio·

880 2777 1043 2869 nem
1065 2796 1296 2870 omnis
1316 2795 1534 2891 plane
1572 2821 1968 2875 succursus
2018 2798 2541 2896 significantes,
2569 2801 2809 2893 *atque
2847 2816 2965 2869 eos
3000 2790 3077 2866 ad

882 2919 1320 3018 deditionem
1336 2920 1755 2998 invitantes.
1780 2924 1852 3000 N
1855 2946 1939 2999 ec
1977 2930 2138 2999 erat
2175 2923 2432 2998 modus
2455 2930 2581 2997 aut
2598 2943 2779 3020 spes
2805 2918 3070 3010 auxilii,

881 3055 1155 3119 terram
1201 3044 1390 3118 enim
1449 3068 1734 3121 omnem
1783 3047 2170 3142 exercitus,
2226 3072 2428 3123 mare
2468 3045 2736 3122 classis
2791 3044 3077 3133 tenebat,

881 3193 1072 3269 quae
1090 3193 1453 3269 nunquam
1493 3158 1838 3269 cessavit,
1857 3198 2223 3272 nunquam
2252 3173 2550 3272 quievit.
2591 3174 2714 3247 Ita
2755 3172 3080 3247 instructa

883 3305 957 3372 et
991 3304 1257 3394 parata
1309 3321 1600 3397 semper
1642 3310 1716 3377 et
1750 3302 1825 3374 in
1856 3302 2048 3376 omni
2084 3308 2436 3399 tempore,
2461 3308 2535 3375 et
2572 3299 2665 3374 ad
2708 3320 2954 3373 omnes
2985 3319 3079 3371 oc·

883 3424 1220 3499 casiones
1274 3425 1431 3520 fuit,
1470 3426 1711 3512 Pialio
1751 3429 2312 3526 diligentissime
2350 3437 2569 3525 atque
2625 3426 3079 3502 solertissime

884 3550 979 3626 ad
1015 3535 1255 3624 omnia
1310 3560 1611 3629 attento.
1671 3554 1912 3631 Unum
1968 3564 2213 3631 tamen
2269 3555 2421 3630 illis
2476 3551 2716 3629 adhuc
2753 3553 3080 3648 relinque·

884 3676 1120 3772 batur,
1155 3684 1236 3751 ut
1290 3700 1449 3752 cum
1510 3680 1752 3774 omnia
1789 3679 2050 3755 salutis
2111 3680 2436 3756 remedia
2489 3677 2789 3753 sublata
2844 3682 3080 3763 essent,

882 3800 1075 3878 intra
1093 3805 1724 3905 suasmunitiones
1760 3797 2013 3880 fossas*
2028 3813 2253 3902 atque
2291 3826 2633 3904 aggeres,
2675 3828 2861 3900 quae
2897 3803 3084 3892 amisf

886 3926 994 4001 sis
1033 3928 1263 4003 muris
1302 3936 1522 4026 atque
1558 3929 1893 4006 omnibus
1929 3934 2545 4030 propugnaculis,
2601 3957 2739 4034 pro
2791 3940 3084 4008 extremo

883 4052 1205 4127 remedio
1241 4051 1593 4149 fecerant,
1630 4063 1866 4132 semet
1900 4063 2332 4133 tutarentur.
2391 4056 2544 4134 Sed
2596 4059 2856 4134 ultima
2889 4076 3084 4156 oppu-

883 4180 1437 4278 gnatione,quae
1453 4183 1590 4258 fuit
1623 4207 1815 4261 nono
1836 4183 2243 4283 Septembr.
2262 4186 2607 4284 apparuit
2660 4186 2836 4283 quid
2870 4181 3090 4258 valeat

885 4306 1265 4383 multitudo
1322 4309 1681 4386 adversus
1735 4312 2201 4409 paucitatem,
2241 4319 2316 4388 et
2373 4313 2548 4410 quid
2582 4314 2754 4387 item
2797 4307 3087 4405 discipli-

884 4459 979 4509 na
1016 4455 1102 4508 ac
1138 4456 1338 4509 usus.
1378 4436 1571 4512 Ante
1628 4438 1898 4513 bellum
1937 4446 2271 4536 coeptum
2319 4436 2553 4514 libelli
2590 4436 3087 4534 vulgabantur,

886 4561 1145 4664 quibus
1198 4560 1395 4637 illius
1452 4564 1770 4640 civitatis
1825 4565 2263 4642 admiranda
2300 4590 2533 4666 opera
2586 4545 3088 4665 praedicaban-
