3293 5219
789 281 891 359 32

801 507 954 573 tate
998 497 1375 597 impulsus.
1442 494 1787 571 Andreae
1826 496 2110 592 Batory
2146 493 2625 593 praefectura
2666 494 3050 571 Transsil-

800 624 1063 699 vaniae
1104 624 1415 709 collata,
1472 644 1742 718 magno
1781 621 1855 695 in
1893 621 2047 695 risu
2087 619 2367 709 dantis,
2425 619 3046 719 accipientisque:

799 749 1263 851 prudentium
1299 748 1521 824 etiam
1562 748 1836 837 dolore,
1859 747 1981 843 qui
2003 745 2322 821 validum
2362 768 2450 818 ac
2475 745 2841 840 integrum
2881 770 3050 822 eam

793 877 1268 976 provinciam,
1308 883 1382 950 et
1435 874 1571 949 hoc
1613 872 2072 972 potissimum
2121 881 2470 970 tempore,
2508 880 2772 947 norant
2808 874 3052 970 requi-

797 1025 1001 1097 rere,
1078 1003 1346 1100 quippe
1405 1001 1529 1098 qui
1584 998 1921 1074 continuo
1998 999 2326 1073 cruciatu
2402 998 2873 1075 articulorum
2954 1023 3051 1075 ex

802 1128 1162 1204 ebrietate
1230 1136 1301 1202 et
1376 1128 1682 1226 crapula
1765 1127 2080 1201 mirabili
2157 1132 2570 1203 contracto,
2656 1127 2846 1201 omni
2924 1149 3046 1224 pe-

810 1255 997 1347 dum,
1034 1276 1516 1351 manuumque
1558 1276 1694 1328 usu
1749 1252 2060 1335 amisso,
2117 1276 2206 1326 ac
2243 1252 2545 1349 pituitae
2603 1253 3013 1351 repletione
3039 1309 3056 1343 ,

805 1380 1069 1456 suimet
1107 1402 1394 1477 quoque
1435 1380 1672 1478 impos
1712 1386 1894 1455 erat.
1974 1387 2046 1452 et
2103 1377 2470 1451 Losoncio
2527 1377 2722 1451 haud
2787 1378 3054 1452 obscu-

806 1530 887 1581 re
925 1506 1200 1597 hostie,
1256 1529 1424 1580 nam
1463 1526 1792 1579 sororem
1832 1504 2066 1602 ipsius
2110 1500 2410 1578 Claram
2447 1503 2779 1600 Bathory
2819 1504 3055 1604 capti-

803 1630 1014 1707 vitati
1051 1629 1622 1728 mancipaverat.
1698 1629 1818 1703 Ea
1856 1628 2045 1704 enim
2084 1630 2280 1727 apud
2327 1628 2722 1705 Antonium
2770 1630 3061 1704 Loson-

805 1783 896 1857 cy
933 1759 1237 1833 fratrem
1275 1754 1632 1855 Stephani
1680 1756 1755 1829 in
1793 1756 2252 1832 matrimonio
2276 1735 2538 1848 fuerat,
2561 1766 2635 1832 et
2672 1780 2831 1833 cum
2873 1780 3056 1855 quo-

812 1886 978 1960 dam
1018 1882 1319 1961 Antonii
1360 1882 1609 1958 scriba
1649 1891 1904 1980 stupro
1943 1882 2322 1975 utebatur;
2363 1904 2504 1978 quo
2545 1883 2878 1982 adjutore
2902 1883 3058 1958 An-

804 2009 1076 2089 tonium
1117 2008 1498 2085 articulari
1534 2009 1790 2083 morbo
1832 2008 2384 2084 decumbentem
2424 2008 2847 2102 suffocavit,
2906 2021 3064 2085 sta-

804 2138 1078 2234 timque
1133 2136 1209 2210 in
1265 2134 1572 2210 eundem
1629 2133 2006 2209 moechum
2046 2133 2407 2234 denupsit.
2466 2135 2752 2209 Tantae
2792 2136 3062 2211 mulier

813 2271 975 2340 erat
1013 2259 1339 2336 libidinis
1360 2317 1377 2350 ,
1422 2269 1504 2335 ut
1539 2260 1613 2334 in
1651 2260 1817 2359 ipsa
1856 2260 2280 2358 captivitate
2318 2258 2678 2334 vilissima
2714 2284 3061 2360 quaeque

811 2388 1172 2485 mancipia
1210 2395 1285 2464 et
1305 2387 1651 2464 custodes
1689 2385 1785 2463 ad
1804 2387 2069 2462 coitum
2109 2409 2354 2463 secum
2393 2389 2742 2483 coegerit.
2801 2387 3060 2463 Enim-

809 2537 986 2593 vero
1042 2538 1325 2609 vereor,
1367 2540 1458 2591 ne
1514 2513 1737 2591 ullam
1795 2515 1913 2589 vel
1969 2513 2332 2590 minimam
2368 2523 2656 2614 partem
2692 2537 3064 2614 assequar

812 2665 1081 2736 eorum,
1120 2664 1310 2740 quae
1346 2664 1597 2718 omnes
1636 2642 1949 2718 omnium
1988 2650 2340 2734 aetatum,
2381 2641 2839 2741 omniumque
2877 2666 3063 2740 gen-

822 2769 997 2854 tium
1056 2768 1460 2868 scriptores
1515 2770 1838 2845 assecuti
1893 2777 2097 2860 sunt,
2157 2767 2281 2865 qui
2334 2768 2523 2844 inter
2578 2776 2864 2846 ceteras
2902 2771 3064 2845 exi-

812 2894 1000 2980 mias
1037 2894 1347 2980 virtutes
1386 2918 1479 2970 ea
1514 2895 1876 2971 felicitate
1914 2895 2029 2970 usi
2068 2901 2257 2987 sunt,
2297 2902 2376 2970 ut
2412 2894 2592 2970 nihil
2632 2903 2781 2972 tam
2818 2896 3062 2988 triste,

810 3032 958 3106 tam
1015 3020 1438 3097 miserabile
1496 3022 1593 3096 ad
1649 3019 2118 3098 scribendum
2171 3020 2598 3110 habuerint,
2660 3022 2853 3118 quod
2907 3046 3063 3099 non

812 3149 1007 3234 laeto
1069 3169 1158 3221 ac
1200 3147 1523 3244 jucundo
1599 3147 2034 3245 quandoque
2091 3147 2260 3222 stilo
2318 3156 2763 3223 commutare
2799 3158 3057 3246 potue-

812 3275 997 3369 rint,
1037 3296 1182 3371 qua
1217 3273 1580 3351 varietate
1618 3274 1826 3371 ipsos
1865 3274 2086 3348 etiam
2124 3273 2440 3349 lectores
2477 3273 2552 3349 in
2590 3275 2904 3356 lectione
2942 3300 3063 3352 re·

815 3400 1049 3487 tinere
1087 3408 1415 3498 possent.
1458 3399 1558 3475 At
1593 3400 1810 3475 nobis
1850 3400 2093 3475 omnia
2130 3399 2501 3476 contraria
2539 3401 2901 3496 eveniunt,
2931 3405 3062 3502 qui

813 3552 955 3614 uno
995 3549 1083 3602 ac
1122 3536 1478 3627 perpetuo
1514 3528 1669 3601 fato
1693 3535 1991 3602 nostras
2015 3526 2476 3603 calamitates
2515 3529 2771 3624 lugere
2809 3531 3062 3627 potius

816 3678 1033 3754 quam
1091 3654 1472 3730 historiam
1531 3655 1862 3730 scribere
1903 3654 2249 3729 videmur.
2308 3652 2521 3745 Quod
2559 3678 2773 3730 unum
2811 3666 3063 3733 tamen

815 3781 991 3858 mihi
1030 3780 1148 3856 vel
1185 3780 1501 3857 maxime
1540 3781 1936 3857 notandum
1978 3782 2285 3874 videtur,
2308 3789 2381 3856 et
2409 3783 2749 3859 monendi
2784 3806 3064 3874 omnes,

815 3917 895 3984 ut
931 3929 1196 3994 causas
1230 3906 1645 4000 advertant,
1696 3931 1856 3984 cum
1896 3933 1988 3985 ex
2024 3909 2294 4008 priscis
2333 3911 2723 3988 annalibus
2761 3920 3064 3987 nostrae

814 4033 1085 4131 gentis,
1139 4041 1290 4111 tum
1348 4056 1523 4110 vero
1562 4058 1656 4110 ex
1714 4035 1908 4113 serie
1946 4043 2362 4112 nostrorum
2401 4037 2878 4136 scriptorum3
2937 4062 3064 4115 no-

816 4170 1118 4258 stroque
1175 4163 1511 4262 exemplo
1570 4161 1714 4237 sibi
1754 4185 2006 4239 omnes
2044 4162 2322 4256 norint,
2381 4164 2750 4263 velintque
2807 4187 3064 4242 consu-

819 4289 995 4373 lere.
1051 4287 1104 4366 J
1110 4311 1229 4394 am
1281 4311 1539 4370 rursus
1595 4289 1694 4364 ad
1749 4288 2299 4372 Ferdinandum
2356 4298 2832 4367 revertamur.
2913 4291 3062 4367 Vix

822 4413 1014 4501 enim
1051 4411 1694 4500 Transsilvaniam
1731 4425 1804 4491 et
1824 4426 2072 4493 cetera
2120 4417 2216 4491 ab
2257 4415 2516 4514 regina
2545 4419 2699 4513 jam
2739 4418 3064 4516 perditio

821 4549 1147 4640 ceperat.
1184 4547 1258 4626 et
1312 4541 1437 4619 vix
1493 4545 1758 4632 effatus
1812 4543 1945 4619 illa
1999 4542 2390 4641 splendida
2463 4567 2551 4618 ac
2606 4545 2842 4636 laeta,
2900 4567 3063 4621 cum
