3293 5219
2360 272 2513 351 217

262 518 441 570 vero
481 504 636 571 tum
678 518 760 568 se
798 497 989 569 bene
1030 492 1328 586 habere,
1378 502 1453 567 et
1488 494 2006 592 imperatorem
2047 515 2235 580 esse,
2277 515 2505 587 quan-

259 623 349 696 do
371 622 647 697 bellum
666 644 811 695 non
832 622 1255 713 sustineret,
1296 628 1584 719 putans,
1624 622 1720 695 ad
1759 621 1912 695 alia
1947 620 2262 694 animum
2303 617 2500 713 adje-

257 755 481 841 cerat,
521 757 603 823 ut
642 748 992 823 videlicet
1031 745 1413 844 imperium
1434 752 1716 820 mature
1754 745 1850 821 ad
1886 752 2227 842 posteros
2266 738 2504 818 transss

251 876 505 949 ferret.
545 873 769 965 Quod
807 879 886 948 ut
923 873 1163 970 magis
1203 896 1298 950 ex
1338 872 1734 948 autoritate
1772 880 1847 946 et
1886 894 1975 945 ex
2012 893 2151 947 usu
2187 871 2494 958 faceret,

259 1001 333 1073 in
411 1009 847 1076 conventum
960 999 1420 1075 bohemicum
1512 998 1838 1094 Pragam
1930 999 2107 1073 XII.
2187 992 2493 1070 Calend.

265 1124 641 1200 Octobres
687 1126 908 1216 venit,
949 1133 1024 1199 et
1078 1125 1182 1200 ibi
1235 1148 1328 1198 ex
1373 1124 1668 1221 publico
1710 1124 1922 1219 regni
1960 1123 2256 1198 decreto
2297 1120 2502 1196 inau-

262 1252 731 1346 gurationem
771 1250 1263 1326 Maximiliani
1299 1248 1434 1323 filii
1490 1250 1566 1322 iu
1605 1256 2035 1345 sequentem
2074 1270 2344 1322 annum
2384 1246 2503 1319 de-

252 1377 526 1469 cernit3
584 1398 824 1472 neque
883 1375 1083 1450 aliud
1144 1373 1412 1449 deinde
1467 1373 1675 1471 prius
1734 1373 1907 1469 egit,
1959 1396 2176 1470 quam
2215 1393 2505 1446 succes-

248 1525 493 1578 sorem
570 1509 1043 1600 paternorum
1126 1520 1522 1595 regnorum
1580 1508 1800 1595 atque
1854 1498 2139 1597 imperii
2199 1495 2506 1573 videret.

247 1628 547 1705 Etenim
585 1628 660 1701 in
726 1624 1137 1702 Germania
1175 1648 1445 1721 magno
1487 1625 1652 1698 nisu
1693 1625 1887 1723 apud
1926 1626 2313 1701 Electores
2353 1647 2505 1698 rem

251 1752 730 1829 sollicitabat.
790 1752 1216 1844 Quiescenti
1265 1752 1341 1825 in
1384 1752 1959 1826 Transsilvania
2013 1751 2065 1827 J
2071 1751 2343 1825 ohauni
2371 1772 2505 1848 per

251 1878 711 1953 induciarum
790 1878 1272 1968 conditiones,
1331 1880 1658 1973 majores
1736 1876 2208 1952 difficultates
2278 1884 2502 1979 atque

247 2005 539 2095 damna,
615 2027 833 2101 quam
873 2002 1073 2078 bello
1130 2005 1426 2099 objecta
1464 2010 1652 2093 sunt,
1692 2010 1773 2078 ut
1810 2010 2178 2099 sequetur.
2254 2001 2505 2076 Prima

247 2130 572 2228 proditio
628 2132 704 2204 in
745 2136 968 2227 caput
1031 2130 1187 2219 fuit,
1245 2128 1635 2203 Lactantio
1691 2129 1872 2203 italo
1920 2128 2265 2203 indicium
2303 2127 2502 2202 defe-

247 2264 476 2331 rente.
555 2255 1034 2355 Heronymus
1114 2254 1412 2329 italicus
1502 2256 1719 2330 homo
1813 2252 2306 2344 citharoedae,
2406 2253 2501 2326 ab

247 2380 612 2457 Gabriele
643 2386 919 2478 Juvene
981 2405 1261 2457 morum
1308 2381 1885 2479 corruptissimo,
1941 2379 2143 2453 illius
2184 2377 2501 2476 Stepha-

245 2509 318 2581 ni
357 2507 677 2583 Mailath
734 2508 907 2597 filio,
984 2509 1060 2581 in
1137 2508 1349 2602 quus
1412 2507 1832 2604 proditione
1886 2505 2503 2602 vindicandapa-

246 2645 360 2711 ter
420 2643 752 2710 mortuus
849 2636 1113 2724 fuerat,
1173 2633 1465 2709 Vienna
1520 2635 1616 2707 ad
1711 2635 2012 2710 caedem
2067 2641 2500 2732 perpetran-

244 2761 414 2837 dam
456 2763 866 2837 conductus
888 2762 1043 2853 fuit,
1069 2771 1144 2837 et
1163 2768 1327 2836 arte
1350 2762 1682 2836 citharae
1702 2762 1754 2838 J
1760 2762 2031 2837 ohanni
2068 2761 2504 2839 insinuatus.

244 2889 370 2986 qui
446 2890 522 2962 in
600 2890 960 2964 citharam
1020 2891 1429 2985 sclopetum
1485 2886 1996 2963 absconditum
2051 2886 2500 2961 industriose

240 3024 673 3111 paraverat.
718 3014 865 3089 Per
921 3014 1346 3088 testimonia
1386 3036 1567 3108 ergo
1626 3022 1703 3087 et
1738 3013 2011 3088 iudicia
2067 3012 2506 3104 certissima,

242 3163 409 3215 cum
450 3141 675 3216 etiam
735 3143 1143 3238 sclopetum
1199 3139 1737 3237 deprehensum
1795 3148 2018 3232 esset,
2094 3138 2508 3236 majestatis

255 3266 649 3342 damnatus
692 3275 810 3342 est
849 3269 1079 3357 (nono
1123 3266 1242 3341 die
1263 3268 1541 3344 mensis
1582 3269 1634 3345 J
1640 3268 1810 3359 unii,
1870 3276 1945 3342 et
1983 3274 2247 3364 captus
2295 3272 2508 3339 sexto
2543 3323 2554 3333 .

245 3390 425 3483 die).
471 3390 790 3468 Gabriel
829 3392 1144 3472 Mailath
1205 3393 1545 3468 celeriter
1619 3395 1694 3467 in
1768 3393 2154 3469 Poloniam
2240 3397 2510 3474 relicta

239 3540 474 3593 uxore
536 3527 609 3592 et
647 3520 863 3593 bouis
919 3518 1274 3616 profugit,
1297 3520 1601 3610 veritus,
1661 3544 1752 3594 ne
1811 3520 2168 3596 obsessus
2215 3523 2290 3596 in
2328 3547 2501 3599 arce

243 3642 617 3740 Fogaras,
658 3652 738 3718 ut
772 3645 934 3741 ipse
970 3652 1187 3743 pater
1207 3654 1379 3720 ante
1418 3647 1572 3736 fuit,
1597 3645 1908 3720 eandem
1947 3669 2164 3742 quam
2204 3656 2279 3721 et
2298 3655 2510 3745 pater

239 3791 560 3864 poenam
603 3769 859 3843 lueret.
918 3768 1181 3843 Eidem
1257 3779 1500 3846 tamen
1531 3770 1827 3868 profuit,
1864 3771 2057 3868 quod
2096 3794 2312 3845 soror
2350 3775 2512 3868 ejus
2618 3847 2626 3854 ,

241 3894 445 3990 apud
541 3891 919 3969 Andream
974 3896 1325 3969 Batorem
1404 3896 1493 3969 de
1570 3893 1849 3969 Somlio
1901 3896 1976 3969 in
2048 3895 2508 3973 matrimonio

239 4019 417 4115 fuit3
457 4019 588 4095 ille
627 4021 817 4094 enim
881 4022 1194 4097 cubiculi
1249 4023 1441 4118 regii
1515 4024 1965 4119 praefectus,
2022 4031 2094 4097 et
2130 4030 2282 4097 tum
2322 4047 2511 4099 sum-

240 4168 406 4218 mae
469 4145 917 4236 autoritatisa
996 4148 1308 4242 gratiam
1389 4149 1455 4221 ei
1495 4148 1937 4245 impetravit.
2007 4148 2510 4248 Hieronymus

239 4274 460 4348 etiam
501 4275 778 4348 atrocis
803 4273 1115 4349 sceleris
1156 4283 1456 4350 auctore
1487 4277 1800 4368 detecte,
1839 4286 2232 4374 postquam
2271 4278 2340 4353 ei
2378 4279 2507 4353 im·

238 4400 556 4473 munitas
617 4400 985 4493 promissa
1027 4409 1247 4488 esset,
1269 4425 1499 4496 regno
1539 4411 1825 4476 tantum
1849 4405 2050 4476 exire
2067 4406 2325 4497 Jussus
2369 4412 2504 4477 est.

243 4525 524 4598 Eodem
584 4533 932 4599 autumno
1011 4527 1345 4602 Jacobus
1404 4527 1775 4601 Basilicus
1838 4528 2281 4602 Heraclides
2362 4529 2509 4602 dic-
