<?xml version="1.0" encoding="UTF-8"?>
<!DOCTYPE html PUBLIC "-//W3C//DTD XHTML 1.0 Transitional//EN"
    "http://www.w3.org/TR/xhtml1/DTD/xhtml1-transitional.dtd">
<html xmlns="http://www.w3.org/1999/xhtml" xml:lang="en" lang="en">
 <head>
  <title>
</title>
<meta http-equiv="Content-Type" content="text/html;charset=utf-8" />
  <meta name='ocr-system' content='tesseract 3.04.00' />
  <meta name='ocr-capabilities' content='ocr_page ocr_carea ocr_par ocr_line ocrx_word'/>
</head>
<body>
  <div class='ocr_page' id='page_1' title='image "./magyarhistorija00bpgoog/magyarhistorija00bpgoog_0557.png"; bbox 0 0 3293 5219; ppageno 0'>
   <div class='ocr_carea' id='block_1_1' title="bbox 2354 322 2513 401">
    <p class='ocr_par' dir='ltr' id='par_1_1' title="bbox 2354 322 2513 401">
     <span class='ocr_line' id='line_1_1' title="bbox 2354 322 2513 401; baseline -0.006 0"><span class='ocrx_word' id='word_1_1' title='bbox 2354 322 2513 401; x_wconf 79' lang='lat'><strong>437</strong></span> 
     </span>
    </p>
   </div>
   <div class='ocr_carea' id='block_1_2' title="bbox 255 538 2519 4683">
    <p class='ocr_par' dir='ltr' id='par_1_2' title="bbox 255 538 2519 4683">
     <span class='ocr_line' id='line_1_2' title="bbox 270 538 2516 638; baseline -0.001 -18"><span class='ocrx_word' id='word_1_2' title='bbox 270 551 409 636; x_wconf 91' lang='lat' dir='ltr'><strong>tur,</strong></span> <span class='ocrx_word' id='word_1_3' title='bbox 449 541 812 618; x_wconf 91' lang='lat' dir='ltr'><strong>hominum</strong></span> <span class='ocrx_word' id='word_1_4' title='bbox 871 562 1048 614; x_wconf 87' lang='lat' dir='ltr'><strong>vero</strong></span> <span class='ocrx_word' id='word_1_5' title='bbox 1087 546 1161 615; x_wconf 87' lang='lat' dir='ltr'><strong>et</strong></span> <span class='ocrx_word' id='word_1_6' title='bbox 1214 538 1537 637; x_wconf 91' lang='lat' dir='ltr'><strong>peditum</strong></span> <span class='ocrx_word' id='word_1_7' title='bbox 1575 548 1651 615; x_wconf 89' lang='lat' dir='ltr'><strong>et</strong></span> <span class='ocrx_word' id='word_1_8' title='bbox 1704 540 2025 638; x_wconf 88' lang='lat' dir='ltr'><strong>equitum</strong></span> <span class='ocrx_word' id='word_1_9' title='bbox 2062 541 2403 617; x_wconf 90' lang='lat' dir='ltr'><strong>italorum</strong></span> <span class='ocrx_word' id='word_1_10' title='bbox 2441 547 2516 617; x_wconf 89' lang='lat' dir='ltr'><strong>et</strong></span> 
     </span>
     <span class='ocr_line' id='line_1_3' title="bbox 267 665 2511 767; baseline -0.001 -22"><span class='ocrx_word' id='word_1_11' title='bbox 267 692 706 767; x_wconf 84' lang='lat' dir='ltr'><strong>graecorum</strong></span> <span class='ocrx_word' id='word_1_12' title='bbox 757 665 1086 763; x_wconf 85' lang='lat' dir='ltr'><strong>ingentia</strong></span> <span class='ocrx_word' id='word_1_13' title='bbox 1137 665 1444 740; x_wconf 89' lang='lat' dir='ltr'><strong>robora:</strong></span> <span class='ocrx_word' id='word_1_14' title='bbox 1504 688 1663 741; x_wconf 93' lang='lat' dir='ltr'><strong>cum</strong></span> <span class='ocrx_word' id='word_1_15' title='bbox 1719 760 1725 766; x_wconf 14' lang='grc' dir='ltr'><strong>ὓ</strong></span> <span class='ocrx_word' id='word_1_16' title='bbox 1735 674 2000 764; x_wconf 89' lang='lat' dir='ltr'><strong>postea</strong></span> <span class='ocrx_word' id='word_1_17' title='bbox 2059 674 2511 767; x_wconf 84' lang='lat' dir='ltr'><strong>compertum</strong></span> 
     </span>
     <span class='ocr_line' id='line_1_4' title="bbox 270 783 2512 891; baseline -0.001 -19"><span class='ocrx_word' id='word_1_18' title='bbox 270 797 369 872; x_wconf 91' lang='lat' dir='ltr'><strong>sit</strong></span> <span class='ocrx_word' id='word_1_19' title='bbox 404 783 688 890; x_wconf 87' lang='lat' dir='ltr'><strong>eventu,</strong></span> <span class='ocrx_word' id='word_1_20' title='bbox 743 795 869 869; x_wconf 83' lang='lat' dir='ltr'><strong>vix</strong></span> <span class='ocrx_word' id='word_1_21' title='bbox 909 791 1252 891; x_wconf 87' lang='lat' dir='ltr'><strong>quicquid</strong></span> <span class='ocrx_word' id='word_1_22' title='bbox 1306 791 1630 886; x_wconf 85' lang='lat' dir='ltr'><strong>gentium</strong></span> <span class='ocrx_word' id='word_1_23' title='bbox 1667 792 1743 865; x_wconf 94' lang='lat' dir='ltr'><strong>in</strong></span> <span class='ocrx_word' id='word_1_24' title='bbox 1796 789 1955 867; x_wconf 84' lang='lat' dir='ltr'><strong>tota</strong></span> <span class='ocrx_word' id='word_1_25' title='bbox 1990 793 2232 870; x_wconf 88' lang='lat' dir='ltr'><strong>insula</strong></span> <span class='ocrx_word' id='word_1_26' title='bbox 2267 793 2512 884; x_wconf 87' lang='lat' dir='ltr'><strong>fuerit,</strong></span> 
     </span>
     <span class='ocr_line' id='line_1_5' title="bbox 269 917 2515 1015; baseline -0 -19"><span class='ocrx_word' id='word_1_27' title='bbox 269 923 393 999; x_wconf 87' lang='lat' dir='ltr'><strong>vel</strong></span> <span class='ocrx_word' id='word_1_28' title='bbox 431 922 527 997; x_wconf 88' lang='lat' dir='ltr'><strong>ad</strong></span> <span class='ocrx_word' id='word_1_29' title='bbox 580 944 798 996; x_wconf 89' lang='lat' dir='ltr'><strong>unam</strong></span> <span class='ocrx_word' id='word_1_30' title='bbox 854 918 1226 993; x_wconf 86' lang='lat' dir='ltr'><strong>civitatum</strong></span> <span class='ocrx_word' id='word_1_31' title='bbox 1306 917 1492 993; x_wconf 89' lang='lat' dir='ltr'><strong>satis</strong></span> <span class='ocrx_word' id='word_1_32' title='bbox 1544 917 1899 1015; x_wconf 87' lang='lat' dir='ltr'><strong>praesidii</strong></span> <span class='ocrx_word' id='word_1_33' title='bbox 1950 919 2203 1012; x_wconf 88' lang='lat' dir='ltr'><strong>fuisse,</strong></span> <span class='ocrx_word' id='word_1_34' title='bbox 2277 919 2515 995; x_wconf 89' lang='lat' dir='ltr'><strong>missi-</strong></span> 
     </span>
     <span class='ocr_line' id='line_1_6' title="bbox 268 1040 2512 1141; baseline -0.001 -17"><span class='ocrx_word' id='word_1_35' title='bbox 268 1050 447 1124; x_wconf 88' lang='lat' dir='ltr'><strong>lium</strong></span> <span class='ocrx_word' id='word_1_36' title='bbox 539 1070 685 1122; x_wconf 92' lang='lat' dir='ltr'><strong>non</strong></span> <span class='ocrx_word' id='word_1_37' title='bbox 776 1045 880 1119; x_wconf 85' lang='lat' dir='ltr'><strong>ita</strong></span> <span class='ocrx_word' id='word_1_38' title='bbox 971 1066 1312 1140; x_wconf 86' lang='lat' dir='ltr'><strong>magnam</strong></span> <span class='ocrx_word' id='word_1_39' title='bbox 1395 1042 1697 1141; x_wconf 89' lang='lat' dir='ltr'><strong>copiam.</strong></span> <span class='ocrx_word' id='word_1_40' title='bbox 1756 1040 1950 1118; x_wconf 90' lang='lat' dir='ltr'><strong>Ante</strong></span> <span class='ocrx_word' id='word_1_41' title='bbox 2040 1051 2275 1119; x_wconf 87' lang='lat' dir='ltr'><strong>ortum</strong></span> <span class='ocrx_word' id='word_1_42' title='bbox 2328 1046 2512 1121; x_wconf 87' lang='lat' dir='ltr'><strong>solis</strong></span> 
     </span>
     <span class='ocr_line' id='line_1_7' title="bbox 266 1169 2514 1274; baseline -0.001 -24"><span class='ocrx_word' id='word_1_43' title='bbox 266 1174 630 1274; x_wconf 89' lang='lat' dir='ltr'><strong>praelium</strong></span> <span class='ocrx_word' id='word_1_44' title='bbox 668 1170 1083 1248; x_wconf 89' lang='lat' dir='ltr'><strong>inchoatum</strong></span> <span class='ocrx_word' id='word_1_45' title='bbox 1139 1177 1272 1246; x_wconf 91' lang='lat' dir='ltr'><strong>est.</strong></span> <span class='ocrx_word' id='word_1_46' title='bbox 1291 1169 1582 1267; x_wconf 87' lang='lat' dir='ltr'><strong>Pagani</strong></span> <span class='ocrx_word' id='word_1_47' title='bbox 1636 1178 1881 1245; x_wconf 88' lang='lat' dir='ltr'><strong>tamen</strong></span> <span class='ocrx_word' id='word_1_48' title='bbox 1935 1193 2097 1246; x_wconf 91' lang='lat' dir='ltr'><strong>cum</strong></span> <span class='ocrx_word' id='word_1_49' title='bbox 2150 1173 2514 1248; x_wconf 89' lang='lat' dir='ltr'><strong>sustinere</strong></span> 
     </span>
     <span class='ocr_line' id='line_1_8' title="bbox 264 1293 2514 1396; baseline -0.001 -22"><span class='ocrx_word' id='word_1_50' title='bbox 264 1302 345 1375; x_wconf 94' lang='lat' dir='ltr'><strong>in</strong></span> <span class='ocrx_word' id='word_1_51' title='bbox 398 1323 536 1374; x_wconf 97' lang='grc'><strong>8118</strong></span> <span class='ocrx_word' id='word_1_52' title='bbox 573 1298 891 1374; x_wconf 88' lang='lat' dir='ltr'><strong>statione</strong></span> <span class='ocrx_word' id='word_1_53' title='bbox 927 1298 1214 1374; x_wconf 88' lang='lat' dir='ltr'><strong>hostem</strong></span> <span class='ocrx_word' id='word_1_54' title='bbox 1231 1319 1377 1372; x_wconf 93' lang='lat' dir='ltr'><strong>non</strong></span> <span class='ocrx_word' id='word_1_55' title='bbox 1414 1297 1827 1393; x_wconf 88' lang='lat' dir='ltr'><strong>potuissent</strong></span> <span class='ocrx_word' id='word_1_56' title='bbox 1857 1293 1962 1396; x_wconf 89' lang='lat' dir='ltr'><strong>(et</strong></span> <span class='ocrx_word' id='word_1_57' title='bbox 2018 1304 2231 1374; x_wconf 90' lang='lat' dir='ltr'><strong>erant</strong></span> <span class='ocrx_word' id='word_1_58' title='bbox 2294 1298 2514 1394; x_wconf 91' lang='lat' dir='ltr'><strong>pleri-</strong></span> 
     </span>
     <span class='ocr_line' id='line_1_9' title="bbox 269 1421 2513 1526; baseline -0.002 -22"><span class='ocrx_word' id='word_1_59' title='bbox 269 1421 441 1526; x_wconf 88' lang='lat' dir='ltr'><strong>que)</strong></span> <span class='ocrx_word' id='word_1_60' title='bbox 497 1426 713 1524; x_wconf 92' lang='lat' dir='ltr'><strong>primi</strong></span> <span class='ocrx_word' id='word_1_61' title='bbox 766 1425 840 1498; x_wconf 90' lang='lat' dir='ltr'><strong>in</strong></span> <span class='ocrx_word' id='word_1_62' title='bbox 892 1425 1142 1520; x_wconf 84' lang='lat' dir='ltr'><strong>fugam</strong></span> <span class='ocrx_word' id='word_1_63' title='bbox 1197 1425 1534 1501; x_wconf 86' lang='lat' dir='ltr'><strong>conversi</strong></span> <span class='ocrx_word' id='word_1_64' title='bbox 1596 1431 1785 1517; x_wconf 89' lang='lat' dir='ltr'><strong>sunt,</strong></span> <span class='ocrx_word' id='word_1_65' title='bbox 1842 1433 1918 1500; x_wconf 89' lang='lat' dir='ltr'><strong>et</strong></span> <span class='ocrx_word' id='word_1_66' title='bbox 1969 1425 2185 1523; x_wconf 92' lang='lat' dir='ltr'><strong>primi</strong></span> <span class='ocrx_word' id='word_1_67' title='bbox 2240 1423 2513 1501; x_wconf 89' lang='lat' dir='ltr'><strong>aditum</strong></span> 
     </span>
     <span class='ocr_line' id='line_1_10' title="bbox 264 1551 2517 1630; baseline -0.001 -2"><span class='ocrx_word' id='word_1_68' title='bbox 264 1552 606 1630; x_wconf 77' lang='lat' dir='ltr'><strong>hostibus</strong></span> <span class='ocrx_word' id='word_1_69' title='bbox 661 1572 1117 1628; x_wconf 77' lang='lat' dir='ltr'><strong>concessere.</strong></span> <span class='ocrx_word' id='word_1_70' title='bbox 1192 1552 1311 1626; x_wconf 89' lang='lat' dir='ltr'><strong>Ita</strong></span> <span class='ocrx_word' id='word_1_71' title='bbox 1346 1573 1470 1625; x_wconf 90' lang='lat' dir='ltr'><strong>res</strong></span> <span class='ocrx_word' id='word_1_72' title='bbox 1528 1551 1623 1625; x_wconf 88' lang='lat' dir='ltr'><strong>ad</strong></span> <span class='ocrx_word' id='word_1_73' title='bbox 1680 1551 1948 1626; x_wconf 89' lang='lat' dir='ltr'><strong>caedes</strong></span> <span class='ocrx_word' id='word_1_74' title='bbox 2004 1574 2363 1627; x_wconf 87' lang='lat' dir='ltr'><strong>conversa</strong></span> <span class='ocrx_word' id='word_1_75' title='bbox 2399 1558 2517 1626; x_wconf 89' lang='lat' dir='ltr'><strong>est</strong></span> 
     </span>
     <span class='ocr_line' id='line_1_11' title="bbox 266 1677 2518 1777; baseline -0 -22"><span class='ocrx_word' id='word_1_76' title='bbox 266 1679 760 1769; x_wconf 70' lang='lat' dir='ltr'><strong>admirandae,</strong></span> <span class='ocrx_word' id='word_1_77' title='bbox 798 1700 885 1752; x_wconf 90' lang='lat' dir='ltr'><strong>eo</strong></span> <span class='ocrx_word' id='word_1_78' title='bbox 913 1699 1166 1774; x_wconf 88' lang='lat' dir='ltr'><strong>usqne,</strong></span> <span class='ocrx_word' id='word_1_79' title='bbox 1224 1677 1454 1753; x_wconf 90' lang='lat' dir='ltr'><strong>donec</strong></span> <span class='ocrx_word' id='word_1_80' title='bbox 1506 1677 1908 1777; x_wconf 88' lang='lat' dir='ltr'><strong>Mustapha</strong></span> <span class='ocrx_word' id='word_1_81' title='bbox 1978 1679 2208 1756; x_wconf 88' lang='lat' dir='ltr'><strong>bassa</strong></span> <span class='ocrx_word' id='word_1_82' title='bbox 2237 1679 2352 1772; x_wconf 91' lang='lat' dir='ltr'><strong>iis,</strong></span> <span class='ocrx_word' id='word_1_83' title='bbox 2393 1677 2518 1775; x_wconf 87' lang='lat' dir='ltr'><strong>qui</strong></span> 
     </span>
     <span class='ocr_line' id='line_1_12' title="bbox 267 1802 2515 1902; baseline -0.002 -19"><span class='ocrx_word' id='word_1_84' title='bbox 267 1830 477 1883; x_wconf 89' lang='lat' dir='ltr'><strong>arma</strong></span> <span class='ocrx_word' id='word_1_85' title='bbox 550 1804 1023 1901; x_wconf 88' lang='lat' dir='ltr'><strong>abjecissent,</strong></span> <span class='ocrx_word' id='word_1_86' title='bbox 1077 1803 1287 1902; x_wconf 90' lang='lat' dir='ltr'><strong>parci</strong></span> <span class='ocrx_word' id='word_1_87' title='bbox 1316 1802 1562 1900; x_wconf 85' lang='lat' dir='ltr'><strong>jussit,</strong></span> <span class='ocrx_word' id='word_1_88' title='bbox 1622 1813 1697 1878; x_wconf 88' lang='lat' dir='ltr'><strong>et</strong></span> <span class='ocrx_word' id='word_1_89' title='bbox 1735 1829 1782 1880; x_wconf 89' lang='lat' dir='ltr'><strong>a</strong></span> <span class='ocrx_word' id='word_1_90' title='bbox 1816 1804 2042 1880; x_wconf 89' lang='lat' dir='ltr'><strong>caede</strong></span> <span class='ocrx_word' id='word_1_91' title='bbox 2097 1804 2364 1880; x_wconf 82' lang='lat' dir='ltr'><strong>milites</strong></span> <span class='ocrx_word' id='word_1_92' title='bbox 2402 1827 2515 1879; x_wconf 90' lang='lat' dir='ltr'><strong>re-</strong></span> 
     </span>
     <span class='ocr_line' id='line_1_13' title="bbox 263 1930 2515 2009; baseline -0 -2"><span class='ocrx_word' id='word_1_93' title='bbox 263 1932 583 2009; x_wconf 88' lang='lat' dir='ltr'><strong>vocavit.</strong></span> <span class='ocrx_word' id='word_1_94' title='bbox 622 1930 1061 2006; x_wconf 84' lang='lat' dir='ltr'><strong>Praefectus</strong></span> <span class='ocrx_word' id='word_1_95' title='bbox 1118 1938 1193 2006; x_wconf 89' lang='lat' dir='ltr'><strong>et</strong></span> <span class='ocrx_word' id='word_1_96' title='bbox 1230 1930 1360 2005; x_wconf 90' lang='lat' dir='ltr'><strong>alii</strong></span> <span class='ocrx_word' id='word_1_97' title='bbox 1400 1954 1653 2008; x_wconf 89' lang='lat' dir='ltr'><strong>omnes</strong></span> <span class='ocrx_word' id='word_1_98' title='bbox 1705 1932 1950 2007; x_wconf 90' lang='lat' dir='ltr'><strong>occisi.</strong></span> <span class='ocrx_word' id='word_1_99' title='bbox 1987 1933 2105 2007; x_wconf 84' lang='lat' dir='ltr'><strong>Ex</strong></span> <span class='ocrx_word' id='word_1_100' title='bbox 2143 1932 2515 2008; x_wconf 87' lang='lat' dir='ltr'><strong>nobilibus</strong></span> 
     </span>
     <span class='ocr_line' id='line_1_14' title="bbox 266 2051 2249 2155; baseline -0.002 -19"><span class='ocrx_word' id='word_1_101' title='bbox 266 2051 707 2155; x_wconf 79' lang='lat' dir='ltr'><strong>adtriginta</strong></span> <span class='ocrx_word' id='word_1_102' title='bbox 744 2056 895 2129; x_wconf 87' lang='lat' dir='ltr'><strong>vivi</strong></span> <span class='ocrx_word' id='word_1_103' title='bbox 933 2056 1150 2153; x_wconf 91' lang='lat' dir='ltr'><strong>capti,</strong></span> <span class='ocrx_word' id='word_1_104' title='bbox 1190 2079 1283 2130; x_wconf 83' lang='lat' dir='ltr'><strong>ex</strong></span> <span class='ocrx_word' id='word_1_105' title='bbox 1320 2057 1541 2154; x_wconf 88' lang='lat' dir='ltr'><strong>plebe</strong></span> <span class='ocrx_word' id='word_1_106' title='bbox 1578 2058 1754 2133; x_wconf 90' lang='lat' dir='ltr'><strong>item</strong></span> <span class='ocrx_word' id='word_1_107' title='bbox 1791 2058 1987 2133; x_wconf 91' lang='lat' dir='ltr'><strong>haud</strong></span> <span class='ocrx_word' id='word_1_108' title='bbox 2023 2058 2249 2133; x_wconf 88' lang='lat' dir='ltr'><strong>multi.</strong></span> 
     </span>
     <span class='ocr_line' id='line_1_15' title="bbox 481 2182 2513 2271; baseline -0.001 -10"><span class='ocrx_word' id='word_1_109' title='bbox 481 2186 781 2261; x_wconf 88' lang='lat' dir='ltr'><strong>Interea</strong></span> <span class='ocrx_word' id='word_1_110' title='bbox 833 2191 1100 2259; x_wconf 89' lang='lat' dir='ltr'><strong>veneta</strong></span> <span class='ocrx_word' id='word_1_111' title='bbox 1155 2184 1419 2259; x_wconf 88' lang='lat' dir='ltr'><strong>classis</strong></span> <span class='ocrx_word' id='word_1_112' title='bbox 1473 2186 1550 2260; x_wconf 91' lang='lat' dir='ltr'><strong>in</strong></span> <span class='ocrx_word' id='word_1_113' title='bbox 1604 2182 1831 2261; x_wconf 83' lang='lat' dir='ltr'><strong>Creta</strong></span> <span class='ocrx_word' id='word_1_114' title='bbox 1868 2186 2110 2263; x_wconf 89' lang='lat' dir='ltr'><strong>insula</strong></span> <span class='ocrx_word' id='word_1_115' title='bbox 2164 2185 2513 2271; x_wconf 87' lang='lat' dir='ltr'><strong>consedit,</strong></span> 
     </span>
     <span class='ocr_line' id='line_1_16' title="bbox 260 2311 2514 2412; baseline -0.002 -22"><span class='ocrx_word' id='word_1_116' title='bbox 260 2339 349 2390; x_wconf 89' lang='lat' dir='ltr'><strong>ac</strong></span> <span class='ocrx_word' id='word_1_117' title='bbox 385 2312 652 2412; x_wconf 89' lang='lat' dir='ltr'><strong>partim</strong></span> <span class='ocrx_word' id='word_1_118' title='bbox 672 2311 922 2409; x_wconf 89' lang='lat' dir='ltr'><strong>inopia</strong></span> <span class='ocrx_word' id='word_1_119' title='bbox 940 2333 1295 2403; x_wconf 89' lang='lat' dir='ltr'><strong>annonae,</strong></span> <span class='ocrx_word' id='word_1_120' title='bbox 1326 2312 1596 2409; x_wconf 89' lang='lat' dir='ltr'><strong>partim</strong></span> <span class='ocrx_word' id='word_1_121' title='bbox 1614 2312 2008 2388; x_wconf 86' lang='lat' dir='ltr'><strong>insolentia</strong></span> <span class='ocrx_word' id='word_1_122' title='bbox 2024 2313 2241 2405; x_wconf 66' lang='lat' dir='ltr'><strong>aeris,</strong></span> <span class='ocrx_word' id='word_1_123' title='bbox 2281 2311 2514 2388; x_wconf 93' lang='lat' dir='ltr'><strong>omnis</strong></span> 
     </span>
     <span class='ocr_line' id='line_1_17' title="bbox 257 2435 2519 2537; baseline -0.001 -22"><span class='ocrx_word' id='word_1_124' title='bbox 257 2438 585 2516; x_wconf 90' lang='lat' dir='ltr'><strong>classica</strong></span> <span class='ocrx_word' id='word_1_125' title='bbox 594 2436 973 2514; x_wconf 87' lang='lat' dir='ltr'><strong>multitudo</strong></span> <span class='ocrx_word' id='word_1_126' title='bbox 985 2435 1739 2535; x_wconf 79' lang='lat' dir='ltr'><strong>afflictata3hominum</strong></span> <span class='ocrx_word' id='word_1_127' title='bbox 1751 2440 1850 2514; x_wconf 87' lang='lat' dir='ltr'><strong>ad</strong></span> <span class='ocrx_word' id='word_1_128' title='bbox 1859 2439 2348 2537; x_wconf 84' lang='lat' dir='ltr'><strong>quadraginta</strong></span> <span class='ocrx_word' id='word_1_129' title='bbox 2357 2438 2519 2513; x_wconf 87' lang='lat' dir='ltr'><strong>mil·</strong></span> 
     </span>
     <span class='ocr_line' id='line_1_18' title="bbox 259 2556 2514 2665; baseline -0 -24"><span class='ocrx_word' id='word_1_130' title='bbox 259 2565 367 2641; x_wconf 89' lang='lat' dir='ltr'><strong>lia</strong></span> <span class='ocrx_word' id='word_1_131' title='bbox 422 2563 843 2640; x_wconf 87' lang='lat' dir='ltr'><strong>desiderata</strong></span> <span class='ocrx_word' id='word_1_132' title='bbox 866 2570 1051 2640; x_wconf 89' lang='grc'><strong>811111.</strong></span> <span class='ocrx_word' id='word_1_133' title='bbox 1077 2556 1425 2639; x_wconf 82' lang='lat' dir='ltr'><strong>Attamen</strong></span> <span class='ocrx_word' id='word_1_134' title='bbox 1445 2586 1693 2640; x_wconf 90' lang='lat' dir='ltr'><strong>eorum</strong></span> <span class='ocrx_word' id='word_1_135' title='bbox 1712 2562 2294 2665; x_wconf 87' lang='lat' dir='ltr'><strong>supplementum</strong></span> <span class='ocrx_word' id='word_1_136' title='bbox 2349 2588 2514 2642; x_wconf 92' lang='lat' dir='ltr'><strong>con-</strong></span> 
     </span>
     <span class='ocr_line' id='line_1_19' title="bbox 261 2688 2508 2787; baseline -0.001 -19"><span class='ocrx_word' id='word_1_137' title='bbox 261 2694 466 2769; x_wconf 88' lang='lat' dir='ltr'><strong>tinuo</strong></span> <span class='ocrx_word' id='word_1_138' title='bbox 561 2697 688 2765; x_wconf 89' lang='lat' dir='ltr'><strong>aut</strong></span> <span class='ocrx_word' id='word_1_139' title='bbox 748 2689 1088 2766; x_wconf 90' lang='lat' dir='ltr'><strong>Venetiis</strong></span> <span class='ocrx_word' id='word_1_140' title='bbox 1149 2688 1695 2787; x_wconf 89' lang='lat' dir='ltr'><strong>deportabatur,</strong></span> <span class='ocrx_word' id='word_1_141' title='bbox 1754 2699 1881 2768; x_wconf 88' lang='lat' dir='ltr'><strong>aut</strong></span> <span class='ocrx_word' id='word_1_142' title='bbox 1934 2692 2287 2767; x_wconf 87' lang='lat' dir='ltr'><strong>ininsula</strong></span> <span class='ocrx_word' id='word_1_143' title='bbox 2344 2714 2508 2766; x_wconf 91' lang='lat' dir='ltr'><strong>con-</strong></span> 
     </span>
     <span class='ocr_line' id='line_1_20' title="bbox 263 2813 2516 2915; baseline -0.001 -20"><span class='ocrx_word' id='word_1_144' title='bbox 263 2817 754 2895; x_wconf 87' lang='lat' dir='ltr'><strong>scribebatur.</strong></span> <span class='ocrx_word' id='word_1_145' title='bbox 797 2813 1044 2891; x_wconf 86' lang='lat' dir='ltr'><strong>Semel</strong></span> <span class='ocrx_word' id='word_1_146' title='bbox 1121 2816 1313 2891; x_wconf 88' lang='lat' dir='ltr'><strong>inter</strong></span> <span class='ocrx_word' id='word_1_147' title='bbox 1347 2815 1620 2893; x_wconf 87' lang='lat' dir='ltr'><strong>milites</strong></span> <span class='ocrx_word' id='word_1_148' title='bbox 1675 2817 1897 2893; x_wconf 87' lang='lat' dir='ltr'><strong>italos</strong></span> <span class='ocrx_word' id='word_1_149' title='bbox 1936 2843 2024 2894; x_wconf 91' lang='lat' dir='ltr'><strong>ac</strong></span> <span class='ocrx_word' id='word_1_150' title='bbox 2059 2840 2373 2915; x_wconf 84' lang='lat' dir='ltr'><strong>graecos</strong></span> <span class='ocrx_word' id='word_1_151' title='bbox 2410 2825 2516 2893; x_wconf 87' lang='lat' dir='ltr'><strong>tu-</strong></span> 
     </span>
     <span class='ocr_line' id='line_1_21' title="bbox 258 2942 2508 3042; baseline -0.002 -22"><span class='ocrx_word' id='word_1_152' title='bbox 258 2946 492 3021; x_wconf 88' lang='lat' dir='ltr'><strong>multu</strong></span> <span class='ocrx_word' id='word_1_153' title='bbox 529 2950 792 3020; x_wconf 86' lang='lat' dir='ltr'><strong>exorto</strong></span> <span class='ocrx_word' id='word_1_154' title='bbox 813 2942 1147 3042; x_wconf 88' lang='lat' dir='ltr'><strong>plerique</strong></span> <span class='ocrx_word' id='word_1_155' title='bbox 1204 2942 1421 3018; x_wconf 87' lang='lat' dir='ltr'><strong>etiam</strong></span> <span class='ocrx_word' id='word_1_156' title='bbox 1484 2944 1802 3020; x_wconf 87' lang='lat' dir='ltr'><strong>sauciati</strong></span> <span class='ocrx_word' id='word_1_157' title='bbox 1857 2952 1983 3021; x_wconf 87' lang='lat' dir='ltr'><strong>aut</strong></span> <span class='ocrx_word' id='word_1_158' title='bbox 2016 2944 2281 3022; x_wconf 91' lang='lat' dir='ltr'><strong>mortui</strong></span> <span class='ocrx_word' id='word_1_159' title='bbox 2317 2950 2508 3020; x_wconf 90' lang='lat' dir='ltr'><strong>sunt.</strong></span> 
     </span>
     <span class='ocr_line' id='line_1_22' title="bbox 257 3052 2513 3169; baseline 0 -22"><span class='ocrx_word' id='word_1_160' title='bbox 257 3069 361 3147; x_wconf 90' lang='lat' dir='ltr'><strong>At</strong></span> <span class='ocrx_word' id='word_1_161' title='bbox 417 3070 700 3145; x_wconf 90' lang='lat' dir='ltr'><strong>Romae</strong></span> <span class='ocrx_word' id='word_1_162' title='bbox 740 3069 830 3143; x_wconf 89' lang='lat' dir='ltr'><strong>de</strong></span> <span class='ocrx_word' id='word_1_163' title='bbox 886 3069 1188 3145; x_wconf 86' lang='lat' dir='ltr'><strong>foedere</strong></span> <span class='ocrx_word' id='word_1_164' title='bbox 1227 3067 1465 3145; x_wconf 88' lang='lat' dir='ltr'><strong>adhuc</strong></span> <span class='ocrx_word' id='word_1_165' title='bbox 1522 3072 1905 3166; x_wconf 86' lang='lat' dir='ltr'><strong>agebatur,</strong></span> <span class='ocrx_word' id='word_1_166' title='bbox 1963 3052 2277 3169; x_wconf 81' lang='lat' dir='ltr'><strong>singulis</strong></span> <span class='ocrx_word' id='word_1_167' title='bbox 2334 3095 2513 3149; x_wconf 90' lang='lat' dir='ltr'><strong>suas</strong></span> 
     </span>
     <span class='ocr_line' id='line_1_23' title="bbox 255 3195 2515 3296; baseline 0 -23"><span class='ocrx_word' id='word_1_168' title='bbox 255 3205 510 3293; x_wconf 88' lang='lat' dir='ltr'><strong>partes</strong></span> <span class='ocrx_word' id='word_1_169' title='bbox 548 3195 1164 3295; x_wconf 85' lang='lat' dir='ltr'><strong>praeferentibus,</strong></span> <span class='ocrx_word' id='word_1_170' title='bbox 1204 3216 1361 3271; x_wconf 93' lang='lat' dir='ltr'><strong>cum</strong></span> <span class='ocrx_word' id='word_1_171' title='bbox 1422 3219 1619 3294; x_wconf 89' lang='lat' dir='ltr'><strong>papa</strong></span> <span class='ocrx_word' id='word_1_172' title='bbox 1675 3218 1808 3274; x_wconf 92' lang='lat' dir='ltr'><strong>suo</strong></span> <span class='ocrx_word' id='word_1_173' title='bbox 1858 3197 2027 3273; x_wconf 90' lang='lat' dir='ltr'><strong>duci</strong></span> <span class='ocrx_word' id='word_1_174' title='bbox 2065 3199 2372 3296; x_wconf 90' lang='lat' dir='ltr'><strong>primum</strong></span> <span class='ocrx_word' id='word_1_175' title='bbox 2410 3200 2515 3274; x_wconf 93' lang='lat' dir='ltr'><strong>lo-</strong></span> 
     </span>
     <span class='ocr_line' id='line_1_24' title="bbox 259 3321 2514 3419; baseline -0 -20"><span class='ocrx_word' id='word_1_176' title='bbox 259 3347 442 3415; x_wconf 90' lang='lat' dir='ltr'><strong>cum,</strong></span> <span class='ocrx_word' id='word_1_177' title='bbox 515 3330 590 3398; x_wconf 89' lang='lat' dir='ltr'><strong>et</strong></span> <span class='ocrx_word' id='word_1_178' title='bbox 626 3321 901 3419; x_wconf 85' lang='lat' dir='ltr'><strong>singuli</strong></span> <span class='ocrx_word' id='word_1_179' title='bbox 936 3322 1112 3397; x_wconf 93' lang='lat' dir='ltr'><strong>item</strong></span> <span class='ocrx_word' id='word_1_180' title='bbox 1152 3322 1306 3396; x_wconf 93' lang='lat' dir='ltr'><strong>suis</strong></span> <span class='ocrx_word' id='word_1_181' title='bbox 1367 3321 1761 3398; x_wconf 85' lang='lat' dir='ltr'><strong>vendicare</strong></span> <span class='ocrx_word' id='word_1_182' title='bbox 1818 3322 2281 3399; x_wconf 86' lang='lat' dir='ltr'><strong>contendunt.</strong></span> <span class='ocrx_word' id='word_1_183' title='bbox 2334 3322 2514 3401; x_wconf 90' lang='lat' dir='ltr'><strong>Pari</strong></span> 
     </span>
     <span class='ocr_line' id='line_1_25' title="bbox 257 3447 2511 3549; baseline 0 -24"><span class='ocrx_word' id='word_1_184' title='bbox 257 3448 556 3525; x_wconf 83' lang='lat' dir='ltr'><strong>tandem</strong></span> <span class='ocrx_word' id='word_1_185' title='bbox 610 3448 923 3549; x_wconf 89' lang='lat' dir='ltr'><strong>imperio</strong></span> <span class='ocrx_word' id='word_1_186' title='bbox 978 3456 1133 3523; x_wconf 87' lang='lat' dir='ltr'><strong>tres</strong></span> <span class='ocrx_word' id='word_1_187' title='bbox 1173 3447 1396 3523; x_wconf 88' lang='lat' dir='ltr'><strong>duces</strong></span> <span class='ocrx_word' id='word_1_188' title='bbox 1453 3447 1782 3523; x_wconf 88' lang='lat' dir='ltr'><strong>consiliis</strong></span> <span class='ocrx_word' id='word_1_189' title='bbox 1858 3447 2246 3524; x_wconf 89' lang='lat' dir='ltr'><strong>convenire</strong></span> <span class='ocrx_word' id='word_1_190' title='bbox 2289 3448 2511 3545; x_wconf 73' lang='lat' dir='ltr'><strong>Jussi‚</strong></span> 
     </span>
     <span class='ocr_line' id='line_1_26' title="bbox 266 3571 2516 3672; baseline -0.001 -21"><span class='ocrx_word' id='word_1_191' title='bbox 266 3576 570 3651; x_wconf 87' lang='lat' dir='ltr'><strong>Marcus</strong></span> <span class='ocrx_word' id='word_1_192' title='bbox 646 3574 1012 3650; x_wconf 89' lang='lat' dir='ltr'><strong>Antonius</strong></span> <span class='ocrx_word' id='word_1_193' title='bbox 1053 3571 1426 3649; x_wconf 80' lang='lat' dir='ltr'><strong>Columna</strong></span> <span class='ocrx_word' id='word_1_194' title='bbox 1507 3574 1601 3648; x_wconf 90' lang='lat' dir='ltr'><strong>ab</strong></span> <span class='ocrx_word' id='word_1_195' title='bbox 1676 3574 2038 3672; x_wconf 90' lang='lat' dir='ltr'><strong>pontifice,</strong></span> <span class='ocrx_word' id='word_1_196' title='bbox 2109 3575 2161 3651; x_wconf 85' lang='lat' dir='ltr'><strong>J</strong></span> <span class='ocrx_word' id='word_1_197' title='bbox 2165 3573 2516 3664; x_wconf 81' lang='lat' dir='ltr'><strong>ohannes,</strong></span> 
     </span>
     <span class='ocr_line' id='line_1_27' title="bbox 258 3698 2510 3798; baseline -0.002 -19"><span class='ocrx_word' id='word_1_198' title='bbox 258 3701 604 3779; x_wconf 90' lang='lat' dir='ltr'><strong>Andreas</strong></span> <span class='ocrx_word' id='word_1_199' title='bbox 624 3699 856 3777; x_wconf 89' lang='lat' dir='ltr'><strong>Auria</strong></span> <span class='ocrx_word' id='word_1_200' title='bbox 884 3727 931 3778; x_wconf 89' lang='lat' dir='ltr'><strong>a</strong></span> <span class='ocrx_word' id='word_1_201' title='bbox 954 3698 1298 3798; x_wconf 88' lang='lat' dir='ltr'><strong>Philippo</strong></span> <span class='ocrx_word' id='word_1_202' title='bbox 1319 3722 1500 3794; x_wconf 85' lang='lat' dir='ltr'><strong>rege</strong></span> <span class='ocrx_word' id='word_1_203' title='bbox 1558 3701 1951 3777; x_wconf 89' lang='lat' dir='ltr'><strong>constituti.</strong></span> <span class='ocrx_word' id='word_1_204' title='bbox 1974 3699 2317 3777; x_wconf 85' lang='lat' dir='ltr'><strong>Pontifex</strong></span> <span class='ocrx_word' id='word_1_205' title='bbox 2353 3708 2510 3775; x_wconf 90' lang='lat' dir='ltr'><strong>tres</strong></span> 
     </span>
     <span class='ocr_line' id='line_1_28' title="bbox 255 3808 2506 3927; baseline -0.001 -22"><span class='ocrx_word' id='word_1_206' title='bbox 255 3828 586 3905; x_wconf 87' lang='lat' dir='ltr'><strong>habebat</strong></span> <span class='ocrx_word' id='word_1_207' title='bbox 624 3849 799 3903; x_wconf 91' lang='lat' dir='ltr'><strong>suas</strong></span> <span class='ocrx_word' id='word_1_208' title='bbox 870 3808 1233 3918; x_wconf 89' lang='lat' dir='ltr'><strong>triremes,</strong></span> <span class='ocrx_word' id='word_1_209' title='bbox 1294 3826 1563 3902; x_wconf 89' lang='lat' dir='ltr'><strong>Veneti</strong></span> <span class='ocrx_word' id='word_1_210' title='bbox 1602 3827 1981 3904; x_wconf 90' lang='lat' dir='ltr'><strong>duodecim</strong></span> <span class='ocrx_word' id='word_1_211' title='bbox 2017 3828 2349 3927; x_wconf 88' lang='lat' dir='ltr'><strong>poscenti</strong></span> <span class='ocrx_word' id='word_1_212' title='bbox 2388 3851 2506 3903; x_wconf 88' lang='lat' dir='ltr'><strong>ac-</strong></span> 
     </span>
     <span class='ocr_line' id='line_1_29' title="bbox 255 3929 2501 4046; baseline 0 -16"><span class='ocrx_word' id='word_1_213' title='bbox 255 3953 732 4030; x_wconf 87' lang='lat' dir='ltr'><strong>comodarunt</strong></span> <span class='ocrx_word' id='word_1_214' title='bbox 841 3953 1256 4030; x_wconf 88' lang='lat' dir='ltr'><strong>hominibus</strong></span> <span class='ocrx_word' id='word_1_215' title='bbox 1287 3929 1317 3958; x_wconf 61' lang='lat'>‘</span> <span class='ocrx_word' id='word_1_216' title='bbox 1349 3976 1645 4046; x_wconf 87' lang='lat' dir='ltr'><strong>vacuas,</strong></span> <span class='ocrx_word' id='word_1_217' title='bbox 1740 3959 1989 4029; x_wconf 89' lang='lat' dir='ltr'><strong>cetera</strong></span> <span class='ocrx_word' id='word_1_218' title='bbox 2080 3954 2501 4030; x_wconf 88' lang='lat' dir='ltr'><strong>instructas.</strong></span> 
     </span>
     <span class='ocr_line' id='line_1_30' title="bbox 259 4070 2512 4180; baseline 0 -24"><span class='ocrx_word' id='word_1_219' title='bbox 259 4080 425 4156; x_wconf 89' lang='lat' dir='ltr'><strong>Has</strong></span> <span class='ocrx_word' id='word_1_220' title='bbox 462 4080 813 4156; x_wconf 90' lang='lat' dir='ltr'><strong>militibus</strong></span> <span class='ocrx_word' id='word_1_221' title='bbox 869 4070 1441 4179; x_wconf 85' lang='lat' dir='ltr'><strong>remigibusque</strong></span> <span class='ocrx_word' id='word_1_222' title='bbox 1495 4080 1906 4180; x_wconf 86' lang='lat' dir='ltr'><strong>complevit.</strong></span> <span class='ocrx_word' id='word_1_223' title='bbox 2017 4078 2512 4157; x_wconf 89' lang='lat' dir='ltr'><strong>Melitensium</strong></span> 
     </span>
     <span class='ocr_line' id='line_1_31' title="bbox 257 4192 2510 4304; baseline 0.001 -26"><span class='ocrx_word' id='word_1_224' title='bbox 257 4205 620 4301; x_wconf 85' lang='lat' dir='ltr'><strong>magister</strong></span> <span class='ocrx_word' id='word_1_225' title='bbox 640 4213 815 4296; x_wconf 89' lang='lat' dir='ltr'><strong>tres,</strong></span> <span class='ocrx_word' id='word_1_226' title='bbox 841 4203 1157 4282; x_wconf 82' lang='lat' dir='ltr'><strong>Cosmus</strong></span> <span class='ocrx_word' id='word_1_227' title='bbox 1194 4207 1342 4282; x_wconf 82' lang='lat' dir='ltr'><strong>dux</strong></span> <span class='ocrx_word' id='word_1_228' title='bbox 1385 4207 1816 4283; x_wconf 83' lang='lat' dir='ltr'><strong>Florentiae</strong></span> <span class='ocrx_word' id='word_1_229' title='bbox 1854 4213 2185 4304; x_wconf 88' lang='lat' dir='ltr'><strong>quatuor,</strong></span> <span class='ocrx_word' id='word_1_230' title='bbox 2224 4192 2510 4303; x_wconf 86' lang='lat' dir='ltr'><strong>pontifi-</strong></span> 
     </span>
     <span class='ocr_line' id='line_1_32' title="bbox 258 4330 2500 4429; baseline 0.003 -25"><span class='ocrx_word' id='word_1_231' title='bbox 258 4330 325 4404; x_wconf 86' lang='lat' dir='ltr'><strong>ci</strong></span> <span class='ocrx_word' id='word_1_232' title='bbox 346 4330 721 4407; x_wconf 81' lang='lat' dir='ltr'><strong>addixere.</strong></span> <span class='ocrx_word' id='word_1_233' title='bbox 778 4331 1286 4429; x_wconf 87' lang='lat' dir='ltr'><strong>Posteaquam</strong></span> <span class='ocrx_word' id='word_1_234' title='bbox 1327 4332 1679 4409; x_wconf 88' lang='lat' dir='ltr'><strong>Turcae</strong></span> <span class='ocrx_word' id='word_1_235' title='bbox 1648 4355 1804 4426; x_wconf 84' lang='lat' dir='ltr'><strong>Jam</strong></span> <span class='ocrx_word' id='word_1_236' title='bbox 1862 4330 2239 4408; x_wconf 90' lang='lat' dir='ltr'><strong>Nicosiam</strong></span> <span class='ocrx_word' id='word_1_237' title='bbox 2277 4353 2500 4428; x_wconf 83' lang='lat' dir='ltr'><strong>expu-</strong></span> 
     </span>
     <span class='ocr_line' id='line_1_33' title="bbox 256 4455 2492 4571; baseline -0 -40"><span class='ocrx_word' id='word_1_238' title='bbox 256 4465 642 4553; x_wconf 85' lang='lat' dir='ltr'><strong>gnassent,</strong></span> <span class='ocrx_word' id='word_1_239' title='bbox 646 4465 720 4533; x_wconf 88' lang='lat' dir='ltr'><strong>et</strong></span> <span class='ocrx_word' id='word_1_240' title='bbox 738 4458 1321 4554; x_wconf 86' lang='lat' dir='ltr'><strong>Famaugustam</strong></span> <span class='ocrx_word' id='word_1_241' title='bbox 1332 4460 1730 4551; x_wconf 87' lang='lat' dir='ltr'><strong>venissent,</strong></span> <span class='ocrx_word' id='word_1_242' title='bbox 1735 4457 2020 4533; x_wconf 88' lang='lat' dir='ltr'><strong>classes</strong></span> <span class='ocrx_word' id='word_1_243' title='bbox 2031 4455 2407 4571; x_wconf 81' lang='lat' dir='ltr'><strong>pontificia</strong></span> <span class='ocrx_word' id='word_1_244' title='bbox 2419 4464 2492 4532; x_wconf 90' lang='lat' dir='ltr'><strong>et</strong></span> 
     </span>
     <span class='ocr_line' id='line_1_34' title="bbox 265 4558 2491 4683; baseline -0 -20"><span class='ocrx_word' id='word_1_245' title='bbox 265 4582 696 4683; x_wconf 89' lang='lat' dir='ltr'><strong>hispanica</strong></span> <span class='ocrx_word' id='word_1_246' title='bbox 674 4576 750 4659; x_wconf 89' lang='lat' dir='ltr'><strong>m</strong></span> <span class='ocrx_word' id='word_1_247' title='bbox 797 4558 1102 4662; x_wconf 81' lang='lat' dir='ltr'><strong>Cretam</strong></span> <span class='ocrx_word' id='word_1_248' title='bbox 1120 4584 1497 4660; x_wconf 86' lang='lat' dir='ltr'><strong>venientes</strong></span> <span class='ocrx_word' id='word_1_249' title='bbox 1521 4606 1690 4660; x_wconf 86' lang='lat' dir='ltr'><strong>sese</strong></span> <span class='ocrx_word' id='word_1_250' title='bbox 1746 4590 2053 4658; x_wconf 87' lang='lat' dir='ltr'><strong>venetae</strong></span> <span class='ocrx_word' id='word_1_251' title='bbox 2108 4585 2491 4682; x_wconf 78' lang='lat' dir='ltr'><strong>conjunxe</strong></span> 
     </span>
    </p>
   </div>
  </div>
 </body>
</html>
