<?xml version="1.0" encoding="UTF-8"?>
<!DOCTYPE html PUBLIC "-//W3C//DTD XHTML 1.0 Transitional//EN"
    "http://www.w3.org/TR/xhtml1/DTD/xhtml1-transitional.dtd">
<html xmlns="http://www.w3.org/1999/xhtml" xml:lang="en" lang="en">
 <head>
  <title>
</title>
<meta http-equiv="Content-Type" content="text/html;charset=utf-8" />
  <meta name='ocr-system' content='tesseract 3.04.00' />
  <meta name='ocr-capabilities' content='ocr_page ocr_carea ocr_par ocr_line ocrx_word'/>
</head>
<body>
  <div class='ocr_page' id='page_1' title='image "./magyarhistorija00bpgoog/magyarhistorija00bpgoog_0127.png"; bbox 0 0 3293 5219; ppageno 0'>
   <div class='ocr_carea' id='block_1_1' title="bbox 2396 325 2492 402">
    <p class='ocr_par' dir='ltr' id='par_1_1' title="bbox 2396 325 2492 402">
     <span class='ocr_line' id='line_1_1' title="bbox 2396 325 2492 402; baseline 0.01 -1"><span class='ocrx_word' id='word_1_1' title='bbox 2396 325 2492 402; x_wconf 87' lang='lat'>19</span> 
     </span>
    </p>
   </div>
   <div class='ocr_carea' id='block_1_2' title="bbox 214 532 2495 4564">
    <p class='ocr_par' dir='ltr' id='par_1_2' title="bbox 214 532 2495 4564">
     <span class='ocr_line' id='line_1_2' title="bbox 257 532 2490 642; baseline 0.003 -32"><span class='ocrx_word' id='word_1_2' title='bbox 257 559 402 610; x_wconf 89' lang='lat' dir='ltr'>rum</span> <span class='ocrx_word' id='word_1_3' title='bbox 440 538 513 609; x_wconf 92' lang='lat' dir='ltr'>in</span> <span class='ocrx_word' id='word_1_4' title='bbox 555 535 844 610; x_wconf 90' lang='lat' dir='ltr'>modum</span> <span class='ocrx_word' id='word_1_5' title='bbox 885 538 1229 630; x_wconf 85' lang='lat' dir='ltr'>angebat,</span> <span class='ocrx_word' id='word_1_6' title='bbox 1254 545 1475 633; x_wconf 89' lang='lat' dir='ltr'>atque</span> <span class='ocrx_word' id='word_1_7' title='bbox 1516 538 1793 612; x_wconf 88' lang='lat' dir='ltr'>amissa</span> <span class='ocrx_word' id='word_1_8' title='bbox 1832 538 1927 612; x_wconf 87' lang='lat' dir='ltr'>ad</span> <span class='ocrx_word' id='word_1_9' title='bbox 1949 532 2490 642; x_wconf 45' lang='lat' dir='ltr'>orientemjmu-</span> 
     </span>
     <span class='ocr_line' id='line_1_3' title="bbox 257 662 2491 759; baseline 0.003 -23"><span class='ocrx_word' id='word_1_10' title='bbox 257 663 570 737; x_wconf 83' lang='lat' dir='ltr'>nimenta</span> <span class='ocrx_word' id='word_1_11' title='bbox 608 662 860 758; x_wconf 85' lang='lat' dir='ltr'>regni,</span> <span class='ocrx_word' id='word_1_12' title='bbox 903 685 1152 751; x_wconf 88' lang='lat' dir='ltr'>arces,</span> <span class='ocrx_word' id='word_1_13' title='bbox 1194 664 1568 755; x_wconf 73' lang='lat' dir='ltr'>civitatee,</span> <span class='ocrx_word' id='word_1_14' title='bbox 1610 664 2031 759; x_wconf 84' lang='lat' dir='ltr'>vectigalia,</span> <span class='ocrx_word' id='word_1_15' title='bbox 2076 674 2148 739; x_wconf 89' lang='lat' dir='ltr'>et</span> <span class='ocrx_word' id='word_1_16' title='bbox 2189 667 2491 742; x_wconf 89' lang='lat' dir='ltr'>Temes-</span> 
     </span>
     <span class='ocr_line' id='line_1_4' title="bbox 253 789 2490 891; baseline 0.004 -32"><span class='ocrx_word' id='word_1_17' title='bbox 253 789 405 863; x_wconf 87' lang='lat' dir='ltr'>vari</span> <span class='ocrx_word' id='word_1_18' title='bbox 490 789 1112 885; x_wconf 79' lang='lat' dir='ltr'>oppugnationem</span> <span class='ocrx_word' id='word_1_19' title='bbox 1199 791 1677 887; x_wconf 79' lang='lat' dir='ltr'>suspectabat</span> <span class='ocrx_word' id='word_1_20' title='bbox 1717 818 1731 861; x_wconf 78' lang='lat' dir='ltr'><em>z</em></span> <span class='ocrx_word' id='word_1_21' title='bbox 1775 790 1906 864; x_wconf 89' lang='lat' dir='ltr'>sed</span> <span class='ocrx_word' id='word_1_22' title='bbox 1980 792 2161 866; x_wconf 92' lang='lat' dir='ltr'>nihil</span> <span class='ocrx_word' id='word_1_23' title='bbox 2236 816 2490 891; x_wconf 85' lang='lat' dir='ltr'>aeque,</span> 
     </span>
     <span class='ocr_line' id='line_1_5' title="bbox 251 904 2495 1015; baseline 0.003 -27"><span class='ocrx_word' id='word_1_24' title='bbox 251 940 333 989; x_wconf 88' lang='lat' dir='ltr'>ac</span> <span class='ocrx_word' id='word_1_25' title='bbox 390 923 814 991; x_wconf 91' lang='lat' dir='ltr'>nostrorum</span> <span class='ocrx_word' id='word_1_26' title='bbox 845 904 846 907; x_wconf 28' lang='lat'>¹</span> <span class='ocrx_word' id='word_1_27' title='bbox 883 916 1252 1014; x_wconf 88' lang='lat' dir='ltr'>paucitas,</span> <span class='ocrx_word' id='word_1_28' title='bbox 1349 940 1517 989; x_wconf 88' lang='lat' dir='ltr'>nam</span> <span class='ocrx_word' id='word_1_29' title='bbox 1594 915 2099 1015; x_wconf 81' lang='lat' dir='ltr'>Hispanorum</span> <span class='ocrx_word' id='word_1_30' title='bbox 2159 920 2298 996; x_wconf 90' lang='lat' dir='ltr'>duo</span> <span class='ocrx_word' id='word_1_31' title='bbox 2377 946 2495 995; x_wconf 90' lang='lat' dir='ltr'>ve—</span> 
     </span>
     <span class='ocr_line' id='line_1_6' title="bbox 249 1038 2487 1143; baseline 0.003 -29"><span class='ocrx_word' id='word_1_32' title='bbox 249 1042 423 1116; x_wconf 80' lang='lat' dir='ltr'>xilla</span> <span class='ocrx_word' id='word_1_33' title='bbox 463 1050 713 1134; x_wconf 90' lang='lat' dir='ltr'>erant,</span> <span class='ocrx_word' id='word_1_34' title='bbox 758 1038 1293 1117; x_wconf 81' lang='lat' dir='ltr'>Germanorum</span> <span class='ocrx_word' id='word_1_35' title='bbox 1354 1052 1668 1139; x_wconf 88' lang='lat' dir='ltr'>quatuor</span> <span class='ocrx_word' id='word_1_36' title='bbox 1725 1045 2106 1138; x_wconf 75' lang='lat' dir='ltr'>cohortes,</span> <span class='ocrx_word' id='word_1_37' title='bbox 2168 1047 2487 1143; x_wconf 89' lang='lat' dir='ltr'>equitum</span> 
     </span>
     <span class='ocr_line' id='line_1_7' title="bbox 251 1169 2494 1267; baseline 0.003 -25"><span class='ocrx_word' id='word_1_38' title='bbox 251 1169 740 1259; x_wconf 86' lang='lat' dir='ltr'>bohemorum,</span> <span class='ocrx_word' id='word_1_39' title='bbox 776 1176 849 1243; x_wconf 90' lang='lat' dir='ltr'>et</span> <span class='ocrx_word' id='word_1_40' title='bbox 870 1192 1383 1265; x_wconf 85' lang='lat' dir='ltr'>germanorum</span> <span class='ocrx_word' id='word_1_41' title='bbox 1445 1170 1785 1265; x_wconf 86' lang='lat' dir='ltr'>singulae</span> <span class='ocrx_word' id='word_1_42' title='bbox 1825 1174 2011 1264; x_wconf 86' lang='lat' dir='ltr'>alae,</span> <span class='ocrx_word' id='word_1_43' title='bbox 2034 1174 2309 1267; x_wconf 77' lang='lat' dir='ltr'>exigua</span> <span class='ocrx_word' id='word_1_44' title='bbox 2348 1198 2494 1248; x_wconf 90' lang='lat' dir='ltr'>ma-</span> 
     </span>
     <span class='ocr_line' id='line_1_8' title="bbox 245 1296 2485 1393; baseline 0.003 -25"><span class='ocrx_word' id='word_1_45' title='bbox 245 1318 371 1370; x_wconf 88' lang='lat' dir='ltr'>nus</span> <span class='ocrx_word' id='word_1_46' title='bbox 412 1296 482 1369; x_wconf 91' lang='lat' dir='ltr'>si</span> <span class='ocrx_word' id='word_1_47' title='bbox 520 1296 810 1370; x_wconf 89' lang='lat' dir='ltr'>hostem</span> <span class='ocrx_word' id='word_1_48' title='bbox 851 1296 1244 1393; x_wconf 84' lang='lat' dir='ltr'>respicias,</span> <span class='ocrx_word' id='word_1_49' title='bbox 1277 1320 1512 1393; x_wconf 90' lang='lat' dir='ltr'>neque</span> <span class='ocrx_word' id='word_1_50' title='bbox 1552 1297 1778 1372; x_wconf 89' lang='lat' dir='ltr'>ullum</span> <span class='ocrx_word' id='word_1_51' title='bbox 1819 1306 2018 1372; x_wconf 91' lang='lat' dir='ltr'>retro</span> <span class='ocrx_word' id='word_1_52' title='bbox 2059 1300 2485 1390; x_wconf 83' lang='lat' dir='ltr'>subsidium,</span> 
     </span>
     <span class='ocr_line' id='line_1_9' title="bbox 246 1422 2485 1522; baseline 0.001 -25"><span class='ocrx_word' id='word_1_53' title='bbox 246 1446 681 1520; x_wconf 89' lang='lat' dir='ltr'>quamquam</span> <span class='ocrx_word' id='word_1_54' title='bbox 727 1422 1146 1497; x_wconf 89' lang='lat' dir='ltr'>nunciorum</span> <span class='ocrx_word' id='word_1_55' title='bbox 1190 1430 1262 1496; x_wconf 93' lang='lat' dir='ltr'>et</span> <span class='ocrx_word' id='word_1_56' title='bbox 1299 1434 1677 1519; x_wconf 87' lang='lat' dir='ltr'>postarum</span> <span class='ocrx_word' id='word_1_57' title='bbox 1730 1425 2042 1522; x_wconf 87' lang='lat' dir='ltr'>strepitu</span> <span class='ocrx_word' id='word_1_58' title='bbox 2082 1425 2485 1501; x_wconf 89' lang='lat' dir='ltr'>Ferdinan·</span> 
     </span>
     <span class='ocr_line' id='line_1_10' title="bbox 245 1548 2487 1647; baseline 0.002 -27"><span class='ocrx_word' id='word_1_59' title='bbox 245 1548 404 1623; x_wconf 88' lang='lat' dir='ltr'>dum</span> <span class='ocrx_word' id='word_1_60' title='bbox 444 1549 841 1644; x_wconf 80' lang='lat' dir='ltr'>fatigaret3</span> <span class='ocrx_word' id='word_1_61' title='bbox 903 1550 1006 1624; x_wconf 89' lang='lat' dir='ltr'>ita</span> <span class='ocrx_word' id='word_1_62' title='bbox 1044 1549 1244 1623; x_wconf 90' lang='lat' dir='ltr'>illinc</span> <span class='ocrx_word' id='word_1_63' title='bbox 1284 1549 1531 1647; x_wconf 89' lang='lat' dir='ltr'>inopia</span> <span class='ocrx_word' id='word_1_64' title='bbox 1568 1550 1729 1624; x_wconf 91' lang='lat' dir='ltr'>fisci</span> <span class='ocrx_word' id='word_1_65' title='bbox 1770 1559 1842 1625; x_wconf 90' lang='lat' dir='ltr'>et</span> <span class='ocrx_word' id='word_1_66' title='bbox 1881 1552 2281 1642; x_wconf 85' lang='lat' dir='ltr'>cunctatio,</span> <span class='ocrx_word' id='word_1_67' title='bbox 2321 1552 2487 1626; x_wconf 90' lang='lat' dir='ltr'>hinc</span> 
     </span>
     <span class='ocr_line' id='line_1_11' title="bbox 239 1674 2482 1774; baseline 0 -26"><span class='ocrx_word' id='word_1_68' title='bbox 239 1674 656 1749; x_wconf 88' lang='lat' dir='ltr'>necessitas</span> <span class='ocrx_word' id='word_1_69' title='bbox 677 1682 943 1749; x_wconf 89' lang='lat' dir='ltr'>cuncta</span> <span class='ocrx_word' id='word_1_70' title='bbox 981 1674 1477 1766; x_wconf 88' lang='lat' dir='ltr'>involvebant,</span> <span class='ocrx_word' id='word_1_71' title='bbox 1502 1683 1824 1749; x_wconf 87' lang='lat' dir='ltr'>attamen</span> <span class='ocrx_word' id='word_1_72' title='bbox 1870 1699 2257 1751; x_wconf 90' lang='lat' dir='ltr'>occurrere</span> <span class='ocrx_word' id='word_1_73' title='bbox 2295 1677 2482 1774; x_wconf 92' lang='lat' dir='ltr'>peri-</span> 
     </span>
     <span class='ocr_line' id='line_1_12' title="bbox 246 1799 2480 1899; baseline 0.001 -25"><span class='ocrx_word' id='word_1_74' title='bbox 246 1801 425 1875; x_wconf 88' lang='lat' dir='ltr'>culis</span> <span class='ocrx_word' id='word_1_75' title='bbox 445 1799 820 1899; x_wconf 80' lang='lat' dir='ltr'>placebat.</span> <span class='ocrx_word' id='word_1_76' title='bbox 844 1799 1227 1874; x_wconf 90' lang='lat' dir='ltr'>Postremo</span> <span class='ocrx_word' id='word_1_77' title='bbox 1252 1800 1488 1874; x_wconf 90' lang='lat' dir='ltr'>visum</span> <span class='ocrx_word' id='word_1_78' title='bbox 1511 1823 1893 1875; x_wconf 90' lang='lat' dir='ltr'>recurrere</span> <span class='ocrx_word' id='word_1_79' title='bbox 1917 1801 2012 1875; x_wconf 91' lang='lat' dir='ltr'>ad</span> <span class='ocrx_word' id='word_1_80' title='bbox 2037 1800 2109 1875; x_wconf 93' lang='lat' dir='ltr'>id</span> <span class='ocrx_word' id='word_1_81' title='bbox 2132 1802 2327 1898; x_wconf 90' lang='lat' dir='ltr'>quod</span> <span class='ocrx_word' id='word_1_82' title='bbox 2366 1811 2480 1877; x_wconf 87' lang='lat' dir='ltr'>est</span> 
     </span>
     <span class='ocr_line' id='line_1_13' title="bbox 237 1928 2478 2026; baseline 0.001 -25"><span class='ocrx_word' id='word_1_83' title='bbox 237 1928 725 2026; x_wconf 89' lang='lat' dir='ltr'>propinquum</span> <span class='ocrx_word' id='word_1_84' title='bbox 749 1935 881 2001; x_wconf 88' lang='lat' dir='ltr'>ete</span> <span class='ocrx_word' id='word_1_85' title='bbox 899 1928 1421 2025; x_wconf 88' lang='lat' dir='ltr'>praesentibus</span> <span class='ocrx_word' id='word_1_86' title='bbox 1449 1928 1837 2025; x_wconf 88' lang='lat' dir='ltr'>optimum:</span> <span class='ocrx_word' id='word_1_87' title='bbox 1881 1928 2262 2004; x_wconf 89' lang='lat' dir='ltr'>circumire</span> <span class='ocrx_word' id='word_1_88' title='bbox 2304 1931 2478 2003; x_wconf 88' lang='lat' dir='ltr'>civi-</span> 
     </span>
     <span class='ocr_line' id='line_1_14' title="bbox 233 2053 2479 2150; baseline 0 -21"><span class='ocrx_word' id='word_1_89' title='bbox 233 2063 448 2146; x_wconf 84' lang='lat' dir='ltr'>tates,</span> <span class='ocrx_word' id='word_1_90' title='bbox 489 2062 569 2129; x_wconf 87' lang='lat' dir='ltr'>et</span> <span class='ocrx_word' id='word_1_91' title='bbox 608 2054 1107 2129; x_wconf 91' lang='lat' dir='ltr'>nobilissimos</span> <span class='ocrx_word' id='word_1_92' title='bbox 1150 2077 1500 2150; x_wconf 89' lang='lat' dir='ltr'>quosque,</span> <span class='ocrx_word' id='word_1_93' title='bbox 1560 2053 1774 2129; x_wconf 90' lang='lat' dir='ltr'>modo</span> <span class='ocrx_word' id='word_1_94' title='bbox 1816 2055 2227 2148; x_wconf 84' lang='lat' dir='ltr'>universos,</span> <span class='ocrx_word' id='word_1_95' title='bbox 2268 2057 2479 2131; x_wconf 91' lang='lat' dir='ltr'>modo</span> 
     </span>
     <span class='ocr_line' id='line_1_15' title="bbox 236 2179 2480 2277; baseline 0 -22"><span class='ocrx_word' id='word_1_96' title='bbox 236 2180 580 2277; x_wconf 87' lang='lat' dir='ltr'>singulos</span> <span class='ocrx_word' id='word_1_97' title='bbox 639 2204 895 2272; x_wconf 90' lang='lat' dir='ltr'>orare,</span> <span class='ocrx_word' id='word_1_98' title='bbox 955 2180 1354 2275; x_wconf 88' lang='lat' dir='ltr'>obtestari,</span> <span class='ocrx_word' id='word_1_99' title='bbox 1427 2179 1595 2255; x_wconf 91' lang='lat' dir='ltr'>aliis</span> <span class='ocrx_word' id='word_1_100' title='bbox 1652 2204 1906 2256; x_wconf 89' lang='lat' dir='ltr'>aurum</span> <span class='ocrx_word' id='word_1_101' title='bbox 1964 2189 2036 2255; x_wconf 90' lang='lat' dir='ltr'>et</span> <span class='ocrx_word' id='word_1_102' title='bbox 2095 2190 2480 2277; x_wconf 86' lang='lat' dir='ltr'>argentum</span> 
     </span>
     <span class='ocr_line' id='line_1_16' title="bbox 234 2308 2480 2407; baseline 0.002 -26"><span class='ocrx_word' id='word_1_103' title='bbox 234 2310 533 2399; x_wconf 88' lang='lat' dir='ltr'>donare,</span> <span class='ocrx_word' id='word_1_104' title='bbox 594 2309 921 2406; x_wconf 86' lang='lat' dir='ltr'>ingentia</span> <span class='ocrx_word' id='word_1_105' title='bbox 961 2308 1387 2405; x_wconf 88' lang='lat' dir='ltr'>promittere</span> <span class='ocrx_word' id='word_1_106' title='bbox 1427 2309 1771 2407; x_wconf 91' lang='lat' dir='ltr'>precibus</span> <span class='ocrx_word' id='word_1_107' title='bbox 1811 2333 2129 2391; x_wconf 82' lang='lat' dir='ltr'>munera.</span> <span class='ocrx_word' id='word_1_108' title='bbox 2172 2313 2480 2386; x_wconf 92' lang='lat' dir='ltr'>muneri-</span> 
     </span>
     <span class='ocr_line' id='line_1_17' title="bbox 239 2436 2477 2538; baseline 0.001 -28"><span class='ocrx_word' id='word_1_109' title='bbox 239 2436 371 2511; x_wconf 91' lang='lat' dir='ltr'>bus</span> <span class='ocrx_word' id='word_1_110' title='bbox 410 2460 679 2538; x_wconf 88' lang='lat' dir='ltr'>preces</span> <span class='ocrx_word' id='word_1_111' title='bbox 720 2436 1068 2527; x_wconf 86' lang='lat' dir='ltr'>miscere,</span> <span class='ocrx_word' id='word_1_112' title='bbox 1128 2436 1358 2510; x_wconf 91' lang='lat' dir='ltr'>donec</span> <span class='ocrx_word' id='word_1_113' title='bbox 1413 2436 1829 2510; x_wconf 86' lang='lat' dir='ltr'>universum</span> <span class='ocrx_word' id='word_1_114' title='bbox 1870 2460 2172 2532; x_wconf 86' lang='lat' dir='ltr'>regnum</span> <span class='ocrx_word' id='word_1_115' title='bbox 2213 2437 2287 2510; x_wconf 90' lang='lat' dir='ltr'>in</span> <span class='ocrx_word' id='word_1_116' title='bbox 2327 2439 2477 2512; x_wconf 89' lang='lat' dir='ltr'>bel·</span> 
     </span>
     <span class='ocr_line' id='line_1_18' title="bbox 229 2562 2476 2661; baseline -0.001 -18"><span class='ocrx_word' id='word_1_117' title='bbox 229 2569 373 2644; x_wconf 94' lang='lat' dir='ltr'>lum</span> <span class='ocrx_word' id='word_1_118' title='bbox 415 2564 755 2642; x_wconf 88' lang='lat' dir='ltr'>concivit.</span> <span class='ocrx_word' id='word_1_119' title='bbox 815 2563 1333 2654; x_wconf 88' lang='lat' dir='ltr'>Nobilitatem,</span> <span class='ocrx_word' id='word_1_120' title='bbox 1373 2562 1750 2637; x_wconf 88' lang='lat' dir='ltr'>civitatum</span> <span class='ocrx_word' id='word_1_121' title='bbox 1789 2562 2088 2655; x_wconf 85' lang='lat' dir='ltr'>auxilia,</span> <span class='ocrx_word' id='word_1_122' title='bbox 2120 2571 2193 2637; x_wconf 88' lang='lat' dir='ltr'>et</span> <span class='ocrx_word' id='word_1_123' title='bbox 2231 2563 2476 2661; x_wconf 83' lang='lat' dir='ltr'>singu·</span> 
     </span>
     <span class='ocr_line' id='line_1_19' title="bbox 225 2688 2475 2793; baseline 0 -27"><span class='ocrx_word' id='word_1_124' title='bbox 225 2694 339 2770; x_wconf 92' lang='grc'>108</span> <span class='ocrx_word' id='word_1_125' title='bbox 397 2693 727 2793; x_wconf 87' lang='lat' dir='ltr'>propriis</span> <span class='ocrx_word' id='word_1_126' title='bbox 784 2690 1229 2766; x_wconf 85' lang='lat' dir='ltr'>exercitibus</span> <span class='ocrx_word' id='word_1_127' title='bbox 1287 2713 1421 2787; x_wconf 88' lang='lat' dir='ltr'>pro</span> <span class='ocrx_word' id='word_1_128' title='bbox 1480 2688 1777 2764; x_wconf 86' lang='lat' dir='ltr'>militari</span> <span class='ocrx_word' id='word_1_129' title='bbox 1836 2689 2089 2765; x_wconf 85' lang='lat' dir='ltr'>ordine</span> <span class='ocrx_word' id='word_1_130' title='bbox 2131 2690 2475 2789; x_wconf 89' lang='lat' dir='ltr'>disponit,</span> 
     </span>
     <span class='ocr_line' id='line_1_20' title="bbox 225 2815 2475 2914; baseline -0.001 -17"><span class='ocrx_word' id='word_1_131' title='bbox 225 2820 451 2898; x_wconf 91' lang='lat' dir='ltr'>simul</span> <span class='ocrx_word' id='word_1_132' title='bbox 491 2816 862 2896; x_wconf 89' lang='lat' dir='ltr'>Thomam</span> <span class='ocrx_word' id='word_1_133' title='bbox 882 2815 1260 2908; x_wconf 89' lang='lat' dir='ltr'>Varkoch,</span> <span class='ocrx_word' id='word_1_134' title='bbox 1287 2816 1645 2890; x_wconf 89' lang='lat' dir='ltr'>Varadini</span> <span class='ocrx_word' id='word_1_135' title='bbox 1684 2816 2157 2914; x_wconf 89' lang='lat' dir='ltr'>praefectum,</span> <span class='ocrx_word' id='word_1_136' title='bbox 2198 2815 2475 2894; x_wconf 85' lang='lat' dir='ltr'>auxilia</span> 
     </span>
     <span class='ocr_line' id='line_1_21' title="bbox 221 2943 2468 3040; baseline -0.003 -15"><span class='ocrx_word' id='word_1_137' title='bbox 221 2950 698 3025; x_wconf 86' lang='lat' dir='ltr'>comitatuum</span> <span class='ocrx_word' id='word_1_138' title='bbox 725 2943 1183 3035; x_wconf 87' lang='lat' dir='ltr'>contrahere,</span> <span class='ocrx_word' id='word_1_139' title='bbox 1206 2943 1656 3040; x_wconf 89' lang='lat' dir='ltr'>militemque</span> <span class='ocrx_word' id='word_1_140' title='bbox 1697 2943 2044 3037; x_wconf 89' lang='lat' dir='ltr'>scribere,</span> <span class='ocrx_word' id='word_1_141' title='bbox 2089 2953 2161 3019; x_wconf 89' lang='lat' dir='ltr'>et</span> <span class='ocrx_word' id='word_1_142' title='bbox 2183 2944 2468 3019; x_wconf 90' lang='lat' dir='ltr'>Andre·</span> 
     </span>
     <span class='ocr_line' id='line_1_22' title="bbox 224 3070 2466 3168; baseline -0.002 -15"><span class='ocrx_word' id='word_1_143' title='bbox 224 3103 343 3153; x_wconf 88' lang='lat' dir='ltr'>am</span> <span class='ocrx_word' id='word_1_144' title='bbox 405 3075 808 3151; x_wconf 90' lang='lat' dir='ltr'>Bathorem</span> <span class='ocrx_word' id='word_1_145' title='bbox 865 3073 1057 3147; x_wconf 91' lang='lat' dir='ltr'>alam</span> <span class='ocrx_word' id='word_1_146' title='bbox 1099 3071 1417 3168; x_wconf 88' lang='lat' dir='ltr'>equitum</span> <span class='ocrx_word' id='word_1_147' title='bbox 1463 3078 1536 3145; x_wconf 87' lang='lat' dir='ltr'>et</span> <span class='ocrx_word' id='word_1_148' title='bbox 1577 3071 1951 3147; x_wconf 89' lang='lat' dir='ltr'>cohortem</span> <span class='ocrx_word' id='word_1_149' title='bbox 1996 3070 2466 3167; x_wconf 84' lang='lat' dir='ltr'>Ungarorum</span> 
     </span>
     <span class='ocr_line' id='line_1_23' title="bbox 218 3196 2469 3300; baseline -0.002 -23"><span class='ocrx_word' id='word_1_150' title='bbox 218 3205 291 3277; x_wconf 90' lang='grc'>111</span> <span class='ocrx_word' id='word_1_151' title='bbox 337 3200 712 3300; x_wconf 90' lang='lat' dir='ltr'>stipendio</span> <span class='ocrx_word' id='word_1_152' title='bbox 736 3196 1185 3274; x_wconf 81' lang='lat' dir='ltr'>Ferdinandi</span> <span class='ocrx_word' id='word_1_153' title='bbox 1210 3196 1592 3271; x_wconf 87' lang='lat' dir='ltr'>ducentem</span> <span class='ocrx_word' id='word_1_154' title='bbox 1632 3221 1778 3272; x_wconf 88' lang='lat' dir='ltr'>una</span> <span class='ocrx_word' id='word_1_155' title='bbox 1817 3218 2203 3271; x_wconf 86' lang='lat' dir='ltr'>occurrere</span> <span class='ocrx_word' id='word_1_156' title='bbox 2233 3199 2469 3294; x_wconf 78' lang='lat' dir='ltr'>Jubet.</span> 
     </span>
     <span class='ocr_line' id='line_1_24' title="bbox 229 3320 2474 3421; baseline -0.003 -16"><span class='ocrx_word' id='word_1_157' title='bbox 229 3330 379 3405; x_wconf 91' lang='lat' dir='ltr'>Hic</span> <span class='ocrx_word' id='word_1_158' title='bbox 420 3328 680 3403; x_wconf 87' lang='lat' dir='ltr'>dolore</span> <span class='ocrx_word' id='word_1_159' title='bbox 721 3321 1191 3400; x_wconf 90' lang='lat' dir='ltr'>articulorum</span> <span class='ocrx_word' id='word_1_160' title='bbox 1256 3323 1651 3421; x_wconf 91' lang='lat' dir='ltr'>impeditus</span> <span class='ocrx_word' id='word_1_161' title='bbox 1694 3320 2035 3398; x_wconf 86' lang='lat' dir='ltr'>Gabrieli</span> <span class='ocrx_word' id='word_1_162' title='bbox 2086 3322 2474 3416; x_wconf 88' lang='lat' dir='ltr'>Perennio,</span> 
     </span>
     <span class='ocr_line' id='line_1_25' title="bbox 217 3450 2461 3555; baseline -0.003 -23"><span class='ocrx_word' id='word_1_163' title='bbox 217 3459 340 3555; x_wconf 89' lang='lat' dir='ltr'>qui</span> <span class='ocrx_word' id='word_1_164' title='bbox 398 3453 850 3554; x_wconf 87' lang='lat' dir='ltr'>peculiarem</span> <span class='ocrx_word' id='word_1_165' title='bbox 905 3451 1098 3527; x_wconf 87' lang='lat' dir='ltr'>alam</span> <span class='ocrx_word' id='word_1_166' title='bbox 1175 3459 1247 3525; x_wconf 87' lang='lat' dir='ltr'>et</span> <span class='ocrx_word' id='word_1_167' title='bbox 1304 3450 1626 3549; x_wconf 86' lang='lat' dir='ltr'>peditum</span> <span class='ocrx_word' id='word_1_168' title='bbox 1688 3473 1989 3526; x_wconf 89' lang='lat' dir='ltr'>cuneum</span> <span class='ocrx_word' id='word_1_169' title='bbox 2052 3471 2182 3523; x_wconf 93' lang='lat' dir='ltr'>suo</span> <span class='ocrx_word' id='word_1_170' title='bbox 2222 3459 2461 3525; x_wconf 88' lang='lat' dir='ltr'>sumtu</span> 
     </span>
     <span class='ocr_line' id='line_1_26' title="bbox 215 3575 2461 3675; baseline -0.002 -17"><span class='ocrx_word' id='word_1_171' title='bbox 215 3584 566 3674; x_wconf 90' lang='lat' dir='ltr'>habebat,</span> <span class='ocrx_word' id='word_1_172' title='bbox 589 3580 860 3655; x_wconf 89' lang='lat' dir='ltr'>milites</span> <span class='ocrx_word' id='word_1_173' title='bbox 899 3586 972 3652; x_wconf 91' lang='lat' dir='ltr'>et</span> <span class='ocrx_word' id='word_1_174' title='bbox 1008 3578 1388 3675; x_wconf 89' lang='lat' dir='ltr'>imperium</span> <span class='ocrx_word' id='word_1_175' title='bbox 1410 3577 1732 3652; x_wconf 87' lang='lat' dir='ltr'>tradidit.</span> <span class='ocrx_word' id='word_1_176' title='bbox 1768 3575 2142 3671; x_wconf 80' lang='lat' dir='ltr'>Georgius</span> <span class='ocrx_word' id='word_1_177' title='bbox 2184 3577 2461 3653; x_wconf 82' lang='lat' dir='ltr'>auxilia</span> 
     </span>
     <span class='ocr_line' id='line_1_27' title="bbox 215 3703 2467 3807; baseline -0.003 -22"><span class='ocrx_word' id='word_1_178' title='bbox 215 3710 451 3807; x_wconf 84' lang='lat' dir='ltr'>regni,</span> <span class='ocrx_word' id='word_1_179' title='bbox 469 3710 922 3782; x_wconf 88' lang='lat' dir='ltr'>innumeram</span> <span class='ocrx_word' id='word_1_180' title='bbox 948 3705 1877 3796; x_wconf 87' lang='lat' dir='ltr'>multitudinem,trahebat,</span> <span class='ocrx_word' id='word_1_181' title='bbox 1900 3703 2240 3778; x_wconf 89' lang='lat' dir='ltr'>discretis</span> <span class='ocrx_word' id='word_1_182' title='bbox 2263 3726 2467 3779; x_wconf 83' lang='lat' dir='ltr'>exer—</span> 
     </span>
     <span class='ocr_line' id='line_1_28' title="bbox 221 3830 2465 3928; baseline -0.004 -16"><span class='ocrx_word' id='word_1_183' title='bbox 221 3837 533 3928; x_wconf 90' lang='lat' dir='ltr'>citibus,</span> <span class='ocrx_word' id='word_1_184' title='bbox 601 3834 904 3910; x_wconf 88' lang='lat' dir='ltr'>modicis</span> <span class='ocrx_word' id='word_1_185' title='bbox 963 3833 1395 3908; x_wconf 89' lang='lat' dir='ltr'>intervallis.</span> <span class='ocrx_word' id='word_1_186' title='bbox 1491 3830 1771 3905; x_wconf 87' lang='lat' dir='ltr'>Aderat</span> <span class='ocrx_word' id='word_1_187' title='bbox 1827 3830 2465 3928; x_wconf 87' lang='lat' dir='ltr'>praetonianarum</span> 
     </span>
     <span class='ocr_line' id='line_1_29' title="bbox 219 3955 2468 4056; baseline -0.005 -17"><span class='ocrx_word' id='word_1_188' title='bbox 219 3964 632 4039; x_wconf 86' lang='lat' dir='ltr'>cohortium</span> <span class='ocrx_word' id='word_1_189' title='bbox 668 3961 868 4035; x_wconf 89' lang='lat' dir='ltr'>mille</span> <span class='ocrx_word' id='word_1_190' title='bbox 910 3959 1473 4056; x_wconf 85' lang='lat' dir='ltr'>quingentorum</span> <span class='ocrx_word' id='word_1_191' title='bbox 1514 3956 1838 4055; x_wconf 88' lang='lat' dir='ltr'>peditum</span> <span class='ocrx_word' id='word_1_192' title='bbox 1880 3955 2281 4030; x_wconf 89' lang='lat' dir='ltr'>lectissima</span> <span class='ocrx_word' id='word_1_193' title='bbox 2319 3978 2468 4029; x_wconf 91' lang='lat' dir='ltr'>ma-</span> 
     </span>
     <span class='ocr_line' id='line_1_30' title="bbox 220 4081 2466 4183; baseline -0.006 -17"><span class='ocrx_word' id='word_1_194' title='bbox 220 4115 356 4167; x_wconf 89' lang='lat' dir='ltr'>nus</span> <span class='ocrx_word' id='word_1_195' title='bbox 379 4150 395 4183; x_wconf 90' lang='lat'>,</span> <span class='ocrx_word' id='word_1_196' title='bbox 463 4097 538 4165; x_wconf 91' lang='lat' dir='ltr'>et</span> <span class='ocrx_word' id='word_1_197' title='bbox 594 4091 717 4165; x_wconf 87' lang='lat' dir='ltr'>ala</span> <span class='ocrx_word' id='word_1_198' title='bbox 756 4096 1308 4176; x_wconf 87' lang='lat' dir='ltr'>veteranorum,</span> <span class='ocrx_word' id='word_1_199' title='bbox 1369 4106 1551 4182; x_wconf 92' lang='lat' dir='ltr'>quos</span> <span class='ocrx_word' id='word_1_200' title='bbox 1590 4108 1724 4182; x_wconf 91' lang='lat' dir='ltr'>pro</span> <span class='ocrx_word' id='word_1_201' title='bbox 1763 4081 2096 4157; x_wconf 89' lang='lat' dir='ltr'>custodia</span> <span class='ocrx_word' id='word_1_202' title='bbox 2135 4082 2466 4181; x_wconf 88' lang='lat' dir='ltr'>corporis</span> 
     </span>
     <span class='ocr_line' id='line_1_31' title="bbox 218 4207 2467 4318; baseline -0.006 -22"><span class='ocrx_word' id='word_1_203' title='bbox 218 4237 406 4318; x_wconf 86' lang='lat' dir='ltr'>pace</span> <span class='ocrx_word' id='word_1_204' title='bbox 448 4225 521 4292; x_wconf 92' lang='lat' dir='ltr'>et</span> <span class='ocrx_word' id='word_1_205' title='bbox 559 4214 759 4292; x_wconf 89' lang='lat' dir='ltr'>bello</span> <span class='ocrx_word' id='word_1_206' title='bbox 798 4238 1155 4313; x_wconf 88' lang='lat' dir='ltr'>nusquam</span> <span class='ocrx_word' id='word_1_207' title='bbox 1197 4215 1291 4288; x_wconf 92' lang='lat' dir='ltr'>ab</span> <span class='ocrx_word' id='word_1_208' title='bbox 1331 4214 1567 4287; x_wconf 89' lang='lat' dir='ltr'>latere</span> <span class='ocrx_word' id='word_1_209' title='bbox 1606 4211 2040 4284; x_wconf 89' lang='lat' dir='ltr'>dimittebat.</span> <span class='ocrx_word' id='word_1_210' title='bbox 2064 4207 2467 4284; x_wconf 84' lang='lat' dir='ltr'>Castaldus</span> 
     </span>
     <span class='ocr_line' id='line_1_32' title="bbox 214 4335 2465 4442; baseline -0.005 -20"><span class='ocrx_word' id='word_1_211' title='bbox 214 4370 390 4423; x_wconf 86' lang='lat' dir='ltr'>vero</span> <span class='ocrx_word' id='word_1_212' title='bbox 434 4368 565 4421; x_wconf 90' lang='grc'><strong>038</strong></span> <span class='ocrx_word' id='word_1_213' title='bbox 629 4366 816 4442; x_wconf 89' lang='lat' dir='ltr'>quas</span> <span class='ocrx_word' id='word_1_214' title='bbox 855 4342 1168 4417; x_wconf 83' lang='lat' dir='ltr'>diximus</span> <span class='ocrx_word' id='word_1_215' title='bbox 1211 4342 1463 4439; x_wconf 90' lang='lat' dir='ltr'>copias</span> <span class='ocrx_word' id='word_1_216' title='bbox 1504 4339 1841 4414; x_wconf 90' lang='lat' dir='ltr'>ducebat.</span> <span class='ocrx_word' id='word_1_217' title='bbox 1921 4335 2249 4411; x_wconf 84' lang='lat' dir='ltr'>Thomas</span> <span class='ocrx_word' id='word_1_218' title='bbox 2278 4336 2465 4412; x_wconf 89' lang='lat' dir='ltr'>Var-</span> 
     </span>
     <span class='ocr_line' id='line_1_33' title="bbox 215 4462 2467 4564; baseline -0.005 -15"><span class='ocrx_word' id='word_1_219' title='bbox 215 4473 454 4564; x_wconf 86' lang='lat' dir='ltr'>koch,</span> <span class='ocrx_word' id='word_1_220' title='bbox 515 4480 589 4547; x_wconf 90' lang='lat' dir='ltr'>et</span> <span class='ocrx_word' id='word_1_221' title='bbox 645 4469 1002 4545; x_wconf 91' lang='lat' dir='ltr'>Perenius</span> <span class='ocrx_word' id='word_1_222' title='bbox 1063 4491 1218 4543; x_wconf 90' lang='lat' dir='ltr'>cum</span> <span class='ocrx_word' id='word_1_223' title='bbox 1261 4467 1508 4542; x_wconf 89' lang='lat' dir='ltr'>decem</span> <span class='ocrx_word' id='word_1_224' title='bbox 1549 4465 1873 4541; x_wconf 91' lang='lat' dir='ltr'>millibus</span> <span class='ocrx_word' id='word_1_225' title='bbox 1909 4462 2229 4561; x_wconf 91' lang='lat' dir='ltr'>peditum</span> <span class='ocrx_word' id='word_1_226' title='bbox 2269 4464 2467 4561; x_wconf 88' lang='lat' dir='ltr'>equi-</span> 
     </span>
    </p>
   </div>
   <div class='ocr_carea' id='block_1_3' title="bbox 210 4588 2464 4791">
    <p class='ocr_par' dir='ltr' id='par_1_3' title="bbox 210 4588 2464 4791">
     <span class='ocr_line' id='line_1_34' title="bbox 210 4588 2464 4706; baseline -0.006 -29"><span class='ocrx_word' id='word_1_227' title='bbox 210 4610 509 4698; x_wconf 79' lang='lat' dir='ltr'>tumque</span> <span class='ocrx_word' id='word_1_228' title='bbox 549 4596 1084 4672; x_wconf 87' lang='lat' dir='ltr'>Totvaradiam</span> <span class='ocrx_word' id='word_1_229' title='bbox 1119 4594 1335 4693; x_wconf 91' lang='lat' dir='ltr'>primi</span> <span class='ocrx_word' id='word_1_230' title='bbox 1374 4616 1666 4687; x_wconf 82' lang='lat' dir='ltr'>venere3</span> <span class='ocrx_word' id='word_1_231' title='bbox 1707 4615 1873 4666; x_wconf 86' lang='lat' dir='ltr'>mox</span> <span class='ocrx_word' id='word_1_232' title='bbox 1912 4589 2037 4665; x_wconf 87' lang='lat' dir='ltr'>alii</span> <span class='ocrx_word' id='word_1_233' title='bbox 2076 4598 2295 4686; x_wconf 87' lang='lat' dir='ltr'>atque</span> <span class='ocrx_word' id='word_1_234' title='bbox 2334 4588 2464 4706; x_wconf 83' lang='lat' dir='ltr'>alii</span> 
     </span>
     <span class='ocr_line' id='line_1_35' title="bbox 2047 4713 2138 4791; baseline 0 -32"><span class='ocrx_word' id='word_1_235' title='bbox 2047 4713 2138 4791; x_wconf 69' lang='lat'>2*</span> 
     </span>
    </p>
   </div>
  </div>
 </body>
</html>
