3293 5219
2352 361 2503 444 135

250 589 643 667 rhedarios
660 598 1009 665 vecturae
1031 589 1423 681 adhibitos,
1447 589 1698 682 plures
1720 586 2004 661 duobus
2029 585 2355 661 milhbus
2393 585 2499 658 fu-

243 721 422 808 isse,
481 725 789 816 praeter
846 717 1057 806 alios,
1115 715 1583 814 quiumilitum
1622 715 1990 790 sarcinam
2030 712 2496 812 impedimen-

241 853 469 943 taque
508 823 893 919 vexerunt.
914 837 915 840 ’
935 842 1148 934 Quod
1189 865 1276 916 eo
1315 840 1628 916 consilio
1667 842 1936 915 factum
1976 848 2111 932 est,
2134 839 2328 936 quod
2365 861 2496 912 rex

239 970 791 1068 expeditionem
840 970 1032 1045 hanc
1084 969 1409 1046 terrendi
1461 968 1752 1067 potius,
1812 990 2029 1064 quam
2102 964 2496 1039 invadendi

239 1097 485 1173 hostis
528 1119 759 1172 causa
799 1097 1075 1185 fecerit,
1139 1118 1564 1192 summaque
1606 1095 1807 1187 belli,
1864 1102 1944 1168 ut
1981 1093 2237 1188 Sigeto
2277 1117 2491 1190 prae-

239 1224 511 1299 sidium
575 1232 1169 1320 commeatusque
1225 1223 1799 1320 imponerentur,
1854 1223 2114 1306 fuerit3
2179 1221 2492 1318 ideoque

242 1349 541 1424 navalis
579 1359 989 1450 apparatus
1049 1351 1394 1447 copiosus
1432 1348 1828 1440 adhibitae,
1869 1356 1950 1423 ut
1987 1348 2052 1423 si
2087 1348 2329 1422 hostis
2365 1347 2492 1420 im-

242 1477 710 1575 pressionem
763 1477 1092 1552 facturus
1125 1476 1241 1568 sit,
1263 1473 1985 1550 transmittendorum
2029 1481 2242 1549 retro-
2266 1473 2492 1547 amni-

239 1628 377 1695 um,
436 1603 721 1696 Dravi,
761 1604 1041 1695 Murae,
1077 1626 1212 1700 pro
1268 1623 1508 1676 rerum
1543 1599 1995 1675 necessitate
2035 1599 2250 1699 copia
2275 1599 2492 1674 foret.

451 1728 821 1825 Princeps
875 1727 1246 1827 superatis
1288 1726 1670 1806 *Austriae
1742 1706 2048 1818 finibus,
2096 1734 2490 1825 postquam

245 1857 519 1932 limites
558 1855 942 1951 Ungariae
982 1863 1098 1929 est
1136 1856 1520 1952 ingressus
1544 1909 1560 1938 ,
1598 1851 2053 1928 incredibilis
2089 1860 2242 1928 tum
2279 1853 2491 1927 mise-

244 2006 393 2058 rum
434 1982 734 2079 vulgus,
776 1989 925 2057 tum
961 1982 1443 2072 nobilitatem,
1486 1981 1580 2055 ob
1621 1979 2171 2056 diuturnitatem
2210 2002 2491 2055 aerum-

240 2132 501 2184 narum
540 2109 639 2184 ab
660 2109 874 2184 hoste
903 2096 1431 2207 perpessarum
1467 2106 1755 2182 laetitia
1789 2107 2084 2203 invasit3
2121 2130 2259 2182 nec
2296 2106 2490 2203 quis-

242 2258 463 2332 quam
524 2236 665 2310 fuit
688 2292 717 2326 ,.
779 2235 902 2333 qui
962 2258 1108 2310 non
1164 2234 1434 2310 virtute
1498 2233 1857 2332 principis
1915 2233 2175 2330 hujus,
2228 2233 2359 2330 qui
2396 2232 2493 2306 ab

240 2361 528 2438 infelici
588 2385 767 2438 casu
824 2361 1183 2437 Ludovici
1256 2362 1461 2458 regis
1498 2361 1781 2459 primus
1821 2383 1992 2436 sese
2028 2360 2227 2435 hosti
2265 2380 2489 2458 oppo-

236 2510 410 2563 nere
470 2487 573 2562 sit
628 2508 875 2578 ausus,
910 2486 1376 2585 tyrannidem
1431 2485 1772 2561 hostilem
1844 2487 2135 2561 numine
2168 2484 2490 2584 propitio

235 2614 531 2712 pulsum
586 2613 681 2687 iri
735 2620 938 2689 certo
994 2613 1135 2688 sibi
1194 2599 1594 2687 statueret:
1631 2635 1866 2709 eoque
1904 2615 2138 2711 major
2175 2612 2488 2689 omnium

235 2748 548 2838 pectora
588 2740 750 2838 spei
786 2742 1007 2837 hujus
1063 2740 1286 2815 ardor
1320 2741 1728 2832 invaserat,
1770 2762 1913 2838 quo
1950 2741 2299 2816 memoria
2336 2740 2507 2815 diu-·

232 2874 501 2942 turnae
541 2869 990 2944 calamitatis
1028 2867 1471 2942 mentionem
1508 2867 1719 2965 pacis
1741 2862 1957 2966 (ipsis
1999 2869 2160 2944 solo
2201 2868 2489 2943 nomine

236 3002 509 3085 notam,
567 3015 649 3068 re
687 2995 911 3092 plane
946 2995 1419 3091 incognitam,
1458 3003 1538 3069 ut
1577 3003 1749 3070 sunt
1785 2995 2118 3071 homines
2156 2996 2232 3069 in
2268 2994 2483 3070 fidem

235 3144 483 3196 rerum
522 3120 924 3195 amicarum
963 3115 1489 3217 incitatissimi)
1517 3120 1919 3196 dulciorem
1954 3122 2301 3197 faciebat.
2341 3122 2490 3197 Au-

236 3250 521 3344 gebant
558 3248 993 3346 opinionem,
1033 3247 1556 3346 superstitiosa
1629 3256 1971 3340 veterum,
2015 3249 2492 3346 inprimisque

236 3372 1501 3471 Methodiicujuspiam,monasticae
1509 3372 2004 3472 professionis
2023 3373 2339 3447 hominis
2359 3397 2484 3448 va-

234 3502 515 3594 ticinia,
538 3520 809 3575 annum
849 3500 1060 3592 hunc,
1086 3500 1210 3599 qui
1231 3502 1347 3575 est
1385 3500 1481 3575 ab
1519 3500 1906 3575 incarnato
1943 3499 2096 3575 filio
2134 3499 2282 3575 Dei
2321 3521 2485 3574 sex-

234 3641 349 3705 tus
409 3636 513 3702 et·
548 3625 1202 3723 quinquagesimus
1254 3648 1481 3724 supra
1531 3626 2286 3726 sesquimillesimum,
2326 3624 2481 3702 Un-

229 3755 440 3852 garis
479 3753 787 3827 fatalem
824 3753 1003 3844 fore,
1026 3754 1383 3851 regnique
1421 3752 1957 3828 restitutionem
1996 3759 2332 3850 coeptum
2368 3752 2480 3827 iri.

231 3881 453 3976 Quod
489 3881 734 3979 ipsum
810 3902 952 3978 quo
989 3880 1515 3956 fervidioribus
1554 3883 1819 3958 animis
1858 3882 2004 3956 sibi
2039 3880 2471 3979 polliceren-

228 4019 365 4100 tur,
384 4029 538 4084 non
556 4029 866 4104 parvam
887 4015 962 4081 et
996 4007 1345 4106 princeps
1384 4008 1585 4084 dedit
1622 4008 1900 4093 ansam.
1941 4008 2134 4084 Nam
2165 4008 2484 4083 amoeni-

224 4142 455 4211 tatem
488 4132 657 4225 soli,
675 4131 1197 4231 mirificamque
1234 4134 1616 4230 fructuum,
1635 4134 2078 4234 praesertim
2095 4157 2482 4233 peponum,

225 4259 801 4359 magnitudinem
841 4318 855 4349 ,
930 4264 1608 4361 praestantiamque
1665 4263 2089 4352 admiratus,
2158 4261 2483 4338 dixerat:

231 4388 679 4485 degenerem
734 4408 905 4462 esse
962 4410 1125 4463 eum
1182 4389 1583 4483 hominem,
1646 4388 1770 4487 qui
1823 4410 1958 4487 pro
2013 4386 2281 4465 tellure
2335 4396 2483 4464 tam

230 4516 685 4592 excellentes
721 4513 1007 4590 fructus
1044 4523 1254 4591 tanta
1290 4518 1629 4591 ubertate
1666 4516 2040 4609 fundente,
2078 4515 2483 4613 periculum

230 4644 453 4733 vitae,
483 4642 550 4717 si
566 4688 570 4693 ·
586 4641 753 4716 Deo
795 4640 905 4715 sic
942 4640 1293 4739 placitum
1332 4645 1459 4731 sit,
1498 4644 1842 4742 refugiat.
1899 4642 2196 4721 Passim
2231 4642 2481 4744 itaque
