<?xml version="1.0" encoding="UTF-8"?>
<!DOCTYPE html PUBLIC "-//W3C//DTD XHTML 1.0 Transitional//EN"
    "http://www.w3.org/TR/xhtml1/DTD/xhtml1-transitional.dtd">
<html xmlns="http://www.w3.org/1999/xhtml" xml:lang="en" lang="en">
 <head>
  <title>
</title>
<meta http-equiv="Content-Type" content="text/html;charset=utf-8" />
  <meta name='ocr-system' content='tesseract 3.04.00' />
  <meta name='ocr-capabilities' content='ocr_page ocr_carea ocr_par ocr_line ocrx_word'/>
</head>
<body>
  <div class='ocr_page' id='page_1' title='image "./magyarhistorija00bpgoog/magyarhistorija00bpgoog_0283.png"; bbox 0 0 3293 5219; ppageno 0'>
   <div class='ocr_carea' id='block_1_1' title="bbox 2480 260 2632 341">
    <p class='ocr_par' dir='ltr' id='par_1_1' title="bbox 2480 260 2632 341">
     <span class='ocr_line' id='line_1_1' title="bbox 2480 260 2632 341; baseline 0.007 -1"><span class='ocrx_word' id='word_1_1' title='bbox 2480 260 2632 341; x_wconf 77' lang='lat'>165</span> 
     </span>
    </p>
   </div>
   <div class='ocr_carea' id='block_1_2' title="bbox 311 475 2630 4635">
    <p class='ocr_par' dir='ltr' id='par_1_2' title="bbox 311 475 2630 4635">
     <span class='ocr_line' id='line_1_2' title="bbox 389 475 2630 570; baseline 0.004 -21"><span class='ocrx_word' id='word_1_2' title='bbox 389 498 549 550; x_wconf 89' lang='lat' dir='ltr'>sum</span> <span class='ocrx_word' id='word_1_3' title='bbox 587 475 885 570; x_wconf 84' lang='lat' dir='ltr'>habeat,</span> <span class='ocrx_word' id='word_1_4' title='bbox 925 481 1267 555; x_wconf 85' lang='lat' dir='ltr'>efficiant.</span> <span class='ocrx_word' id='word_1_5' title='bbox 1325 479 1448 555; x_wconf 89' lang='lat' dir='ltr'>Ad</span> <span class='ocrx_word' id='word_1_6' title='bbox 1496 480 1685 555; x_wconf 88' lang='lat' dir='ltr'>haec</span> <span class='ocrx_word' id='word_1_7' title='bbox 1724 489 2090 555; x_wconf 88' lang='lat' dir='ltr'>oratorem</span> <span class='ocrx_word' id='word_1_8' title='bbox 2129 503 2358 570; x_wconf 90' lang='lat' dir='ltr'>suum,</span> <span class='ocrx_word' id='word_1_9' title='bbox 2396 483 2630 557; x_wconf 85' lang='lat' dir='ltr'>virum</span> 
     </span>
     <span class='ocr_line' id='line_1_3' title="bbox 378 603 2628 702; baseline 0.003 -26"><span class='ocrx_word' id='word_1_10' title='bbox 378 603 825 699; x_wconf 89' lang='lat' dir='ltr'>primarium,</span> <span class='ocrx_word' id='word_1_11' title='bbox 865 612 1084 702; x_wconf 88' lang='lat' dir='ltr'>atque</span> <span class='ocrx_word' id='word_1_12' title='bbox 1123 606 1197 679; x_wconf 92' lang='lat' dir='ltr'>in</span> <span class='ocrx_word' id='word_1_13' title='bbox 1221 606 1484 681; x_wconf 89' lang='lat' dir='ltr'>litteris</span> <span class='ocrx_word' id='word_1_14' title='bbox 1517 607 2016 681; x_wconf 87' lang='lat' dir='ltr'>doctissimum</span> <span class='ocrx_word' id='word_1_15' title='bbox 2055 606 2353 681; x_wconf 89' lang='lat' dir='ltr'>Petrum</span> <span class='ocrx_word' id='word_1_16' title='bbox 2392 608 2628 683; x_wconf 88' lang='lat' dir='ltr'>Fran-</span> 
     </span>
     <span class='ocr_line' id='line_1_4' title="bbox 379 730 2624 831; baseline 0.002 -29"><span class='ocrx_word' id='word_1_17' title='bbox 379 730 655 803; x_wconf 91' lang='lat' dir='ltr'>ciscum</span> <span class='ocrx_word' id='word_1_18' title='bbox 678 730 767 804; x_wconf 92' lang='lat' dir='ltr'>de</span> <span class='ocrx_word' id='word_1_19' title='bbox 787 731 1152 806; x_wconf 87' lang='lat' dir='ltr'>Martinez</span> <span class='ocrx_word' id='word_1_20' title='bbox 1178 756 1340 807; x_wconf 92' lang='lat' dir='ltr'>cum</span> <span class='ocrx_word' id='word_1_21' title='bbox 1359 734 1815 831; x_wconf 89' lang='lat' dir='ltr'>amplissima</span> <span class='ocrx_word' id='word_1_22' title='bbox 1855 734 2232 829; x_wconf 77' lang='lat' dir='ltr'>legatione</span> <span class='ocrx_word' id='word_1_23' title='bbox 2268 735 2624 831; x_wconf 86' lang='lat' dir='ltr'>adjungit.</span> 
     </span>
     <span class='ocr_line' id='line_1_5' title="bbox 378 856 2624 959; baseline 0.002 -27"><span class='ocrx_word' id='word_1_24' title='bbox 378 856 621 932; x_wconf 92' lang='lat' dir='ltr'>Unum</span> <span class='ocrx_word' id='word_1_25' title='bbox 659 866 903 933; x_wconf 87' lang='lat' dir='ltr'>tamen</span> <span class='ocrx_word' id='word_1_26' title='bbox 939 859 1014 933; x_wconf 93' lang='lat' dir='ltr'>in</span> <span class='ocrx_word' id='word_1_27' title='bbox 1053 867 1341 936; x_wconf 88' lang='lat' dir='ltr'>secreto</span> <span class='ocrx_word' id='word_1_28' title='bbox 1418 861 1761 935; x_wconf 86' lang='lat' dir='ltr'>mandato</span> <span class='ocrx_word' id='word_1_29' title='bbox 1825 861 2124 950; x_wconf 80' lang='lat' dir='ltr'>addidit,</span> <span class='ocrx_word' id='word_1_30' title='bbox 2162 870 2243 936; x_wconf 91' lang='lat' dir='ltr'>ut</span> <span class='ocrx_word' id='word_1_31' title='bbox 2281 886 2440 936; x_wconf 90' lang='lat' dir='ltr'>cum</span> <span class='ocrx_word' id='word_1_32' title='bbox 2478 863 2624 959; x_wconf 91' lang='lat' dir='ltr'>pri-</span> 
     </span>
     <span class='ocr_line' id='line_1_6' title="bbox 375 984 2622 1085; baseline 0.001 -28"><span class='ocrx_word' id='word_1_33' title='bbox 375 984 702 1060; x_wconf 90' lang='lat' dir='ltr'>moribus</span> <span class='ocrx_word' id='word_1_34' title='bbox 742 987 977 1082; x_wconf 89' lang='lat' dir='ltr'>regni,</span> <span class='ocrx_word' id='word_1_35' title='bbox 1001 1010 1090 1064; x_wconf 85' lang='lat' dir='ltr'>ac</span> <span class='ocrx_word' id='word_1_36' title='bbox 1126 987 1295 1085; x_wconf 91' lang='lat' dir='ltr'>ipsa</span> <span class='ocrx_word' id='word_1_37' title='bbox 1316 989 1576 1084; x_wconf 91' lang='lat' dir='ltr'>regina</span> <span class='ocrx_word' id='word_1_38' title='bbox 1615 997 1894 1083; x_wconf 87' lang='lat' dir='ltr'>ageret,</span> <span class='ocrx_word' id='word_1_39' title='bbox 1935 1012 2030 1062; x_wconf 91' lang='lat' dir='ltr'>ne</span> <span class='ocrx_word' id='word_1_40' title='bbox 2065 988 2117 1064; x_wconf 85' lang='lat' dir='ltr'><strong>J</strong></span> <span class='ocrx_word' id='word_1_41' title='bbox 2122 988 2451 1063; x_wconf 88' lang='lat' dir='ltr'>ohannes</span> <span class='ocrx_word' id='word_1_42' title='bbox 2489 987 2622 1061; x_wconf 90' lang='lat' dir='ltr'>fili-</span> 
     </span>
     <span class='ocr_line' id='line_1_7' title="bbox 373 1111 2617 1200; baseline 0.002 -15"><span class='ocrx_word' id='word_1_43' title='bbox 373 1135 461 1186; x_wconf 90' lang='lat' dir='ltr'>us</span> <span class='ocrx_word' id='word_1_44' title='bbox 519 1111 712 1185; x_wconf 90' lang='lat' dir='ltr'>inter</span> <span class='ocrx_word' id='word_1_45' title='bbox 769 1111 1195 1200; x_wconf 82' lang='lat' dir='ltr'>muliebria,</span> <span class='ocrx_word' id='word_1_46' title='bbox 1275 1122 1347 1198; x_wconf 91' lang='lat' dir='ltr'>et</span> <span class='ocrx_word' id='word_1_47' title='bbox 1424 1113 1673 1187; x_wconf 88' lang='lat' dir='ltr'>vilium</span> <span class='ocrx_word' id='word_1_48' title='bbox 1748 1113 2113 1189; x_wconf 92' lang='lat' dir='ltr'>hominum</span> <span class='ocrx_word' id='word_1_49' title='bbox 2210 1114 2617 1189; x_wconf 88' lang='lat' dir='ltr'>ministeria</span> 
     </span>
     <span class='ocr_line' id='line_1_8' title="bbox 365 1239 2611 1338; baseline 0.001 -27"><span class='ocrx_word' id='word_1_50' title='bbox 365 1239 824 1331; x_wconf 78' lang='lat' dir='ltr'>educaretur,</span> <span class='ocrx_word' id='word_1_51' title='bbox 865 1239 1000 1312; x_wconf 92' lang='lat' dir='ltr'>sed</span> <span class='ocrx_word' id='word_1_52' title='bbox 1039 1240 1365 1314; x_wconf 91' lang='lat' dir='ltr'>consiliis</span> <span class='ocrx_word' id='word_1_53' title='bbox 1409 1249 1482 1314; x_wconf 91' lang='lat' dir='ltr'>et</span> <span class='ocrx_word' id='word_1_54' title='bbox 1519 1241 1716 1316; x_wconf 88' lang='lat' dir='ltr'>curis</span> <span class='ocrx_word' id='word_1_55' title='bbox 1754 1242 1966 1336; x_wconf 90' lang='lat' dir='ltr'>regni</span> <span class='ocrx_word' id='word_1_56' title='bbox 2017 1239 2611 1338; x_wconf 85' lang='lat' dir='ltr'>promovendum,</span> 
     </span>
     <span class='ocr_line' id='line_1_9' title="bbox 366 1364 2612 1463; baseline 0.001 -24"><span class='ocrx_word' id='word_1_57' title='bbox 366 1364 897 1441; x_wconf 82' lang='lat' dir='ltr'>informandum</span> <span class='ocrx_word' id='word_1_58' title='bbox 956 1374 1176 1463; x_wconf 86' lang='lat' dir='ltr'>atque</span> <span class='ocrx_word' id='word_1_59' title='bbox 1217 1367 1789 1443; x_wconf 86' lang='lat' dir='ltr'>assvescendum</span> <span class='ocrx_word' id='word_1_60' title='bbox 1848 1373 2209 1442; x_wconf 88' lang='lat' dir='ltr'>curarent.</span> <span class='ocrx_word' id='word_1_61' title='bbox 2285 1365 2612 1443; x_wconf 85' lang='lat' dir='ltr'>Christo-</span> 
     </span>
     <span class='ocr_line' id='line_1_10' title="bbox 346 1491 2611 1592; baseline 0 -26"><span class='ocrx_word' id='word_1_62' title='bbox 346 1491 643 1589; x_wconf 85' lang='lat' dir='ltr'>·phorus</span> <span class='ocrx_word' id='word_1_63' title='bbox 701 1493 1034 1591; x_wconf 89' lang='lat' dir='ltr'>Bathory</span> <span class='ocrx_word' id='word_1_64' title='bbox 1073 1495 1332 1567; x_wconf 86' lang='lat' dir='ltr'>eadem</span> <span class='ocrx_word' id='word_1_65' title='bbox 1380 1518 1535 1592; x_wconf 85' lang='lat' dir='ltr'>qua</span> <span class='ocrx_word' id='word_1_66' title='bbox 1572 1495 1814 1569; x_wconf 85' lang='lat' dir='ltr'>iverat</span> <span class='ocrx_word' id='word_1_67' title='bbox 1850 1495 2003 1584; x_wconf 86' lang='lat' dir='ltr'>via,</span> <span class='ocrx_word' id='word_1_68' title='bbox 2067 1517 2228 1569; x_wconf 92' lang='lat' dir='ltr'>cum</span> <span class='ocrx_word' id='word_1_69' title='bbox 2267 1495 2408 1569; x_wconf 91' lang='lat' dir='ltr'>hoc</span> <span class='ocrx_word' id='word_1_70' title='bbox 2448 1518 2611 1570; x_wconf 90' lang='lat' dir='ltr'>ora-</span> 
     </span>
     <span class='ocr_line' id='line_1_11' title="bbox 357 1617 2608 1716; baseline 0.001 -24"><span class='ocrx_word' id='word_1_71' title='bbox 357 1628 517 1694; x_wconf 85' lang='lat' dir='ltr'><strong>tore</strong></span> <span class='ocrx_word' id='word_1_72' title='bbox 577 1620 851 1715; x_wconf 88' lang='lat' dir='ltr'>gallico</span> <span class='ocrx_word' id='word_1_73' title='bbox 892 1628 1063 1693; x_wconf 84' lang='lat' dir='ltr'>ante</span> <span class='ocrx_word' id='word_1_74' title='bbox 1120 1629 1481 1695; x_wconf 81' lang='lat' dir='ltr'><strong>aestatem</strong></span> <span class='ocrx_word' id='word_1_75' title='bbox 1541 1630 1656 1695; x_wconf 92' lang='lat' dir='ltr'>est</span> <span class='ocrx_word' id='word_1_76' title='bbox 1711 1643 2077 1695; x_wconf 89' lang='lat' dir='ltr'>reversus.</span> <span class='ocrx_word' id='word_1_77' title='bbox 2134 1617 2367 1716; x_wconf 75' lang='lat' dir='ltr'>Cuius</span> <span class='ocrx_word' id='word_1_78' title='bbox 2407 1623 2608 1715; x_wconf 89' lang='lat' dir='ltr'>lega-</span> 
     </span>
     <span class='ocr_line' id='line_1_12' title="bbox 357 1746 2601 1845; baseline -0 -25"><span class='ocrx_word' id='word_1_79' title='bbox 357 1747 577 1820; x_wconf 80' lang='lat' dir='ltr'>tionis</span> <span class='ocrx_word' id='word_1_80' title='bbox 619 1746 860 1820; x_wconf 85' lang='lat' dir='ltr'>exitus</span> <span class='ocrx_word' id='word_1_81' title='bbox 904 1746 999 1820; x_wconf 92' lang='lat' dir='ltr'>ab</span> <span class='ocrx_word' id='word_1_82' title='bbox 1058 1752 1352 1828; x_wconf 88' lang='lat' dir='ltr'>oratore</span> <span class='ocrx_word' id='word_1_83' title='bbox 1410 1748 1484 1820; x_wconf 91' lang='lat' dir='ltr'>in</span> <span class='ocrx_word' id='word_1_84' title='bbox 1524 1756 1886 1822; x_wconf 82' lang='lat' dir='ltr'>conventu</span> <span class='ocrx_word' id='word_1_85' title='bbox 1944 1746 2236 1845; x_wconf 92' lang='lat' dir='ltr'>publico</span> <span class='ocrx_word' id='word_1_86' title='bbox 2285 1747 2601 1822; x_wconf 90' lang='lat' dir='ltr'>luculen-</span> 
     </span>
     <span class='ocr_line' id='line_1_13' title="bbox 355 1871 2607 1965; baseline -0 -19"><span class='ocrx_word' id='word_1_87' title='bbox 355 1873 646 1947; x_wconf 89' lang='lat' dir='ltr'>tissima</span> <span class='ocrx_word' id='word_1_88' title='bbox 717 1872 1047 1948; x_wconf 91' lang='lat' dir='ltr'>oratione</span> <span class='ocrx_word' id='word_1_89' title='bbox 1105 1873 1545 1965; x_wconf 87' lang='lat' dir='ltr'>declaratus,</span> <span class='ocrx_word' id='word_1_90' title='bbox 1605 1875 1923 1948; x_wconf 85' lang='lat' dir='ltr'>maxima</span> <span class='ocrx_word' id='word_1_91' title='bbox 1998 1895 2250 1946; x_wconf 89' lang='lat' dir='ltr'>omnes</span> <span class='ocrx_word' id='word_1_92' title='bbox 2325 1871 2607 1947; x_wconf 88' lang='lat' dir='ltr'>laetitia</span> 
     </span>
     <span class='ocr_line' id='line_1_14' title="bbox 351 1998 2601 2098; baseline -0 -25"><span class='ocrx_word' id='word_1_93' title='bbox 351 1999 698 2097; x_wconf 81' lang='lat' dir='ltr'>perfudit.</span> <span class='ocrx_word' id='word_1_94' title='bbox 739 1998 933 2090; x_wconf 79' lang='lat' dir='ltr'>Quin</span> <span class='ocrx_word' id='word_1_95' title='bbox 971 2001 1349 2098; x_wconf 81' lang='lat' dir='ltr'>principes</span> <span class='ocrx_word' id='word_1_96' title='bbox 1408 2000 1547 2074; x_wconf 92' lang='lat' dir='ltr'>viri</span> <span class='ocrx_word' id='word_1_97' title='bbox 1606 2008 1682 2074; x_wconf 90' lang='lat' dir='ltr'>et</span> <span class='ocrx_word' id='word_1_98' title='bbox 1738 1999 2032 2074; x_wconf 81' lang='lat' dir='ltr'>ordines</span> <span class='ocrx_word' id='word_1_99' title='bbox 2070 2000 2451 2095; x_wconf 88' lang='lat' dir='ltr'>utriusque</span> <span class='ocrx_word' id='word_1_100' title='bbox 2489 2022 2601 2073; x_wconf 91' lang='lat' dir='ltr'>re-</span> 
     </span>
     <span class='ocr_line' id='line_1_15' title="bbox 347 2123 2593 2222; baseline -0 -24"><span class='ocrx_word' id='word_1_101' title='bbox 347 2127 472 2221; x_wconf 85' lang='lat' dir='ltr'>gni</span> <span class='ocrx_word' id='word_1_102' title='bbox 512 2149 605 2200; x_wconf 86' lang='lat' dir='ltr'>ex</span> <span class='ocrx_word' id='word_1_103' title='bbox 646 2125 962 2217; x_wconf 88' lang='lat' dir='ltr'>decreto,</span> <span class='ocrx_word' id='word_1_104' title='bbox 985 2133 1063 2200; x_wconf 90' lang='lat' dir='ltr'>ut</span> <span class='ocrx_word' id='word_1_105' title='bbox 1080 2126 1503 2202; x_wconf 84' lang='lat' dir='ltr'>Johannem</span> <span class='ocrx_word' id='word_1_106' title='bbox 1521 2126 1784 2221; x_wconf 87' lang='lat' dir='ltr'>regina</span> <span class='ocrx_word' id='word_1_107' title='bbox 1807 2123 2260 2199; x_wconf 88' lang='lat' dir='ltr'>Varadinum</span> <span class='ocrx_word' id='word_1_108' title='bbox 2281 2125 2392 2204; x_wconf 86' lang='lat' dir='ltr'>ire</span> <span class='ocrx_word' id='word_1_109' title='bbox 2430 2148 2593 2222; x_wconf 88' lang='lat' dir='ltr'>per-</span> 
     </span>
     <span class='ocr_line' id='line_1_16' title="bbox 350 2252 2429 2351; baseline -0 -26"><span class='ocrx_word' id='word_1_110' title='bbox 350 2253 611 2342; x_wconf 86' lang='lat' dir='ltr'>mittat,</span> <span class='ocrx_word' id='word_1_111' title='bbox 652 2261 725 2328; x_wconf 92' lang='lat' dir='ltr'>et</span> <span class='ocrx_word' id='word_1_112' title='bbox 761 2254 1201 2329; x_wconf 57' lang='lat' dir='ltr'>insvescere‘</span> <span class='ocrx_word' id='word_1_113' title='bbox 1246 2252 1569 2348; x_wconf 90' lang='lat' dir='ltr'>negotiis</span> <span class='ocrx_word' id='word_1_114' title='bbox 1624 2252 1962 2351; x_wconf 90' lang='lat' dir='ltr'>publicis,</span> <span class='ocrx_word' id='word_1_115' title='bbox 2020 2252 2429 2327; x_wconf 83' lang='lat' dir='ltr'>hortantur.</span> 
     </span>
     <span class='ocr_line' id='line_1_17' title="bbox 559 2376 2595 2480; baseline -0.001 -28"><span class='ocrx_word' id='word_1_116' title='bbox 559 2376 711 2453; x_wconf 86' lang='lat' dir='ltr'>Sed</span> <span class='ocrx_word' id='word_1_117' title='bbox 749 2380 1012 2480; x_wconf 86' lang='lat' dir='ltr'>regina</span> <span class='ocrx_word' id='word_1_118' title='bbox 1034 2380 1229 2454; x_wconf 88' lang='lat' dir='ltr'>intra</span> <span class='ocrx_word' id='word_1_119' title='bbox 1250 2403 1420 2455; x_wconf 89' lang='lat' dir='ltr'>sese</span> <span class='ocrx_word' id='word_1_120' title='bbox 1443 2380 1631 2454; x_wconf 92' lang='lat' dir='ltr'>clam</span> <span class='ocrx_word' id='word_1_121' title='bbox 1671 2379 2165 2475; x_wconf 88' lang='lat' dir='ltr'>suspicionem</span> <span class='ocrx_word' id='word_1_122' title='bbox 2198 2401 2289 2450; x_wconf 89' lang='lat' dir='ltr'>ac</span> <span class='ocrx_word' id='word_1_123' title='bbox 2327 2384 2595 2450; x_wconf 89' lang='lat' dir='ltr'>metum</span> 
     </span>
     <span class='ocr_line' id='line_1_18' title="bbox 344 2503 2591 2603; baseline -0.001 -24"><span class='ocrx_word' id='word_1_124' title='bbox 344 2503 696 2602; x_wconf 88' lang='lat' dir='ltr'>concepit.</span> <span class='ocrx_word' id='word_1_125' title='bbox 736 2503 1111 2602; x_wconf 86' lang='lat' dir='ltr'>Siquidem</span> <span class='ocrx_word' id='word_1_126' title='bbox 1150 2518 1227 2582; x_wconf 88' lang='lat' dir='ltr'>et</span> <span class='ocrx_word' id='word_1_127' title='bbox 1262 2504 1671 2603; x_wconf 77' lang='lat' dir='ltr'>Georgium</span> <span class='ocrx_word' id='word_1_128' title='bbox 1740 2505 2188 2581; x_wconf 82' lang='lat' dir='ltr'>cardinalem</span> <span class='ocrx_word' id='word_1_129' title='bbox 2245 2505 2320 2579; x_wconf 90' lang='lat' dir='ltr'>id</span> <span class='ocrx_word' id='word_1_130' title='bbox 2376 2527 2591 2580; x_wconf 86' lang='lat' dir='ltr'>unum</span> 
     </span>
     <span class='ocr_line' id='line_1_19' title="bbox 344 2631 2590 2730; baseline 0 -23"><span class='ocrx_word' id='word_1_131' title='bbox 344 2656 639 2730; x_wconf 90' lang='lat' dir='ltr'>semper</span> <span class='ocrx_word' id='word_1_132' title='bbox 675 2631 1063 2729; x_wconf 87' lang='lat' dir='ltr'>flagitasse</span> <span class='ocrx_word' id='word_1_133' title='bbox 1121 2643 1195 2708; x_wconf 87' lang='lat' dir='ltr'>et</span> <span class='ocrx_word' id='word_1_134' title='bbox 1233 2634 1705 2709; x_wconf 88' lang='lat' dir='ltr'>contendisse</span> <span class='ocrx_word' id='word_1_135' title='bbox 1761 2635 2212 2724; x_wconf 86' lang='lat' dir='ltr'>meminerat,</span> <span class='ocrx_word' id='word_1_136' title='bbox 2272 2634 2396 2730; x_wconf 89' lang='lat' dir='ltr'>qui</span> <span class='ocrx_word' id='word_1_137' title='bbox 2435 2633 2590 2729; x_wconf 89' lang='lat' dir='ltr'>qui-</span> 
     </span>
     <span class='ocr_line' id='line_1_20' title="bbox 343 2759 2589 2858; baseline 0.001 -27"><span class='ocrx_word' id='word_1_138' title='bbox 343 2759 504 2834; x_wconf 92' lang='lat' dir='ltr'>dem</span> <span class='ocrx_word' id='word_1_139' title='bbox 546 2781 707 2833; x_wconf 93' lang='lat' dir='ltr'>cum</span> <span class='ocrx_word' id='word_1_140' title='bbox 744 2759 821 2831; x_wconf 90' lang='lat' dir='ltr'>id</span> <span class='ocrx_word' id='word_1_141' title='bbox 868 2761 1071 2834; x_wconf 90' lang='lat' dir='ltr'>nulla</span> <span class='ocrx_word' id='word_1_142' title='bbox 1126 2761 1434 2851; x_wconf 88' lang='lat' dir='ltr'>ratione,</span> <span class='ocrx_word' id='word_1_143' title='bbox 1491 2761 1840 2858; x_wconf 91' lang='lat' dir='ltr'>nulloque</span> <span class='ocrx_word' id='word_1_144' title='bbox 1880 2761 2209 2850; x_wconf 89' lang='lat' dir='ltr'>consili0,</span> <span class='ocrx_word' id='word_1_145' title='bbox 2251 2761 2446 2857; x_wconf 88' lang='lat' dir='ltr'>quod</span> <span class='ocrx_word' id='word_1_146' title='bbox 2481 2769 2589 2834; x_wconf 86' lang='lat' dir='ltr'>ta-</span> 
     </span>
     <span class='ocr_line' id='line_1_21' title="bbox 339 2886 2589 2985; baseline 0 -26"><span class='ocrx_word' id='word_1_147' title='bbox 339 2908 501 2959; x_wconf 91' lang='lat' dir='ltr'>men</span> <span class='ocrx_word' id='word_1_148' title='bbox 557 2907 788 2980; x_wconf 88' lang='lat' dir='ltr'>regno</span> <span class='ocrx_word' id='word_1_149' title='bbox 848 2886 1177 2959; x_wconf 87' lang='lat' dir='ltr'>salutare</span> <span class='ocrx_word' id='word_1_150' title='bbox 1237 2894 1418 2975; x_wconf 87' lang='lat' dir='ltr'>erat,</span> <span class='ocrx_word' id='word_1_151' title='bbox 1479 2886 1776 2962; x_wconf 88' lang='lat' dir='ltr'>efficere</span> <span class='ocrx_word' id='word_1_152' title='bbox 1838 2887 2250 2985; x_wconf 69' lang='lat' dir='ltr'>potuisset,</span> <span class='ocrx_word' id='word_1_153' title='bbox 2283 2909 2589 2981; x_wconf 88' lang='lat' dir='ltr'>regnum</span> 
     </span>
     <span class='ocr_line' id='line_1_22' title="bbox 337 3009 2584 3110; baseline 0 -27"><span class='ocrx_word' id='word_1_154' title='bbox 337 3009 828 3102; x_wconf 80' lang='lat' dir='ltr'>FerdinandO,</span> <span class='ocrx_word' id='word_1_155' title='bbox 888 3035 1325 3107; x_wconf 88' lang='lat' dir='ltr'>quamquam</span> <span class='ocrx_word' id='word_1_156' title='bbox 1366 3013 1739 3107; x_wconf 89' lang='lat' dir='ltr'>flagitiose</span> <span class='ocrx_word' id='word_1_157' title='bbox 1799 3036 1888 3088; x_wconf 89' lang='lat' dir='ltr'>ac</span> <span class='ocrx_word' id='word_1_158' title='bbox 1925 3012 2321 3110; x_wconf 84' lang='lat' dir='ltr'>perfidiose</span> <span class='ocrx_word' id='word_1_159' title='bbox 2358 3011 2584 3085; x_wconf 89' lang='lat' dir='ltr'>tradi-</span> 
     </span>
     <span class='ocr_line' id='line_1_23' title="bbox 335 3135 2576 3232; baseline 0 -20"><span class='ocrx_word' id='word_1_160' title='bbox 335 3137 565 3212; x_wconf 85' lang='lat' dir='ltr'>derat.</span> <span class='ocrx_word' id='word_1_161' title='bbox 607 3135 729 3209; x_wconf 91' lang='lat' dir='ltr'>Ad</span> <span class='ocrx_word' id='word_1_162' title='bbox 784 3135 969 3210; x_wconf 91' lang='lat' dir='ltr'>haec</span> <span class='ocrx_word' id='word_1_163' title='bbox 1006 3137 1261 3216; x_wconf 86' lang='lat' dir='ltr'>Bonae</span> <span class='ocrx_word' id='word_1_164' title='bbox 1302 3138 1608 3232; x_wconf 86' lang='lat' dir='ltr'>reginae</span> <span class='ocrx_word' id='word_1_165' title='bbox 1661 3138 1951 3212; x_wconf 87' lang='lat' dir='ltr'>callidis</span> <span class='ocrx_word' id='word_1_166' title='bbox 1994 3138 2324 3211; x_wconf 89' lang='lat' dir='ltr'>consiliis</span> <span class='ocrx_word' id='word_1_167' title='bbox 2367 3160 2576 3212; x_wconf 91' lang='lat' dir='ltr'>occu-</span> 
     </span>
     <span class='ocr_line' id='line_1_24' title="bbox 329 3262 2572 3361; baseline -0.001 -23"><span class='ocrx_word' id='word_1_168' title='bbox 329 3272 506 3361; x_wconf 86' lang='lat' dir='ltr'>pata</span> <span class='ocrx_word' id='word_1_169' title='bbox 560 3270 636 3336; x_wconf 88' lang='lat' dir='ltr'>et</span> <span class='ocrx_word' id='word_1_170' title='bbox 688 3285 1052 3359; x_wconf 88' lang='lat' dir='ltr'>persvasa</span> <span class='ocrx_word' id='word_1_171' title='bbox 1116 3265 1277 3358; x_wconf 88' lang='lat' dir='ltr'>jam</span> <span class='ocrx_word' id='word_1_172' title='bbox 1335 3264 1441 3337; x_wconf 88' lang='lat' dir='ltr'>ita</span> <span class='ocrx_word' id='word_1_173' title='bbox 1501 3273 1681 3352; x_wconf 88' lang='lat' dir='ltr'>erat,</span> <span class='ocrx_word' id='word_1_174' title='bbox 1745 3271 1823 3337; x_wconf 89' lang='lat' dir='ltr'>ut</span> <span class='ocrx_word' id='word_1_175' title='bbox 1880 3262 2296 3337; x_wconf 87' lang='lat' dir='ltr'>certissima</span> <span class='ocrx_word' id='word_1_176' title='bbox 2353 3270 2572 3354; x_wconf 89' lang='lat' dir='ltr'>esset,</span> 
     </span>
     <span class='ocr_line' id='line_1_25' title="bbox 330 3389 2576 3485; baseline -0.002 -21"><span class='ocrx_word' id='word_1_177' title='bbox 330 3389 603 3463; x_wconf 87' lang='lat' dir='ltr'>nullam</span> <span class='ocrx_word' id='word_1_178' title='bbox 642 3389 957 3485; x_wconf 88' lang='lat' dir='ltr'>amplius</span> <span class='ocrx_word' id='word_1_179' title='bbox 995 3412 1254 3485; x_wconf 90' lang='lat' dir='ltr'>pacem</span> <span class='ocrx_word' id='word_1_180' title='bbox 1293 3389 1499 3481; x_wconf 91' lang='lat' dir='ltr'>inire,</span> <span class='ocrx_word' id='word_1_181' title='bbox 1537 3396 1613 3463; x_wconf 90' lang='lat' dir='ltr'>at</span> <span class='ocrx_word' id='word_1_182' title='bbox 1669 3389 1915 3463; x_wconf 90' lang='lat' dir='ltr'>verbis</span> <span class='ocrx_word' id='word_1_183' title='bbox 1955 3389 2216 3461; x_wconf 90' lang='lat' dir='ltr'>saltem</span> <span class='ocrx_word' id='word_1_184' title='bbox 2259 3409 2576 3483; x_wconf 90' lang='lat' dir='ltr'>quoquo-</span> 
     </span>
     <span class='ocr_line' id='line_1_26' title="bbox 328 3512 2576 3611; baseline -0.001 -22"><span class='ocrx_word' id='word_1_185' title='bbox 328 3516 541 3589; x_wconf 91' lang='lat' dir='ltr'>modo</span> <span class='ocrx_word' id='word_1_186' title='bbox 598 3514 862 3589; x_wconf 87' lang='lat' dir='ltr'>leniter</span> <span class='ocrx_word' id='word_1_187' title='bbox 901 3538 1150 3611; x_wconf 89' lang='lat' dir='ltr'>agere.</span> <span class='ocrx_word' id='word_1_188' title='bbox 1190 3512 1522 3590; x_wconf 88' lang='lat' dir='ltr'>lsabella</span> <span class='ocrx_word' id='word_1_189' title='bbox 1544 3537 1724 3609; x_wconf 90' lang='lat' dir='ltr'>ergo</span> <span class='ocrx_word' id='word_1_190' title='bbox 1765 3515 1858 3588; x_wconf 91' lang='lat' dir='ltr'>ob</span> <span class='ocrx_word' id='word_1_191' title='bbox 1879 3512 2430 3587; x_wconf 89' lang='lat' dir='ltr'>immoderatam</span> <span class='ocrx_word' id='word_1_192' title='bbox 2466 3537 2576 3587; x_wconf 90' lang='lat' dir='ltr'>re-</span> 
     </span>
     <span class='ocr_line' id='line_1_27' title="bbox 328 3638 2574 3740; baseline -0.002 -23"><span class='ocrx_word' id='word_1_193' title='bbox 328 3642 606 3739; x_wconf 87' lang='lat' dir='ltr'>gnandi</span> <span class='ocrx_word' id='word_1_194' title='bbox 646 3641 1139 3740; x_wconf 87' lang='lat' dir='ltr'>cupiditatem,</span> <span class='ocrx_word' id='word_1_195' title='bbox 1180 3649 1254 3716; x_wconf 91' lang='lat' dir='ltr'>et</span> <span class='ocrx_word' id='word_1_196' title='bbox 1291 3643 1489 3716; x_wconf 88' lang='lat' dir='ltr'>vitae</span> <span class='ocrx_word' id='word_1_197' title='bbox 1529 3641 1624 3716; x_wconf 86' lang='lat' dir='ltr'>ad</span> <span class='ocrx_word' id='word_1_198' title='bbox 1663 3663 1913 3714; x_wconf 88' lang='lat' dir='ltr'>omnes</span> <span class='ocrx_word' id='word_1_199' title='bbox 1987 3640 2382 3714; x_wconf 91' lang='lat' dir='ltr'>muliebres</span> <span class='ocrx_word' id='word_1_200' title='bbox 2418 3638 2574 3713; x_wconf 90' lang='lat' dir='ltr'>ille-</span> 
     </span>
     <span class='ocr_line' id='line_1_28' title="bbox 326 3764 2572 3861; baseline -0.003 -17"><span class='ocrx_word' id='word_1_201' title='bbox 326 3771 591 3846; x_wconf 86' lang='lat' dir='ltr'>cebras</span> <span class='ocrx_word' id='word_1_202' title='bbox 633 3768 1039 3843; x_wconf 89' lang='lat' dir='ltr'>dissolutae</span> <span class='ocrx_word' id='word_1_203' title='bbox 1075 3769 1372 3842; x_wconf 86' lang='lat' dir='ltr'>nimiam</span> <span class='ocrx_word' id='word_1_204' title='bbox 1422 3768 1816 3859; x_wconf 91' lang='lat' dir='ltr'>licentiam,</span> <span class='ocrx_word' id='word_1_205' title='bbox 1870 3767 2057 3842; x_wconf 89' lang='lat' dir='ltr'>tanti</span> <span class='ocrx_word' id='word_1_206' title='bbox 2095 3765 2300 3861; x_wconf 91' lang='lat' dir='ltr'>regis</span> <span class='ocrx_word' id='word_1_207' title='bbox 2340 3764 2572 3839; x_wconf 85' lang='lat' dir='ltr'>affini-</span> 
     </span>
     <span class='ocr_line' id='line_1_29' title="bbox 324 3891 2574 3991; baseline -0.002 -20"><span class='ocrx_word' id='word_1_208' title='bbox 324 3905 554 3971; x_wconf 86' lang='lat' dir='ltr'>tatem</span> <span class='ocrx_word' id='word_1_209' title='bbox 595 3894 1159 3990; x_wconf 90' lang='lat' dir='ltr'>amicitiamque,</span> <span class='ocrx_word' id='word_1_210' title='bbox 1199 3895 1410 3990; x_wconf 90' lang='lat' dir='ltr'>regni</span> <span class='ocrx_word' id='word_1_211' title='bbox 1466 3900 1689 3991; x_wconf 89' lang='lat' dir='ltr'>atque</span> <span class='ocrx_word' id='word_1_212' title='bbox 1744 3894 1878 3967; x_wconf 90' lang='lat' dir='ltr'>filii</span> <span class='ocrx_word' id='word_1_213' title='bbox 1932 3894 2045 3967; x_wconf 92' lang='lat' dir='ltr'>sui</span> <span class='ocrx_word' id='word_1_214' title='bbox 2081 3915 2298 3967; x_wconf 90' lang='lat' dir='ltr'>unum</span> <span class='ocrx_word' id='word_1_215' title='bbox 2334 3891 2574 3966; x_wconf 88' lang='lat' dir='ltr'>firma-</span> 
     </span>
     <span class='ocr_line' id='line_1_30' title="bbox 324 4018 2573 4116; baseline -0.002 -20"><span class='ocrx_word' id='word_1_216' title='bbox 324 4029 664 4111; x_wconf 86' lang='lat' dir='ltr'>mentum,</span> <span class='ocrx_word' id='word_1_217' title='bbox 743 4044 886 4094; x_wconf 90' lang='lat' dir='ltr'>non</span> <span class='ocrx_word' id='word_1_218' title='bbox 960 4021 1291 4114; x_wconf 83' lang='lat' dir='ltr'>neglexit</span> <span class='ocrx_word' id='word_1_219' title='bbox 1380 4021 1635 4114; x_wconf 89' lang='lat' dir='ltr'>modo,</span> <span class='ocrx_word' id='word_1_220' title='bbox 1732 4022 1864 4095; x_wconf 90' lang='lat' dir='ltr'>sed</span> <span class='ocrx_word' id='word_1_221' title='bbox 1957 4018 2393 4116; x_wconf 89' lang='lat' dir='ltr'>contempsit</span> <span class='ocrx_word' id='word_1_222' title='bbox 2487 4042 2573 4092; x_wconf 94' lang='lat' dir='ltr'>ac</span> 
     </span>
     <span class='ocr_line' id='line_1_31' title="bbox 320 4146 2569 4248; baseline -0.002 -24"><span class='ocrx_word' id='word_1_223' title='bbox 320 4147 640 4248; x_wconf 72' lang='lat' dir='ltr'>respuit3</span> <span class='ocrx_word' id='word_1_224' title='bbox 682 4148 856 4244; x_wconf 89' lang='lat' dir='ltr'>quin</span> <span class='ocrx_word' id='word_1_225' title='bbox 896 4154 1146 4222; x_wconf 87' lang='lat' dir='ltr'>orator</span> <span class='ocrx_word' id='word_1_226' title='bbox 1183 4146 1378 4222; x_wconf 87' lang='lat' dir='ltr'>haud</span> <span class='ocrx_word' id='word_1_227' title='bbox 1417 4148 1602 4221; x_wconf 89' lang='lat' dir='ltr'>satis</span> <span class='ocrx_word' id='word_1_228' title='bbox 1640 4172 1775 4245; x_wconf 91' lang='lat' dir='ltr'>pro</span> <span class='ocrx_word' id='word_1_229' title='bbox 1815 4147 2172 4244; x_wconf 89' lang='lat' dir='ltr'>dignitate</span> <span class='ocrx_word' id='word_1_230' title='bbox 2210 4152 2569 4220; x_wconf 86' lang='lat' dir='ltr'>tractatus</span> 
     </span>
     <span class='ocr_line' id='line_1_32' title="bbox 316 4272 2565 4372; baseline -0.001 -23"><span class='ocrx_word' id='word_1_231' title='bbox 316 4274 760 4372; x_wconf 87' lang='lat' dir='ltr'>Byzantium</span> <span class='ocrx_word' id='word_1_232' title='bbox 815 4274 1110 4350; x_wconf 88' lang='lat' dir='ltr'>tandem</span> <span class='ocrx_word' id='word_1_233' title='bbox 1166 4273 1417 4350; x_wconf 89' lang='lat' dir='ltr'>abivit.</span> <span class='ocrx_word' id='word_1_234' title='bbox 1476 4274 1850 4351; x_wconf 90' lang='lat' dir='ltr'>Primores</span> <span class='ocrx_word' id='word_1_235' title='bbox 1927 4296 2240 4372; x_wconf 90' lang='lat' dir='ltr'>quoque,</span> <span class='ocrx_word' id='word_1_236' title='bbox 2299 4273 2422 4369; x_wconf 88' lang='lat' dir='ltr'>qui</span> <span class='ocrx_word' id='word_1_237' title='bbox 2458 4272 2565 4347; x_wconf 90' lang='lat' dir='ltr'>in-</span> 
     </span>
     <span class='ocr_line' id='line_1_33' title="bbox 312 4398 2564 4498; baseline -0.001 -23"><span class='ocrx_word' id='word_1_238' title='bbox 312 4403 704 4479; x_wconf 87' lang='lat' dir='ltr'>stutionem</span> <span class='ocrx_word' id='word_1_239' title='bbox 763 4402 919 4495; x_wconf 90' lang='lat' dir='ltr'>filii,</span> <span class='ocrx_word' id='word_1_240' title='bbox 961 4413 1035 4477; x_wconf 91' lang='lat' dir='ltr'>et</span> <span class='ocrx_word' id='word_1_241' title='bbox 1092 4402 1797 4477; x_wconf 88' lang='lat' dir='ltr'>administrationem</span> <span class='ocrx_word' id='word_1_242' title='bbox 1854 4401 2066 4498; x_wconf 89' lang='lat' dir='ltr'>regni</span> <span class='ocrx_word' id='word_1_243' title='bbox 2139 4398 2564 4495; x_wconf 90' lang='lat' dir='ltr'>diligentius</span> 
     </span>
     <span class='ocr_line' id='line_1_34' title="bbox 311 4525 2557 4635; baseline -0 -34"><span class='ocrx_word' id='word_1_244' title='bbox 311 4529 706 4605; x_wconf 87' lang='lat' dir='ltr'>curandam</span> <span class='ocrx_word' id='word_1_245' title='bbox 745 4530 1231 4623; x_wconf 86' lang='lat' dir='ltr'>censuissent,</span> <span class='ocrx_word' id='word_1_246' title='bbox 1270 4529 1435 4607; x_wconf 90' lang='lat' dir='ltr'>odio</span> <span class='ocrx_word' id='word_1_247' title='bbox 1491 4536 1715 4627; x_wconf 89' lang='lat' dir='ltr'>atque</span> <span class='ocrx_word' id='word_1_248' title='bbox 1753 4530 1868 4607; x_wconf 82' lang='lat' dir='ltr'>ira</span> <span class='ocrx_word' id='word_1_249' title='bbox 1903 4526 2257 4635; x_wconf 72' lang='lat' dir='ltr'>prosequi</span> <span class='ocrx_word' id='word_1_250' title='bbox 2295 4525 2557 4629; x_wconf 86' lang='lat' dir='ltr'>coepit.</span> 
     </span>
    </p>
   </div>
  </div>
 </body>
</html>
