3293 5219
798 329 954 409 260

789 558 866 625 to
915 550 1069 645 jam
1125 569 1323 623 vana
1379 568 1573 639 esse,
1632 569 1824 644 quae
1880 544 1970 623 de
2044 570 2322 644 genere
2377 548 2811 639 dictaverat,
2899 544 3070 612 tan·

794 698 1014 772 quam
1057 675 1421 749 advenam
1481 680 1555 748 et
1592 679 1976 748 externum
1997 672 2366 751 hominem
2404 699 2494 750 ex
2534 676 2761 750 insita
2797 667 3068 746 levita·

788 808 863 875 te
920 824 1148 897 aegre
1205 798 1650 894 tolerabant3
1679 800 1980 896 aegrius
2036 801 2260 876 etiam
2315 803 2388 877 id
2441 803 2803 892 ferebant,
2855 790 3070 892 quod

787 928 1089 1002 Martini
1145 925 1583 1026 Sborovscy
1640 928 1892 1026 poloni
1939 926 2190 1021 filiam,
2228 929 2543 1004 hominis
2585 924 2870 1003 externi
2909 919 3069 995 sibi

784 1075 1087 1128 uxorem
1122 1052 1643 1152 desponderat,
1683 1076 1905 1152 quam
1969 1055 2398 1152 propediem
2440 1056 2830 1130 affuturam
2867 1049 3070 1123 scie·

786 1180 987 1273 bant3
1025 1187 1250 1276 atque
1290 1180 1897 1277 qualemcumque
1933 1182 2393 1258 occasionem
2437 1178 2815 1281 accepturi
2853 1175 3067 1250 vide-

786 1306 1073 1397 bantur,
1133 1306 1737 1403 quaerebantque
1825 1304 2047 1380 etiam
2119 1307 2304 1406 ipsi3
2360 1330 2599 1405 neque
2657 1306 2846 1382 enim
2893 1304 3069 1399 jam

788 1430 1272 1506 cunctandum
1312 1431 1458 1506 sibi
1513 1431 2094 1525 arbitrabantur,
2153 1457 2318 1510 cum
2375 1435 2696 1509 adventu
2733 1430 3066 1505 Polono-

785 1579 945 1630 rum
985 1557 1107 1654 qui
1147 1580 1307 1632 cum
1344 1580 1577 1633 uxore
1615 1557 1882 1651 forent,
1942 1580 2178 1634 vanos
2249 1568 2470 1659 atque
2507 1561 2759 1635 irritos
2799 1578 3070 1632 omnes

783 1703 1031 1757 eorum
1090 1690 1397 1787 conatus
1469 1682 1631 1767 fore
1688 1683 2216 1779 intelligerent.
2311 1686 2551 1782 Igitur
2590 1680 3066 1760 Demetrium

783 1808 1040 1882 ducem
1113 1808 1204 1882 de
1261 1807 1682 1883 Visnovecz
1740 1808 1819 1881 in
1856 1806 2232 1884 Ruthenia
2292 1810 2589 1885 ditionis
2661 1806 3068 1908 polonicae

781 1933 1217 2027 sollicitare;
1256 1958 1418 2010 eum
1475 1935 1668 2010 enim
1725 1942 1800 2010 et
1856 1936 2300 2032 cognatione
2355 1936 2747 2013 nonnullos
2818 1958 2916 2010 ex
2977 1957 3066 2008 se

782 2060 1233 2154 contingere,
1285 2069 1359 2135 et
1397 2061 1727 2159 ejusdem
1768 2063 2156 2158 religionis
2213 2084 2422 2160 esse;
2479 2062 2728 2139 veniat
2767 2061 3068 2153 saltem,

781 2209 954 2263 sese
988 2187 1100 2262 illi
1171 2187 1423 2263 statim
1495 2210 1657 2263 cum
1731 2189 2059 2265 exercitu
2097 2211 2556 2284 occursuros,
2595 2189 2784 2264 etin
2857 2189 3066 2286 prin·

783 2314 1020 2412 cipem
1062 2337 1225 2390 eum
1282 2322 1747 2413 accepturos.
1806 2313 2058 2408 Quare
2115 2339 2522 2416 persvasus
2613 2339 2779 2392 cum
2813 2315 3065 2390 tribus

779 2438 1105 2547 millibus
1180 2438 1629 2517 Polonorum
1687 2449 1764 2517 et
1811 2443 2117 2518 totidem
2174 2441 2680 2519 Ruthenorum
2744 2442 2910 2537 jam
2985 2439 3066 2512 in

778 2566 1163 2666 procinctu
1203 2575 1386 2645 erat.
1464 2566 1701 2668 Cujus
1741 2578 2048 2646 conatus
2075 2594 2236 2648 cum
2276 2570 2375 2647 ad
2409 2570 2464 2650 J
2468 2570 2779 2647 acobum
2817 2567 3064 2644 defer·

778 2701 1005 2786 retur,
1048 2718 1490 2792 quamquam
1550 2697 1641 2772 de
1692 2697 2110 2797 proditione
2167 2699 2522 2775 nihildum
2577 2697 3064 2794 intelligeret,

780 2820 1267 2919 placeretque
1306 2833 1594 2900 armata
1628 2848 1850 2900 manu
1869 2824 1984 2900 illi
2021 2848 2448 2903 occurrere:
2524 2831 2903 2922 negarunt
2975 2846 3063 2898 se

779 2943 1105 3021 Valachi
1119 2944 1323 3023 solos
1346 2950 1539 3026 velle
1559 2950 1931 3049 proficisci
1953 2951 2114 3029 sine
2131 2953 2538 3046 tormentis,
2553 2949 3058 3050 sclopetariis,

779 3073 1300 3172 equitibusque
1321 3076 1856 3176 praetorianis;
1879 3101 1963 3156 se
1985 3079 2179 3156 enim
2218 3081 2505 3178 absque
2524 3078 2643 3154 his
2665 3077 2857 3152 nihil
2877 3099 3020 3176 pos
3037 3116 3058 3128 ·

778 3220 861 3274 se
878 3197 1268 3297 proficere.
1293 3202 1394 3278 Et
1436 3204 1776 3300 quamvis
1824 3205 2159 3283 Jacobus
2197 3204 2586 3283 dubitabat
2639 3228 2737 3280 an
2792 3204 3063 3301 copias

786 3347 995 3420 suas,
1036 3349 1228 3425 quae
1270 3329 1548 3427 alioqui
1574 3330 1894 3428 exiguae
1916 3339 2191 3424 essent,
2221 3330 2623 3408 divideret:
2661 3338 2920 3408 tamen
2954 3328 3059 3404 ab

771 3450 863 3527 iis
881 3453 1242 3552 petitione
1249 3458 1849 3556 juramentisque
1888 3466 2241 3559 tanquam
2279 3457 2717 3558 praestigiis
2740 3457 3051 3556 quibus·

776 3577 942 3653 dam
964 3601 1046 3654 se
1066 3581 1526 3677 persvadere
1545 3605 1821 3681 passus
1843 3593 1999 3682 est3
2042 3585 2323 3661 nullum
2346 3584 2540 3662 enim
2578 3581 2834 3660 dolum
2875 3581 3053 3658 sub·

773 3725 944 3778 esse
996 3706 1321 3782 rebatur.
1361 3707 1691 3806 Ideoque
1731 3707 1930 3785 CCL
1971 3711 2259 3809 equites
2319 3719 2394 3787 et
2429 3692 2744 3810 pedites,
2789 3731 3055 3784 omnes

772 3827 1149 3924 Ungaros,
1170 3831 1264 3907 ad
1312 3855 1530 3909 unum
1626 3836 2316 3933 praestantissimos
2408 3838 2705 3927 milites,
2745 3842 3061 3934 praeter

770 3954 1007 4030 XXX
1064 3957 1479 4036 Rascianos
1520 3961 1741 4053 misit,
1782 3963 2149 4059 adjunctis
2187 3963 2572 4039 Dormano
2630 3971 2707 4038 et
2762 3962 3061 4036 Tomsa

771 4080 1155 4175 Valachis,
1196 4107 1359 4159 cum
1399 4086 1907 4163 Valachorum
1949 4089 2299 4182 exercitu,
2359 4089 2484 4189 qui
2539 4086 3053 4166 Valachorum

768 4210 1177 4285 exercitum
1252 4235 1398 4287 non
1437 4221 1655 4289 erant
1746 4215 2234 4309 formidaturi,
2325 4207 2393 4291 si
2467 4236 2705 4312 aequo
2801 4218 3051 4287 marte

770 4330 1040 4410 fuisset
1060 4339 1558 4435 pugnandum.
1584 4337 1735 4416 Sed
1759 4341 1926 4416 dum
1945 4341 2221 4416 incauti
2242 4348 2316 4416 et
2336 4340 2522 4416 nihil
2538 4337 2696 4416 tale
2715 4345 3054 4413 metuen-

768 4463 885 4532 tes
922 4458 999 4533 in
1058 4459 1375 4557 quadam
1432 4465 1619 4540 villa
1669 4451 2187 4542 consedissent
2275 4466 2474 4541 ultra
2526 4462 2829 4540 fluvium
2879 4462 3049 4539 Ne·

769 4592 947 4678 ster,
988 4585 1345 4665 Rasciani
1363 4589 1541 4665 item
1579 4591 1656 4666 in
1696 4592 1848 4669 alia
1876 4590 2075 4671 haud
2110 4593 2394 4692 procul,
2420 4590 2806 4691 dispersos
2839 4588 3051 4668 alios
