3293 5219
2311 325 2473 404 447

222 571 613 640 reversus,
692 571 848 623 cum
923 548 1185 646 pedum
1280 555 1355 623 et
1407 570 1746 623 manuum
1816 571 2023 625 usum
2080 546 2474 634 amisisset,

219 675 570 774 princeps
627 676 721 751 ad
768 699 930 751 eum
968 674 1292 773 quotidie
1329 674 1762 750 ventitabat.
1819 674 2161 751 Recitata
2196 672 2470 769 legati-

218 823 361 876 one
399 811 477 876 et
511 800 1064 895 conditionibus,
1102 800 1418 877 Michael
1457 797 1807 876 Chiacius
1843 801 2093 877 statim
2128 796 2471 877 enunciat

221 928 321 1002 ad
358 925 535 1004 illas
555 928 889 1004 omnibus
917 927 1315 1025 jurandum
1352 949 1540 1024 esse,
1562 927 1757 1024 quod
1792 951 2010 1004 unum
2046 934 2247 1003 esset
2278 926 2470 1000 inter

220 1053 686 1130 conditiones
705 1079 723 1149 ;
743 1055 1049 1151 ipseque
1085 1053 1384 1152 primus,
1422 1061 1500 1128 et
1533 1062 1707 1153 post
1742 1055 1971 1131 ceteri
2007 1076 2282 1140 omnes,
2320 1074 2468 1126 non

226 1177 571 1256 consulta
631 1202 733 1270 re,
790 1204 938 1255 non
976 1179 1362 1254 sententiis
1398 1181 1687 1277 rogatis
1714 1184 1989 1277 jurant.
2049 1179 2469 1278 Stephanus

222 1317 473 1382 tamen
512 1307 926 1382 Bathoreus
950 1306 1058 1380 ita
1094 1328 1176 1380 se
1204 1307 1623 1403 juraturum
1661 1306 2099 1403 affirmabat,
2137 1309 2205 1382 si
2241 1301 2469 1381 Sach-

223 1455 454 1525 mam,
492 1441 566 1507 et
619 1432 916 1524 ditione,
962 1454 1151 1528 quae
1189 1432 1291 1506 ab
1331 1428 1728 1507 Germanis
1764 1439 2156 1526 teneretur,
2194 1429 2469 1529 potitus

223 1566 470 1654 esset;
525 1558 803 1656 alioqui
882 1560 1384 1655 Juramentum
1440 1581 1524 1633 se
1574 1565 1815 1634 ratum
1851 1580 1996 1632 non
2036 1557 2468 1636 habiturum.

223 1686 314 1764 Id
351 1708 436 1760 se
474 1693 892 1762 curaturum
928 1684 982 1761 J
986 1685 1080 1760 oh
1094 1707 1324 1760 annes
1361 1684 1719 1782 promisit.
1794 1684 2243 1761 Franciscus
2291 1708 2469 1760 vero

225 1810 577 1908 Forgach
598 1869 614 1902 ,
673 1820 1028 1909 quatenus
1090 1810 1169 1884 id
1207 1833 1440 1906 regno
1477 1811 1893 1908 populoque
1929 1811 2280 1908 ungarico
2319 1809 2467 1885 sal-

227 1961 398 2012 vum
463 1935 947 2033 faustumque,
979 1943 1054 2012 et
1090 1937 1156 2011 si
1188 1936 1481 2031 legibus
1517 1935 1784 2034 patriis
1824 1959 2136 2034 aequum
2164 1938 2472 2034 justum-

226 2085 371 2159 que
390 2063 511 2154 sit,
532 2085 675 2136 non
696 2062 886 2138 alias
907 2085 991 2137 se
1026 2048 1386 2138 facturum
1425 2068 1876 2137 contestatus
1915 2067 2051 2136 est.
2083 2061 2247 2138 Rex
2285 2085 2469 2158 ergo

225 2188 697 2265 vehementer
733 2189 1018 2282 laetari,
1039 2212 1129 2264 ac
1148 2189 1595 2287 praesertim
1633 2187 2011 2281 Becesius,
2034 2189 2228 2284 quod
2263 2191 2469 2265 solus

222 2322 567 2412 repertus
602 2313 907 2407 fuisset,
967 2314 1091 2411 qui
1168 2337 1428 2413 pacem
1464 2314 1687 2390 toties
1725 2311 2144 2388 inchoatam
2182 2321 2256 2388 et
2292 2337 2469 2389 nun-

229 2463 450 2537 quam
488 2441 893 2538 perfectam
930 2441 1024 2516 ad
1062 2440 1278 2515 finem
1317 2438 1771 2533 deduxisset3
1794 2438 2155 2513 neminem
2176 2462 2347 2514 esse
2387 2462 2471 2515 se

141 2559 146 2564 ’
228 2574 531 2666 praeter
567 2589 814 2660 unum,
855 2568 978 2663 qui
1014 2590 1169 2642 rem
1207 2574 1486 2644 tantam
1524 2565 1930 2641 confectum
1968 2564 2061 2640 iri
2102 2564 2469 2661 scivisset3

232 2690 588 2767 Selimum
616 2694 770 2789 jam
807 2714 952 2767 non
988 2716 1269 2787 curare,
1307 2692 1519 2768 flocci
1536 2691 1899 2791 pendere;
1945 2691 2088 2767 sibi
2103 2693 2263 2788 Jam
2280 2692 2471 2766 bene

225 2824 699 2917 prospectum
755 2839 940 2892 esse.
982 2816 1233 2894 Ceteri
1289 2815 1474 2892 nihil
1528 2818 1620 2891 de
1669 2817 1915 2913 patria
1951 2817 2077 2913 agi
2113 2817 2470 2906 videntes,

233 2944 420 3019 duos
457 2942 662 3040 ipsos
683 2942 910 3035 solos,
932 2942 1253 3019 exclusis
1292 2943 1648 3036 omnibus,
1688 2946 1849 3020 dies
1871 2952 2271 3041 noctesque
2301 2966 2471 3019 con-

231 3070 405 3144 silia
440 3069 752 3163 agitare,
809 3069 954 3144 sibi
990 3077 1272 3145 tantum
1309 3070 1759 3168 prospicere,
1800 3072 2139 3168 neglecto
2175 3070 2474 3167 publico

232 3196 394 3271 acsi
411 3194 510 3270 ad
527 3193 973 3292 perdendam
986 3195 1510 3295 rempublicam
1548 3196 1691 3271 duo
1730 3197 2310 3295 conspirassent,
2349 3219 2473 3270 ve-

234 3323 616 3397 hementer
652 3320 924 3396 dolere.
970 3322 1072 3395 Et
1108 3323 1173 3396 si
1212 3322 1308 3397 ad
1346 3322 1730 3398 consilium
1767 3322 2047 3419 aliquid
2082 3321 2468 3411 referrent,

236 3471 460 3524 unum
513 3448 986 3544 quaerebant,
1060 3447 1422 3545 quomodo
1486 3448 1631 3525 sibi
1686 3449 2044 3524 adversus
2119 3443 2470 3522 Selimum

235 3574 420 3651 tutis
477 3596 649 3649 esse
702 3574 998 3670 liceret3
1092 3567 1451 3673 quom'odo
1532 3585 1774 3653 autem
1829 3577 2072 3675 patria
2135 3581 2296 3649 tuta
2351 3572 2471 3667 sit,
2596 3584 2605 3597 ‘

233 3723 603 3798 nunquam
660 3702 1106 3798 cogitabant.
1164 3701 1283 3776 Ad
1337 3703 1527 3778 istas
1584 3725 1834 3779 eorum
1889 3700 2340 3800 agitationes
2395 3707 2472 3774 et

234 3827 629 3902 interiores
648 3828 1136 3925 cogitationes
1156 3851 1367 3905 nemo
1381 3830 1571 3906 alius
1592 3829 2084 3905 adhibebatur
2100 3826 2246 3902 nisi
2282 3823 2473 3901 Cha-

236 3954 417 4045 cius,
473 3951 607 4027 sed
643 3961 718 4028 et
749 3953 878 4030 ille
913 3977 1244 4053 perraro,
1264 3956 1639 4053 particeps
1676 3962 1923 4031 tamen
1962 3960 2124 4029 erat
2159 3950 2472 4027 consilii.

235 4082 442 4156 Inter
476 4078 1008 4171 ista,officiales
1030 4105 1279 4159 omnes
1301 4085 1576 4159 arcium
1592 4083 1814 4161 alium
1832 4089 2005 4181 post
2022 4080 2244 4158 alium
2282 4078 2472 4154 clam
2610 4136 2615 4145 .

238 4214 462 4304 atque
499 4205 795 4282 silentio
833 4208 1170 4301 maximo,
1207 4210 1356 4285 sibi
1394 4233 1483 4285 ac
1520 4209 2028 4286 Maximiliano
2054 4209 2471 4304 Jurejuran-

241 4332 332 4405 do
372 4331 862 4429 adstringunt.
920 4333 1095 4409 Rati
1116 4358 1294 4431 ergo
1317 4335 1887 4434 prudentissime
1928 4336 2085 4429 Jam
2125 4332 2269 4407 sibi
2304 4354 2470 4430 pro-

239 4467 567 4556 spectum
624 4482 831 4554 esse3
888 4463 1241 4552 restabat,
1297 4468 1378 4536 ut
1433 4461 1872 4558 legationem
1929 4453 2469 4533 confirmandae

235 4584 466 4683 pacis,
522 4585 628 4660 uti
663 4586 740 4659 in
773 4586 1014 4683 pactis
1061 4595 1241 4681 erat,
1288 4587 1667 4662 celerrime
1737 4587 2213 4683 ablegarent3
2246 4581 2324 4656 in
2378 4605 2470 4657 ea
