3293 5219
2315 316 2473 397 227

194 551 391 629 pons
449 531 610 607 fere
666 534 1044 608 confectus
1099 534 1312 623 foret,
1377 531 1816 609 Alexander
1885 535 1959 607 in
2019 534 2470 634 desperatio-

188 683 359 733 nem
418 660 746 750 veniens,
787 661 877 734 de
916 660 1154 754 prima
1192 661 1454 754 vigilia
1512 684 1675 735 cum
1719 662 1988 736 'Parcis
2030 665 2301 738 castris
2340 688 2461 737 ex-

189 785 449 869 cessit,
491 809 580 859 ac
619 786 904 859 Kiliam
925 784 1001 875 ²³²)
1062 793 1136 858 et
1175 786 1709 861 Nesteralbam
1748 789 2097 863 festinato
2137 792 2461 887 petebat.

188 910 410 1002 Quod
454 913 616 987 luce
676 922 839 986 orta
888 914 1210 988 Valachi
1268 915 1557 990 Jacobo
1620 916 2149 991 denunciantes
2211 918 2459 1015 gratia
2528 910 2534 921 ’

186 1038 609 1135 impetrata,
668 1040 741 1111 in
801 1038 1015 1113 fidem
1063 1043 1324 1135 jurare
1382 1043 1620 1115 coacti
1679 1065 1849 1116 sese
1909 1044 2277 1118 dedidere.
2340 1046 2461 1118 Ex

186 1164 403 1259 queis
463 1189 598 1260 pro
640 1166 1090 1261 insequendo
1145 1166 1575 1240 Alexandro
1616 1177 1696 1241 et*
1732 1170 2003 1242 'Furcis
2042 1170 2273 1262 missi,
2339 1193 2459 1244 no-

186 1289 540 1365 vissimos
579 1295 962 1389 assequuti
1002 1294 1399 1390 plerosque
1438 1295 1916 1385 trucidarunt,
1959 1305 2033 1369 et
2072 1297 2320 1393 capita
2362 1296 2458 1369 ad

186 1416 238 1492 J
245 1419 562 1492 acobum
616 1419 959 1508 retulere,
1004 1442 1164 1493 cum
1221 1420 1591 1516 aliquibus
1671 1422 1908 1516 signis
1988 1422 2456 1514 militaribus,

182 1545 509 1636 gratiam
582 1546 779 1643 apud
871 1570 1137 1621 novum
1210 1548 1617 1645 principem
1712 1548 2142 1644 quaesituri.
2254 1549 2450 1622 Exin

190 1668 748 1767 Transalpinus
787 1672 1165 1745 intellecta
1202 1695 1304 1763 re,
1339 1673 1628 1747 domum
1671 1673 2089 1747 revertitur.
2151 1675 2456 1749 Tartari

198 1816 378 1869 vero
421 1819 582 1868 cum
648 1798 917 1871 victum
959 1797 1467 1872 Alexandrum
1510 1799 2013 1886 audivissent,
2074 1809 2222 1871 tum
2266 1800 2459 1895 quod

184 1919 527 1995 Jacobus
584 1923 791 2020 prius
850 1923 945 1995 ad
997 1932 1297 2020 pontem
1356 1932 1682 2015 venerat,
1771 1946 1906 1996 nec
1965 1947 2048 1997 se
2108 1926 2454 2022 conjungi

191 2068 422 2141 posse
481 2054 872 2142 sperarent
930 2070 1090 2121 cum
1144 2048 1599 2141 AlexandrO,
1658 2048 2062 2124 redierunt.
2123 2051 2454 2126 Jacobus

179 2174 335 2267 jam
379 2174 917 2269 quinquaginta
975 2174 1203 2248 millia
1241 2176 1609 2250 hominum
1669 2177 1745 2249 in
1785 2177 2060 2251 castris
2102 2177 2452 2289 habebat,

191 2309 267 2372 et
302 2299 509 2374 bello
567 2299 662 2373 ad
717 2323 1077 2397 praesens
1150 2301 1536 2375 defunctus
1596 2311 1777 2376 erat.
1861 2302 1966 2376 At
2022 2300 2453 2378 Alexander

185 2425 312 2499 ubi
352 2422 1071 2520 Constantinopolim
1112 2428 1333 2516 venit,
1374 2428 1674 2501 multum
1717 2428 2260 2523 conquerendo,
2303 2430 2448 2502 sol-

190 2552 544 2628 licitando
602 2560 677 2626 et
749 2551 1157 2648 largiendO,
1220 2553 1527 2647 primum
1602 2553 1680 2626 id
1738 2554 2003 2646 effecit,
2063 2564 2142 2630 ut
2198 2553 2450 2631 Turca

182 2681 719 2776 beglerbegum
815 2677 1186 2754 Graeciae
1300 2682 1373 2753 in
1467 2681 2014 2774 expeditionem
2105 2682 2446 2775 mitteret,

185 2805 452 2879 deinde
530 2829 692 2880 cum
782 2829 961 2900 rege
1055 2805 1414 2881 Poloniae
1518 2808 2067 2905 expostularet,
2142 2830 2448 2906 passum

183 2943 443 3008 contra
517 2933 825 3006 foedera
895 2933 1235 3008 hostibus
1309 2933 1795 3008 concessisse.
1912 2937 2246 3012 Jacobus
2321 2960 2447 3010 au-

194 3067 338 3131 tem
402 3059 740 3154 subjecta
805 3077 892 3132 ac
944 3068 1215 3155 pacata
1260 3062 1421 3155 jam
1483 3061 1678 3132 omni
1723 3061 2110 3156 provincia
2148 3063 2445 3157 legatos

193 3184 286 3257 ad
342 3181 825 3280 Solymanum
902 3192 976 3257 et
1032 3183 1228 3256 circa
1295 3192 1743 3281 purpuratos
1813 3208 1973 3260 cum
2021 3186 2446 3260 muneribus

187 3309 443 3384 mittit:
503 3333 587 3383 se
634 3312 762 3405 jus
803 3332 1032 3400 suum,
1074 3333 1233 3384 cum
1275 3310 1492 3383 aliter
1529 3333 1676 3383 non
1713 3320 1990 3408 posset,
2030 3314 2255 3387 armis
2292 3313 2445 3384 vin·

195 3436 489 3510 dicasse
547 3436 796 3530 docet3
890 3433 1393 3510 Alexandrum
1451 3459 1587 3532 per
1643 3437 1986 3510 fraudem
2026 3438 2445 3534 irrepsisse,

173 3565 296 3658 jus
335 3571 589 3637 autem
625 3562 1031 3656 legitimum
1088 3584 1257 3635 sese
1297 3583 1742 3635 concernere
1782 3582 2153 3635 asserens.
2230 3559 2445 3634 Cete-

187 3713 338 3764 rum
388 3713 474 3763 se
532 3688 1025 3763 obedientiam
1082 3688 1633 3786 praestiturum,
1693 3694 1768 3758 et
1834 3709 2130 3760 censum
2190 3686 2445 3764 decem

188 3815 510 3889 millibus
566 3838 932 3890 nummum
989 3835 1289 3888 aureum
1365 3816 1441 3887 in
1497 3812 1814 3910 primum
1873 3836 2142 3886 annum
2197 3822 2443 3889 auctu-

185 3963 362 4014 rum.
424 3939 673 4031 Quare
728 3939 980 4014 Turca
1038 3937 1507 4014 dissimulata
1563 3940 1660 4012 ad
1717 3946 2002 4033 tempus
2062 3938 2284 4014 animi
2322 3965 2442 4015 ae-

186 4065 901 4160 gritudinesvalere
969 4069 1183 4162 jusso
1259 4064 1718 4156 Alexandro,
1800 4065 1895 4137 ab
1971 4064 2442 4160 expeditione

202 4193 727 4288 beglerbegum
764 4201 1106 4282 revocat,
1194 4215 1284 4265 ac
1320 4193 1612 4268 Jacobo
1654 4191 2007 4265 vexillum
2056 4191 2130 4263 in
2166 4213 2339 4284 mag
2365 4214 2413 4264 n

188 4319 689 4421 praefecturis·
715 4319 874 4393 dari
909 4317 1207 4393 solitum
1260 4317 1497 4393 mittit.

356 4598 418 4663 ⁴⁶)
442 4597 686 4654 Istvanfi
705 4602 984 4670 jegyzete
1008 4619 1021 4652 :
1055 4599 1201 4653 Olim
1231 4597 1575 4652 Achilleam.

1973 4689 2116 4766 15*
