3293 5219
2249 304 2399 382 185

184 521 556 597 continuum
616 544 772 595 cum
831 521 1306 597 Ferdinando
1364 531 1662 619 ageret3
1721 522 1914 620 quod
1988 527 2226 625 ipsum
2303 526 2396 599 ab

184 647 543 745 Solymano
584 653 752 721 ante
790 648 929 723 fuit
964 648 1465 746 impetratum:
1506 674 1599 724 ex
1638 672 1780 747 quo
1821 653 2134 728 animum
2177 659 2397 751 atque

181 797 466 850 amorem
542 796 727 870 erga
778 774 831 850 .J
835 774 1194 849 ohannem
1248 776 1469 875 plane
1551 776 2102 854 demonstravit.
2179 778 2400 854 Nam-

183 924 296 998 que
399 921 541 973 non
618 899 913 974 admisit
988 901 1220 994 mod0,
1297 901 1429 976 sed
1521 902 1739 977 etiam
1812 902 2152 981 hortatus
2266 912 2400 994 est,

181 1050 404 1127 pacem
458 1050 621 1102 cum
688 1025 1086 1103 Germanis
1143 1036 1222 1102 ut
1259 1028 1563 1119 faceret,
1627 1036 1702 1104 et
1760 1031 2063 1131 insuper
2099 1029 2406 1107 indulsit

182 1151 370 1229 filiam
411 1152 862 1228 Ferdinandi
920 1162 1045 1230 aut
1103 1179 1318 1252 quam
1377 1157 1601 1231 vellet
1640 1157 1955 1233 ducere:
1997 1159 2073 1233 id
2112 1181 2401 1258 quoque

183 1290 246 1355 ut
305 1283 611 1357 nuberet
696 1283 1321 1380 procreandorum
1376 1285 1775 1361 liberorum
1836 1308 2063 1362 causa
2101 1284 2395 1363 monuit.

184 1407 318 1484 Hoc
387 1431 601 1483 unum
677 1417 921 1485 tamen
998 1410 1287 1485 minime
1334 1413 1840 1507 committeret,
1876 1421 1956 1493 ut
2033 1413 2398 1513 oppidum,

186 1533 516 1626 villamve,
558 1543 687 1610 aut
723 1544 996 1611 terram
1018 1537 1231 1611 nnius
1250 1542 1528 1611 tantum
1553 1537 1763 1634 digiti
1820 1562 1912 1613 ex
1952 1562 2089 1615 sua
2126 1537 2399 1612 ditione

187 1659 604 1737 diminueret.
646 1662 1189 1737 Procuraverat
1241 1662 1384 1735 hoc
1457 1663 1529 1736 in
1621 1664 1995 1760 legatione
2088 1664 2405 1740 Michael

187 1784 479 1887 Gyulay,
516 1789 684 1881 fide,
725 1790 1161 1880 constantia,
1188 1798 1567 1885 usuatque
1589 1789 1996 1865 eruditione
2037 1792 2150 1866 vir
2186 1813 2400 1891 prae-

187 1923 384 1988 stans.
425 1916 679 1991 Tanta
719 1924 879 1990 erat
916 1912 1408 2013 iuSolymano
1430 1914 1738 1990 altitudo
1781 1917 2137 2012 quaedam
2177 1924 2251 1992 et
2288 1938 2400 1991 se-

189 2041 426 2116 curitas
501 2042 790 2139 ingens,
856 2050 931 2116 ut
994 2066 1231 2138 neque
1290 2041 1676 2134 dubitaret,
1740 2065 1977 2138 neque
2036 2050 2407 2118 metueret.

187 2164 363 2257 Quae
399 2192 549 2267 pax
587 2168 707 2242 his
764 2167 1051 2243 omnino
1110 2166 1651 2242 conditionibus
1709 2176 2193 2243 convenerat:
2280 2167 2401 2241 Fi·

187 2293 352 2382 liam,
385 2317 573 2390 quae
591 2317 727 2392 per
751 2291 1186 2368 Castaldum
1210 2302 1285 2368 et
1307 2293 1670 2368 Thomam
1694 2294 2203 2369 Nadasdinum
2240 2300 2409 2369 ante

189 2418 401 2495 fuerat
435 2421 825 2520 promissa,
866 2421 1381 2495 Ferdinandus
1460 2443 1760 2494 uxorem
1829 2422 1879 2496 J
1886 2420 2162 2494 ohanni
2202 2420 2413 2499 daret

191 2568 325 2621 cum
361 2546 524 2625 dote
564 2568 935 2622 caesarea.
1014 2543 1382 2622 Comitatu
1437 2545 1824 2644 Abaujvar
1877 2548 1927 2623 J
1935 2546 2259 2623 ohannes
2299 2568 2413 2620 ce·

193 2673 392 2766 deret,
427 2682 824 2774 propterea
863 2675 1057 2774 quod
1097 2671 1467 2749 Cassovia
1524 2674 1953 2772 metropolis
1994 2671 2414 2773 Superioris

195 2797 544 2896 Ungariae
581 2801 659 2874 in
695 2801 825 2877 illo
866 2809 1108 2894 esset3
1150 2801 1530 2898 indignum
1588 2802 1777 2876 enim
1854 2809 2074 2893 esset,
2116 2823 2303 2898 quae
2340 2798 2413 2872 in

194 2925 512 3023 reliquam
576 2926 920 3002 ditionem
979 2950 1114 3001 arx
1170 2934 1393 3017 esset,
1452 2927 1779 3022 ejusdem
1817 2949 2005 3024 pene
2041 2925 2419 3023 pomoeria

195 3052 274 3124 ab
342 3053 499 3128 aliis
574 3055 966 3151 possideri.
1025 3054 1270 3150 Bereg
1346 3062 1419 3128 et
1475 3052 1771 3149 Ugocia
1847 3053 2233 3128 comitatus
2306 3051 2414 3128 in-

194 3186 290 3252 ter
323 3179 450 3256 duo
507 3182 835 3278 imperia,
875 3183 1248 3274 tributum,
1291 3202 1580 3272 census,
1618 3181 1954 3276 utrisque
1992 3180 2414 3277 penderent,

196 3304 527 3382 dimidium
638 3318 880 3384 tamen
952 3308 1288 3405 singulis.
1328 3307 1763 3396 Mucacium,
1840 3306 2181 3399 Huztum,
2220 3305 2420 3379 Mar-

198 3432 477 3525 matiam,
518 3433 929 3532 Ungariam
988 3434 1422 3509 Inferiorem
1499 3439 1721 3528 atque
1778 3431 2421 3506 Transsilvaniam

199 3553 541 3635 Johannes
599 3562 752 3636 suis
813 3562 1111 3654 viribuS,
1153 3560 1305 3636 suis
1326 3558 1619 3655 legibus
1661 3558 1916 3649 libere,
1957 3558 2295 3632 absolute
2334 3580 2422 3631 ac

199 3695 536 3782 perpetuO,
559 3696 635 3762 et
670 3688 879 3783 regia
915 3710 1219 3787 prorsus
1260 3685 1655 3760 autoritate
1692 3683 2127 3781 possideret.
2167 3682 2417 3760 Titulo

201 3808 428 3885 saltem
496 3813 704 3909 regio
799 3814 1246 3899 abstineret,
1325 3819 1402 3886 at
1462 3834 1961 3909 quemcunque
2020 3812 2291 3903 mallet,
2349 3835 2419 3887 e·

200 3934 449 4032 ligeret.
490 3942 735 4018 Tanto
775 3963 956 4039 ergo
997 3945 1157 4035 ejus
1196 3941 1595 4038 potiundae
1636 3948 1709 4014 et
1747 3939 2100 4014 fruendae
2139 3939 2421 4014 deside-

205 4063 296 4133 rio
351 4070 774 4179 tenebatur,⁸
805 4076 885 4143 ut
961 4090 1189 4164 equos
1257 4068 1580 4163 jugaleS,
1636 4066 1930 4159 rhedas,
1974 4074 2421 4157 ornamenta,

205 4196 262 4260 et
309 4214 479 4287 quae
534 4186 779 4268 itineri
802 4201 1014 4269 erant
1074 4195 1522 4284 necessaria,
1564 4200 2016 4293 procuraret.
2059 4195 2237 4290 Ipsa
2276 4192 2418 4266 sibi

202 4312 327 4403 jam
393 4319 793 4394 Mucacium
868 4327 941 4393 et
999 4319 1319 4394 Huztum
1378 4343 1537 4395 cum
1616 4318 2010 4394 Marmatia
2083 4341 2217 4417 pro
2292 4318 2427 4395 ha-

219 4436 557 4536 bitatione,
600 4468 788 4541 quae
813 4442 1222 4519 Craccovia
1241 4467 1476 4544 parvo
1515 4445 1907 4519 intervallo
1951 4444 2197 4537 distat,
2240 4444 2425 4520 desi-

233 4581 486 4663 gnarat,
578 4596 764 4668 quae
814 4573 969 4667 jam
1029 4570 1244 4667 gravi
1297 4572 1550 4645 morbo
1609 4570 2110 4659 decumbebat,
2169 4593 2417 4646 verum
