<?xml version="1.0" encoding="UTF-8"?>
<!DOCTYPE html PUBLIC "-//W3C//DTD XHTML 1.0 Transitional//EN"
    "http://www.w3.org/TR/xhtml1/DTD/xhtml1-transitional.dtd">
<html xmlns="http://www.w3.org/1999/xhtml" xml:lang="en" lang="en">
 <head>
  <title>
</title>
<meta http-equiv="Content-Type" content="text/html;charset=utf-8" />
  <meta name='ocr-system' content='tesseract 3.04.00' />
  <meta name='ocr-capabilities' content='ocr_page ocr_carea ocr_par ocr_line ocrx_word'/>
</head>
<body>
  <div class='ocr_page' id='page_1' title='image "./magyarhistorija00bpgoog/magyarhistorija00bpgoog_0198.png"; bbox 0 0 3293 5219; ppageno 0'>
   <div class='ocr_carea' id='block_1_1' title="bbox 777 312 882 405">
    <p class='ocr_par' dir='ltr' id='par_1_1' title="bbox 777 312 882 405">
     <span class='ocr_line' id='line_1_1' title="bbox 777 312 882 405; baseline 0 0"><span class='ocrx_word' id='word_1_1' title='bbox 777 312 882 405; x_wconf 73' lang='lat'>96</span> 
     </span>
    </p>
   </div>
   <div class='ocr_carea' id='block_1_2' title="bbox 750 543 3043 4166">
    <p class='ocr_par' dir='ltr' id='par_1_2' title="bbox 750 543 3043 4166">
     <span class='ocr_line' id='line_1_2' title="bbox 764 543 3040 646; baseline -0.002 -24"><span class='ocrx_word' id='word_1_2' title='bbox 764 568 1038 646; x_wconf 83' lang='lat' dir='ltr'>pagum</span> <span class='ocrx_word' id='word_1_3' title='bbox 1151 544 1560 640; x_wconf 85' lang='lat' dir='ltr'>Zeghalom</span> <span class='ocrx_word' id='word_1_4' title='bbox 1653 551 2034 634; x_wconf 87' lang='lat' dir='ltr'>vocatum,</span> <span class='ocrx_word' id='word_1_5' title='bbox 2113 543 2386 618; x_wconf 87' lang='lat' dir='ltr'>castris</span> <span class='ocrx_word' id='word_1_6' title='bbox 2442 543 2826 617; x_wconf 87' lang='lat' dir='ltr'>collocatis</span> <span class='ocrx_word' id='word_1_7' title='bbox 2845 600 2861 633; x_wconf 84' lang='lat'>‚</span> <span class='ocrx_word' id='word_1_8' title='bbox 2943 567 3040 617; x_wconf 86' lang='lat' dir='ltr'>ex</span> 
     </span>
     <span class='ocr_line' id='line_1_3' title="bbox 761 665 3041 768; baseline -0.002 -21"><span class='ocrx_word' id='word_1_9' title='bbox 761 671 1154 749; x_wconf 88' lang='lat' dir='ltr'>Rascianis</span> <span class='ocrx_word' id='word_1_10' title='bbox 1174 671 1577 746; x_wconf 77' lang='lat' dir='ltr'>exercitum</span> <span class='ocrx_word' id='word_1_11' title='bbox 1615 676 2020 768; x_wconf 87' lang='lat' dir='ltr'>comparat,</span> <span class='ocrx_word' id='word_1_12' title='bbox 2053 667 2400 745; x_wconf 88' lang='lat' dir='ltr'>finitimos</span> <span class='ocrx_word' id='word_1_13' title='bbox 2417 665 2714 743; x_wconf 86' lang='lat' dir='ltr'>Turcas</span> <span class='ocrx_word' id='word_1_14' title='bbox 2732 668 2808 741; x_wconf 91' lang='lat' dir='ltr'>in</span> <span class='ocrx_word' id='word_1_15' title='bbox 2826 669 3041 743; x_wconf 82' lang='lat' dir='ltr'>auxi·</span> 
     </span>
     <span class='ocr_line' id='line_1_4' title="bbox 760 793 3040 875; baseline -0.002 -2"><span class='ocrx_word' id='word_1_16' title='bbox 760 800 937 875; x_wconf 89' lang='lat' dir='ltr'>lium</span> <span class='ocrx_word' id='word_1_17' title='bbox 958 803 1243 871; x_wconf 88' lang='lat' dir='ltr'>evocat.</span> <span class='ocrx_word' id='word_1_18' title='bbox 1264 796 1633 871; x_wconf 90' lang='lat' dir='ltr'>Budensis</span> <span class='ocrx_word' id='word_1_19' title='bbox 1672 818 1854 870; x_wconf 87' lang='lat' dir='ltr'>vero</span> <span class='ocrx_word' id='word_1_20' title='bbox 1931 794 2337 870; x_wconf 85' lang='lat' dir='ltr'>exercitum</span> <span class='ocrx_word' id='word_1_21' title='bbox 2375 801 2450 868; x_wconf 89' lang='lat' dir='ltr'>et</span> <span class='ocrx_word' id='word_1_22' title='bbox 2517 801 2885 868; x_wconf 85' lang='lat' dir='ltr'>tormenta</span> <span class='ocrx_word' id='word_1_23' title='bbox 2942 793 3040 868; x_wconf 86' lang='lat' dir='ltr'>ad</span> 
     </span>
     <span class='ocr_line' id='line_1_5' title="bbox 750 920 3042 1022; baseline -0.004 -21"><span class='ocrx_word' id='word_1_24' title='bbox 750 927 1033 1021; x_wconf 90' lang='lat' dir='ltr'>justum</span> <span class='ocrx_word' id='word_1_25' title='bbox 1051 924 1325 999; x_wconf 89' lang='lat' dir='ltr'>bellum</span> <span class='ocrx_word' id='word_1_26' title='bbox 1345 924 1706 1022; x_wconf 80' lang='lat' dir='ltr'>parabat3</span> <span class='ocrx_word' id='word_1_27' title='bbox 1745 924 1956 1018; x_wconf 87' lang='lat' dir='ltr'>cujus</span> <span class='ocrx_word' id='word_1_28' title='bbox 1979 927 2390 1019; x_wconf 85' lang='lat' dir='ltr'>apparatus</span> <span class='ocrx_word' id='word_1_29' title='bbox 2409 941 2619 994; x_wconf 87' lang='lat' dir='ltr'>mora</span> <span class='ocrx_word' id='word_1_30' title='bbox 2635 941 2760 994; x_wconf 90' lang='lat' dir='ltr'>res</span> <span class='ocrx_word' id='word_1_31' title='bbox 2778 927 2938 995; x_wconf 90' lang='lat' dir='ltr'>tum</span> <span class='ocrx_word' id='word_1_32' title='bbox 2958 920 3042 992; x_wconf 86' lang='lat' dir='ltr'>fi·</span> 
     </span>
     <span class='ocr_line' id='line_1_6' title="bbox 762 1042 3042 1145; baseline -0.003 -19"><span class='ocrx_word' id='word_1_33' title='bbox 762 1075 928 1126; x_wconf 91' lang='lat' dir='ltr'>nem</span> <span class='ocrx_word' id='word_1_34' title='bbox 968 1047 1224 1124; x_wconf 84' lang='lat' dir='ltr'>sortiri</span> <span class='ocrx_word' id='word_1_35' title='bbox 1250 1069 1408 1121; x_wconf 85' lang='lat' dir='ltr'>non</span> <span class='ocrx_word' id='word_1_36' title='bbox 1445 1047 1702 1145; x_wconf 88' lang='lat' dir='ltr'>potuit.</span> <span class='ocrx_word' id='word_1_37' title='bbox 1761 1045 2059 1120; x_wconf 83' lang='lat' dir='ltr'><strong>Etenim</strong></span> <span class='ocrx_word' id='word_1_38' title='bbox 2117 1042 2632 1119; x_wconf 87' lang='lat' dir='ltr'>Ferdinandus</span> <span class='ocrx_word' id='word_1_39' title='bbox 2688 1042 3042 1119; x_wconf 77' lang='lat' dir='ltr'>celeriter</span> 
     </span>
     <span class='ocr_line' id='line_1_7' title="bbox 762 1169 3043 1272; baseline -0.003 -23"><span class='ocrx_word' id='word_1_40' title='bbox 762 1174 1096 1251; x_wconf 86' lang='lat' dir='ltr'>deductis</span> <span class='ocrx_word' id='word_1_41' title='bbox 1168 1173 1570 1272; x_wconf 76' lang='lat' dir='ltr'>praesidiis</span> <span class='ocrx_word' id='word_1_42' title='bbox 1623 1196 1720 1247; x_wconf 83' lang='lat' dir='ltr'>ex</span> <span class='ocrx_word' id='word_1_43' title='bbox 1799 1171 2173 1266; x_wconf 86' lang='lat' dir='ltr'>confiniis,</span> <span class='ocrx_word' id='word_1_44' title='bbox 2247 1169 2729 1245; x_wconf 87' lang='lat' dir='ltr'>Franciscum</span> <span class='ocrx_word' id='word_1_45' title='bbox 2804 1169 3043 1267; x_wconf 84' lang='lat' dir='ltr'>Tahy</span> 
     </span>
     <span class='ocr_line' id='line_1_8' title="bbox 766 1293 3038 1396; baseline -0.003 -20"><span class='ocrx_word' id='word_1_46' title='bbox 766 1324 930 1376; x_wconf 92' lang='lat' dir='ltr'>cum</span> <span class='ocrx_word' id='word_1_47' title='bbox 1003 1300 1408 1396; x_wconf 75' lang='lat' dir='ltr'>aliquantis</span> <span class='ocrx_word' id='word_1_48' title='bbox 1484 1298 1859 1395; x_wconf 90' lang='lat' dir='ltr'>equitibus</span> <span class='ocrx_word' id='word_1_49' title='bbox 1880 1297 1960 1389; x_wconf 73' lang='lat' dir='ltr'>*J</span> <span class='ocrx_word' id='word_1_50' title='bbox 2019 1298 2113 1373; x_wconf 90' lang='lat' dir='ltr'>ad</span> <span class='ocrx_word' id='word_1_51' title='bbox 2169 1295 2711 1395; x_wconf 87' lang='lat' dir='ltr'>impediendum</span> <span class='ocrx_word' id='word_1_52' title='bbox 2763 1293 3038 1369; x_wconf 88' lang='lat' dir='ltr'>Petro-</span> 
     </span>
     <span class='ocr_line' id='line_1_9' title="bbox 760 1425 3042 1519; baseline -0.003 -17"><span class='ocrx_word' id='word_1_53' title='bbox 760 1428 1016 1504; x_wconf 86' lang='lat' dir='ltr'>vitium</span> <span class='ocrx_word' id='word_1_54' title='bbox 1053 1427 1296 1503; x_wconf 88' lang='lat' dir='ltr'>mittit.</span> <span class='ocrx_word' id='word_1_55' title='bbox 1372 1426 1787 1502; x_wconf 83' lang='lat' dir='ltr'>Francisco</span> <span class='ocrx_word' id='word_1_56' title='bbox 1888 1448 2051 1501; x_wconf 91' lang='lat' dir='ltr'>cum</span> <span class='ocrx_word' id='word_1_57' title='bbox 2086 1425 2290 1499; x_wconf 89' lang='lat' dir='ltr'>vires</span> <span class='ocrx_word' id='word_1_58' title='bbox 2365 1446 2511 1497; x_wconf 91' lang='lat' dir='ltr'>non</span> <span class='ocrx_word' id='word_1_59' title='bbox 2551 1428 3042 1519; x_wconf 83' lang='lat' dir='ltr'>suppeterent</span> 
     </span>
     <span class='ocr_line' id='line_1_10' title="bbox 764 1544 3042 1630; baseline -0.003 0"><span class='ocrx_word' id='word_1_60' title='bbox 764 1578 857 1630; x_wconf 85' lang='lat' dir='ltr'>ex</span> <span class='ocrx_word' id='word_1_61' title='bbox 898 1553 1374 1629; x_wconf 88' lang='lat' dir='ltr'>comitatibus</span> <span class='ocrx_word' id='word_1_62' title='bbox 1434 1544 1532 1627; x_wconf 92' lang='lat' dir='ltr'>ad</span> <span class='ocrx_word' id='word_1_63' title='bbox 1571 1549 2015 1628; x_wconf 79' lang='lat' dir='ltr'>Gassoviam</span> <span class='ocrx_word' id='word_1_64' title='bbox 2051 1559 2126 1626; x_wconf 92' lang='lat' dir='ltr'>et</span> <span class='ocrx_word' id='word_1_65' title='bbox 2162 1548 2549 1625; x_wconf 79' lang='lat' dir='ltr'>Tibiscum</span> <span class='ocrx_word' id='word_1_66' title='bbox 2588 1547 2877 1626; x_wconf 87' lang='lat' dir='ltr'>auxilia</span> <span class='ocrx_word' id='word_1_67' title='bbox 2916 1571 3042 1623; x_wconf 88' lang='lat' dir='ltr'>ac-</span> 
     </span>
     <span class='ocr_line' id='line_1_11' title="bbox 770 1671 3041 1756; baseline -0.004 0"><span class='ocrx_word' id='word_1_68' title='bbox 770 1681 1057 1756; x_wconf 91' lang='lat' dir='ltr'>cedunt.</span> <span class='ocrx_word' id='word_1_69' title='bbox 1116 1678 1466 1754; x_wconf 87' lang='lat' dir='ltr'>Andreas</span> <span class='ocrx_word' id='word_1_70' title='bbox 1541 1700 1721 1754; x_wconf 82' lang='lat' dir='ltr'>vero</span> <span class='ocrx_word' id='word_1_71' title='bbox 1783 1679 2014 1753; x_wconf 88' lang='lat' dir='ltr'>Bator</span> <span class='ocrx_word' id='word_1_72' title='bbox 2123 1685 2199 1752; x_wconf 92' lang='lat' dir='ltr'>et</span> <span class='ocrx_word' id='word_1_73' title='bbox 2247 1674 2577 1751; x_wconf 88' lang='lat' dir='ltr'>Mathias</span> <span class='ocrx_word' id='word_1_74' title='bbox 2671 1671 3041 1749; x_wconf 85' lang='lat' dir='ltr'>Saberdi-</span> 
     </span>
     <span class='ocr_line' id='line_1_12' title="bbox 764 1801 3037 1903; baseline -0.001 -25"><span class='ocrx_word' id='word_1_75' title='bbox 764 1827 904 1880; x_wconf 88' lang='lat' dir='ltr'>nus</span> <span class='ocrx_word' id='word_1_76' title='bbox 978 1805 1377 1903; x_wconf 88' lang='lat' dir='ltr'>episcopus</span> <span class='ocrx_word' id='word_1_77' title='bbox 1451 1803 1992 1892; x_wconf 85' lang='lat' dir='ltr'>varadinensis‚</span> <span class='ocrx_word' id='word_1_78' title='bbox 2067 1824 2213 1877; x_wconf 91' lang='lat' dir='ltr'>non</span> <span class='ocrx_word' id='word_1_79' title='bbox 2270 1801 2685 1877; x_wconf 86' lang='lat' dir='ltr'>mediocres</span> <span class='ocrx_word' id='word_1_80' title='bbox 2759 1801 3037 1898; x_wconf 84' lang='lat' dir='ltr'>copias</span> 
     </span>
     <span class='ocr_line' id='line_1_13' title="bbox 763 1925 3039 2027; baseline -0.001 -23"><span class='ocrx_word' id='word_1_81' title='bbox 763 1953 926 2005; x_wconf 93' lang='lat' dir='ltr'>cum</span> <span class='ocrx_word' id='word_1_82' title='bbox 961 1929 1349 2005; x_wconf 87' lang='lat' dir='ltr'>tormentis</span> <span class='ocrx_word' id='word_1_83' title='bbox 1388 1927 1675 2026; x_wconf 86' lang='lat' dir='ltr'>aliquot</span> <span class='ocrx_word' id='word_1_84' title='bbox 1729 1929 2244 2027; x_wconf 77' lang='lat' dir='ltr'>adJunxeruut.</span> <span class='ocrx_word' id='word_1_85' title='bbox 2300 1928 2422 2002; x_wconf 87' lang='lat' dir='ltr'>Ita</span> <span class='ocrx_word' id='word_1_86' title='bbox 2461 1925 2873 2001; x_wconf 89' lang='lat' dir='ltr'>Francisco</span> <span class='ocrx_word' id='word_1_87' title='bbox 2925 1928 3039 2001; x_wconf 84' lang='lat' dir='ltr'>vi-</span> 
     </span>
     <span class='ocr_line' id='line_1_14' title="bbox 760 2054 3034 2153; baseline -0 -23"><span class='ocrx_word' id='word_1_88' title='bbox 760 2077 884 2130; x_wconf 86' lang='lat' dir='ltr'>res</span> <span class='ocrx_word' id='word_1_89' title='bbox 923 2064 1147 2153; x_wconf 85' lang='lat' dir='ltr'>atque</span> <span class='ocrx_word' id='word_1_90' title='bbox 1184 2055 1502 2134; x_wconf 82' lang='lat' dir='ltr'>animum</span> <span class='ocrx_word' id='word_1_91' title='bbox 1541 2056 1838 2150; x_wconf 89' lang='lat' dir='ltr'>addunt,</span> <span class='ocrx_word' id='word_1_92' title='bbox 1881 2065 1955 2132; x_wconf 87' lang='lat' dir='ltr'>et</span> <span class='ocrx_word' id='word_1_93' title='bbox 2010 2056 2416 2153; x_wconf 87' lang='lat' dir='ltr'>impellunt,</span> <span class='ocrx_word' id='word_1_94' title='bbox 2472 2062 2555 2130; x_wconf 89' lang='lat' dir='ltr'>ut</span> <span class='ocrx_word' id='word_1_95' title='bbox 2588 2054 3034 2152; x_wconf 90' lang='lat' dir='ltr'>priusquam</span> 
     </span>
     <span class='ocr_line' id='line_1_15' title="bbox 756 2179 3036 2279; baseline 0 -23"><span class='ocrx_word' id='word_1_96' title='bbox 756 2182 1125 2258; x_wconf 84' lang='lat' dir='ltr'>Budeusis</span> <span class='ocrx_word' id='word_1_97' title='bbox 1164 2205 1327 2257; x_wconf 90' lang='lat' dir='ltr'>cum</span> <span class='ocrx_word' id='word_1_98' title='bbox 1362 2206 1633 2279; x_wconf 81' lang='lat' dir='ltr'>magno</span> <span class='ocrx_word' id='word_1_99' title='bbox 1686 2182 2019 2258; x_wconf 85' lang='lat' dir='ltr'>exercitu</span> <span class='ocrx_word' id='word_1_100' title='bbox 2076 2180 2734 2279; x_wconf 86' lang='lat' dir='ltr'>appropinquaret,</span> <span class='ocrx_word' id='word_1_101' title='bbox 2789 2179 3036 2256; x_wconf 87' lang='lat' dir='ltr'>hosti—</span> 
     </span>
     <span class='ocr_line' id='line_1_16' title="bbox 754 2305 3029 2405; baseline -0 -21"><span class='ocrx_word' id='word_1_102' title='bbox 754 2310 894 2384; x_wconf 91' lang='lat' dir='ltr'>bus</span> <span class='ocrx_word' id='word_1_103' title='bbox 969 2306 1326 2383; x_wconf 81' lang='lat' dir='ltr'>audacter</span> <span class='ocrx_word' id='word_1_104' title='bbox 1384 2315 1828 2383; x_wconf 82' lang='lat' dir='ltr'>occurreret.</span> <span class='ocrx_word' id='word_1_105' title='bbox 1886 2306 2260 2405; x_wconf 89' lang='lat' dir='ltr'>Impulsus</span> <span class='ocrx_word' id='word_1_106' title='bbox 2319 2327 2498 2402; x_wconf 84' lang='lat' dir='ltr'>ergo</span> <span class='ocrx_word' id='word_1_107' title='bbox 2557 2305 3029 2383; x_wconf 83' lang='lat' dir='ltr'>Franciscus</span> 
     </span>
     <span class='ocr_line' id='line_1_17' title="bbox 761 2432 3029 2531; baseline -0.001 -22"><span class='ocrx_word' id='word_1_108' title='bbox 761 2432 1008 2531; x_wconf 85' lang='lat' dir='ltr'>Tahy‚</span> <span class='ocrx_word' id='word_1_109' title='bbox 1030 2432 1129 2509; x_wconf 88' lang='lat' dir='ltr'>ad</span> <span class='ocrx_word' id='word_1_110' title='bbox 1162 2432 1419 2509; x_wconf 87' lang='lat' dir='ltr'>hostes</span> <span class='ocrx_word' id='word_1_111' title='bbox 1441 2432 1748 2524; x_wconf 89' lang='lat' dir='ltr'>accedit,</span> <span class='ocrx_word' id='word_1_112' title='bbox 1769 2432 1894 2528; x_wconf 93' lang='lat' dir='ltr'>qui</span> <span class='ocrx_word' id='word_1_113' title='bbox 1915 2454 2077 2507; x_wconf 87' lang='lat' dir='ltr'>cum</span> <span class='ocrx_word' id='word_1_114' title='bbox 2114 2452 2418 2507; x_wconf 90' lang='lat' dir='ltr'>numero</span> <span class='ocrx_word' id='word_1_115' title='bbox 2440 2453 2663 2529; x_wconf 88' lang='lat' dir='ltr'>pares</span> <span class='ocrx_word' id='word_1_116' title='bbox 2698 2433 3029 2508; x_wconf 89' lang='lat' dir='ltr'>nondum</span> 
     </span>
     <span class='ocr_line' id='line_1_18' title="bbox 761 2555 3032 2653; baseline -0 -19"><span class='ocrx_word' id='word_1_117' title='bbox 761 2566 1034 2651; x_wconf 85' lang='lat' dir='ltr'>essent,</span> <span class='ocrx_word' id='word_1_118' title='bbox 1075 2566 1151 2635; x_wconf 92' lang='lat' dir='ltr'>et</span> <span class='ocrx_word' id='word_1_119' title='bbox 1192 2558 1581 2634; x_wconf 86' lang='lat' dir='ltr'>tormentis</span> <span class='ocrx_word' id='word_1_120' title='bbox 1619 2557 1846 2634; x_wconf 86' lang='lat' dir='ltr'>etiam</span> <span class='ocrx_word' id='word_1_121' title='bbox 1880 2556 2297 2650; x_wconf 85' lang='lat' dir='ltr'>inferiores,</span> <span class='ocrx_word' id='word_1_122' title='bbox 2320 2579 2512 2653; x_wconf 90' lang='lat' dir='ltr'>quae</span> <span class='ocrx_word' id='word_1_123' title='bbox 2549 2555 2756 2633; x_wconf 84' lang='lat' dir='ltr'>nulla</span> <span class='ocrx_word' id='word_1_124' title='bbox 2790 2559 3032 2634; x_wconf 89' lang='lat' dir='ltr'>omni-</span> 
     </span>
     <span class='ocr_line' id='line_1_19' title="bbox 760 2682 3036 2774; baseline 0 -14"><span class='ocrx_word' id='word_1_125' title='bbox 760 2709 857 2761; x_wconf 90' lang='lat' dir='ltr'>no</span> <span class='ocrx_word' id='word_1_126' title='bbox 895 2682 1299 2774; x_wconf 85' lang='lat' dir='ltr'>habebant‚</span> <span class='ocrx_word' id='word_1_127' title='bbox 1336 2683 1711 2759; x_wconf 86' lang='lat' dir='ltr'>Budensis</span> <span class='ocrx_word' id='word_1_128' title='bbox 1770 2691 2014 2759; x_wconf 90' lang='lat' dir='ltr'>autem</span> <span class='ocrx_word' id='word_1_129' title='bbox 2072 2684 2201 2757; x_wconf 82' lang='lat' dir='ltr'>vix</span> <span class='ocrx_word' id='word_1_130' title='bbox 2239 2682 2482 2758; x_wconf 89' lang='lat' dir='ltr'>adhuc</span> <span class='ocrx_word' id='word_1_131' title='bbox 2515 2683 2731 2759; x_wconf 83' lang='lat' dir='ltr'>Buda</span> <span class='ocrx_word' id='word_1_132' title='bbox 2769 2694 3036 2761; x_wconf 82' lang='lat' dir='ltr'>castra</span> 
     </span>
     <span class='ocr_line' id='line_1_20' title="bbox 757 2809 3034 2907; baseline -0 -20"><span class='ocrx_word' id='word_1_133' title='bbox 757 2810 1135 2902; x_wconf 86' lang='lat' dir='ltr'>movisset,</span> <span class='ocrx_word' id='word_1_134' title='bbox 1176 2816 1398 2906; x_wconf 91' lang='lat' dir='ltr'>atque</span> <span class='ocrx_word' id='word_1_135' title='bbox 1436 2816 1728 2885; x_wconf 90' lang='lat' dir='ltr'>aestate</span> <span class='ocrx_word' id='word_1_136' title='bbox 1779 2832 2069 2907; x_wconf 90' lang='lat' dir='ltr'>quoque</span> <span class='ocrx_word' id='word_1_137' title='bbox 2116 2812 2275 2905; x_wconf 75' lang='lat' dir='ltr'>Jam</span> <span class='ocrx_word' id='word_1_138' title='bbox 2311 2809 2716 2884; x_wconf 82' lang='lat' dir='ltr'>inclinante</span> <span class='ocrx_word' id='word_1_139' title='bbox 2751 2811 2830 2884; x_wconf 90' lang='lat' dir='ltr'>in</span> <span class='ocrx_word' id='word_1_140' title='bbox 2869 2811 3034 2886; x_wconf 91' lang='lat' dir='ltr'>hie-</span> 
     </span>
     <span class='ocr_line' id='line_1_21' title="bbox 755 2936 3037 3036; baseline 0.001 -24"><span class='ocrx_word' id='word_1_141' title='bbox 755 2960 964 3032; x_wconf 89' lang='lat' dir='ltr'>mem,</span> <span class='ocrx_word' id='word_1_142' title='bbox 1004 2938 1339 3013; x_wconf 86' lang='lat' dir='ltr'>consulto</span> <span class='ocrx_word' id='word_1_143' title='bbox 1381 2936 1542 3013; x_wconf 87' lang='lat' dir='ltr'>sine</span> <span class='ocrx_word' id='word_1_144' title='bbox 1578 2938 1735 3013; x_wconf 89' lang='lat' dir='ltr'>ullo</span> <span class='ocrx_word' id='word_1_145' title='bbox 1773 2938 2062 3036; x_wconf 91' lang='lat' dir='ltr'>praelio</span> <span class='ocrx_word' id='word_1_146' title='bbox 2082 2937 2338 3014; x_wconf 88' lang='lat' dir='ltr'>Turca</span> <span class='ocrx_word' id='word_1_147' title='bbox 2376 2938 2686 3029; x_wconf 83' lang='lat' dir='ltr'>domum,</span> <span class='ocrx_word' id='word_1_148' title='bbox 2746 2936 3037 3015; x_wconf 87' lang='lat' dir='ltr'>Petrus</span> 
     </span>
     <span class='ocr_line' id='line_1_22' title="bbox 759 3061 3039 3162; baseline 0.001 -23"><span class='ocrx_word' id='word_1_149' title='bbox 759 3071 1006 3140; x_wconf 88' lang='lat' dir='ltr'>autem</span> <span class='ocrx_word' id='word_1_150' title='bbox 1041 3063 1119 3138; x_wconf 89' lang='lat' dir='ltr'>in</span> <span class='ocrx_word' id='word_1_151' title='bbox 1157 3085 1321 3137; x_wconf 90' lang='lat' dir='ltr'>eam</span> <span class='ocrx_word' id='word_1_152' title='bbox 1359 3086 1579 3160; x_wconf 90' lang='lat' dir='ltr'>quam</span> <span class='ocrx_word' id='word_1_153' title='bbox 1600 3062 1775 3155; x_wconf 81' lang='lat' dir='ltr'>dixi,</span> <span class='ocrx_word' id='word_1_154' title='bbox 1814 3064 2271 3162; x_wconf 85' lang='lat' dir='ltr'>provinciam</span> <span class='ocrx_word' id='word_1_155' title='bbox 2314 3061 2567 3140; x_wconf 86' lang='lat' dir='ltr'>abivit.</span> <span class='ocrx_word' id='word_1_156' title='bbox 2626 3063 2824 3137; x_wconf 82' lang='lat' dir='ltr'>Exin</span> <span class='ocrx_word' id='word_1_157' title='bbox 2864 3066 3039 3141; x_wconf 81' lang='lat' dir='ltr'>Ma-</span> 
     </span>
     <span class='ocr_line' id='line_1_23' title="bbox 765 3185 3034 3289; baseline 0 -24"><span class='ocrx_word' id='word_1_158' title='bbox 765 3185 964 3265; x_wconf 89' lang='lat' dir='ltr'>thias</span> <span class='ocrx_word' id='word_1_159' title='bbox 1039 3187 1500 3264; x_wconf 86' lang='lat' dir='ltr'>Saberdinus</span> <span class='ocrx_word' id='word_1_160' title='bbox 1576 3190 1974 3289; x_wconf 88' lang='lat' dir='ltr'>episcopus</span> <span class='ocrx_word' id='word_1_161' title='bbox 2051 3188 2574 3267; x_wconf 84' lang='lat' dir='ltr'>varadinensis</span> <span class='ocrx_word' id='word_1_162' title='bbox 2629 3191 3034 3268; x_wconf 85' lang='lat' dir='ltr'>castellum</span> 
     </span>
     <span class='ocr_line' id='line_1_24' title="bbox 767 3314 3038 3415; baseline 0.001 -25"><span class='ocrx_word' id='word_1_163' title='bbox 767 3314 1084 3413; x_wconf 87' lang='lat' dir='ltr'>Talpas,</span> <span class='ocrx_word' id='word_1_164' title='bbox 1142 3314 1494 3390; x_wconf 88' lang='lat' dir='ltr'>nobilium</span> <span class='ocrx_word' id='word_1_165' title='bbox 1551 3314 1806 3413; x_wconf 85' lang='lat' dir='ltr'>Toldy</span> <span class='ocrx_word' id='word_1_166' title='bbox 1826 3315 2308 3414; x_wconf 82' lang='lat' dir='ltr'>oppugnavit,</span> <span class='ocrx_word' id='word_1_167' title='bbox 2347 3321 3038 3415; x_wconf 88' lang='lat' dir='ltr'>tormentorumque</span> 
     </span>
     <span class='ocr_line' id='line_1_25' title="bbox 762 3439 3033 3541; baseline 0.002 -26"><span class='ocrx_word' id='word_1_168' title='bbox 762 3441 912 3517; x_wconf 85' lang='lat' dir='ltr'>ictu</span> <span class='ocrx_word' id='word_1_169' title='bbox 950 3448 1026 3516; x_wconf 86' lang='lat' dir='ltr'>et</span> <span class='ocrx_word' id='word_1_170' title='bbox 1060 3464 1200 3540; x_wconf 90' lang='lat' dir='ltr'>per</span> <span class='ocrx_word' id='word_1_171' title='bbox 1236 3442 1863 3541; x_wconf 80' lang='lat' dir='ltr'>oppugnationem</span> <span class='ocrx_word' id='word_1_172' title='bbox 1901 3448 2143 3539; x_wconf 84' lang='lat' dir='ltr'>capto,</span> <span class='ocrx_word' id='word_1_173' title='bbox 2182 3441 2595 3539; x_wconf 84' lang='lat' dir='ltr'>Dionysius</span> <span class='ocrx_word' id='word_1_174' title='bbox 2642 3439 3033 3520; x_wconf 83' lang='lat' dir='ltr'>Porcolab</span> 
     </span>
     <span class='ocr_line' id='line_1_26' title="bbox 762 3566 3038 3666; baseline 0.002 -26"><span class='ocrx_word' id='word_1_175' title='bbox 762 3567 878 3642; x_wconf 82' lang='lat' dir='ltr'>vir</span> <span class='ocrx_word' id='word_1_176' title='bbox 931 3568 1009 3641; x_wconf 91' lang='lat' dir='ltr'>iu</span> <span class='ocrx_word' id='word_1_177' title='bbox 1067 3566 1335 3644; x_wconf 87' lang='lat' dir='ltr'>militia</span> <span class='ocrx_word' id='word_1_178' title='bbox 1390 3574 1834 3666; x_wconf 87' lang='lat' dir='ltr'>praestans,</span> <span class='ocrx_word' id='word_1_179' title='bbox 1893 3573 1968 3643; x_wconf 88' lang='lat' dir='ltr'>et</span> <span class='ocrx_word' id='word_1_180' title='bbox 2041 3567 2170 3643; x_wconf 91' lang='lat' dir='ltr'>alii</span> <span class='ocrx_word' id='word_1_181' title='bbox 2224 3589 2483 3644; x_wconf 87' lang='lat' dir='ltr'>omnes</span> <span class='ocrx_word' id='word_1_182' title='bbox 2537 3567 3038 3646; x_wconf 79' lang='lat' dir='ltr'>trucidantur.</span> 
     </span>
     <span class='ocr_line' id='line_1_27' title="bbox 762 3691 3034 3796; baseline 0.003 -28"><span class='ocrx_word' id='word_1_183' title='bbox 762 3691 1150 3768; x_wconf 86' lang='lat' dir='ltr'>Nicolaum</span> <span class='ocrx_word' id='word_1_184' title='bbox 1166 3715 1349 3767; x_wconf 86' lang='lat' dir='ltr'>vero</span> <span class='ocrx_word' id='word_1_185' title='bbox 1387 3692 1641 3790; x_wconf 85' lang='lat' dir='ltr'>Toldy</span> <span class='ocrx_word' id='word_1_186' title='bbox 1671 3693 2208 3770; x_wconf 87' lang='lat' dir='ltr'>nobilissimum</span> <span class='ocrx_word' id='word_1_187' title='bbox 2241 3693 2788 3770; x_wconf 88' lang='lat' dir='ltr'>adolescentem</span> <span class='ocrx_word' id='word_1_188' title='bbox 2806 3697 3034 3796; x_wconf 78' lang='lat' dir='ltr'>cepit.</span> 
     </span>
     <span class='ocr_line' id='line_1_28' title="bbox 766 3811 3039 3920; baseline 0.003 -28"><span class='ocrx_word' id='word_1_189' title='bbox 766 3824 841 3892; x_wconf 91' lang='lat' dir='ltr'>et</span> <span class='ocrx_word' id='word_1_190' title='bbox 878 3815 1344 3894; x_wconf 88' lang='lat' dir='ltr'>Varadinum</span> <span class='ocrx_word' id='word_1_191' title='bbox 1365 3811 1759 3895; x_wconf 83' lang='lat' dir='ltr'>abductum</span> <span class='ocrx_word' id='word_1_192' title='bbox 1779 3819 1900 3912; x_wconf 81' lang='grc'>**)</span> <span class='ocrx_word' id='word_1_193' title='bbox 1922 3822 2350 3896; x_wconf 86' lang='lat' dir='ltr'>obtruncari</span> <span class='ocrx_word' id='word_1_194' title='bbox 2367 3821 2560 3896; x_wconf 89' lang='lat' dir='ltr'>fecit.</span> <span class='ocrx_word' id='word_1_195' title='bbox 2633 3821 2754 3896; x_wconf 84' lang='lat' dir='ltr'>Ex</span> <span class='ocrx_word' id='word_1_196' title='bbox 2817 3827 3039 3920; x_wconf 88' lang='lat' dir='ltr'>cujus</span> 
     </span>
     <span class='ocr_line' id='line_1_29' title="bbox 761 3943 3036 4045; baseline 0.002 -25"><span class='ocrx_word' id='word_1_197' title='bbox 761 3943 993 4020; x_wconf 89' lang='lat' dir='ltr'>caede</span> <span class='ocrx_word' id='word_1_198' title='bbox 1045 3952 1329 4020; x_wconf 86' lang='lat' dir='ltr'>tantam</span> <span class='ocrx_word' id='word_1_199' title='bbox 1365 3944 1721 4021; x_wconf 87' lang='lat' dir='ltr'>invidiam</span> <span class='ocrx_word' id='word_1_200' title='bbox 1778 3946 2197 4040; x_wconf 83' lang='lat' dir='ltr'>concitavit,</span> <span class='ocrx_word' id='word_1_201' title='bbox 2254 3945 2337 4022; x_wconf 87' lang='lat' dir='ltr'>ut</span> <span class='ocrx_word' id='word_1_202' title='bbox 2373 3954 2671 4022; x_wconf 88' lang='lat' dir='ltr'>ceteros</span> <span class='ocrx_word' id='word_1_203' title='bbox 2709 3968 3036 4045; x_wconf 83' lang='lat' dir='ltr'>quoque,</span> 
     </span>
     <span class='ocr_line' id='line_1_30' title="bbox 770 4070 3039 4166; baseline 0.001 -21"><span class='ocrx_word' id='word_1_204' title='bbox 770 4070 896 4166; x_wconf 94' lang='lat' dir='ltr'>qui</span> <span class='ocrx_word' id='word_1_205' title='bbox 988 4070 1230 4147; x_wconf 88' lang='lat' dir='ltr'>adhuc</span> <span class='ocrx_word' id='word_1_206' title='bbox 1304 4071 1781 4149; x_wconf 86' lang='lat' dir='ltr'>Ferdinando</span> <span class='ocrx_word' id='word_1_207' title='bbox 1851 4073 2231 4165; x_wconf 82' lang='lat' dir='ltr'>faverent,</span> <span class='ocrx_word' id='word_1_208' title='bbox 2307 4072 2795 4149; x_wconf 87' lang='lat' dir='ltr'>abalienaret.</span> <span class='ocrx_word' id='word_1_209' title='bbox 2873 4071 3039 4150; x_wconf 84' lang='lat' dir='ltr'>Sub</span> 
     </span>
    </p>
   </div>
   <div class='ocr_carea' id='block_1_3' title="bbox 763 4281 1143 4294">
    <p class='ocr_par' dir='ltr' id='par_1_3' title="bbox 763 4281 1143 4294">
     <span class='ocr_line' id='line_1_31' title="bbox 763 4281 1143 4294; baseline 0 925"><span class='ocrx_word' id='word_1_210' title='bbox 763 4281 1143 4294; x_wconf 95' lang='lat' dir='ltr'> </span> 
     </span>
    </p>
   </div>
   <div class='ocr_carea' id='block_1_4' title="bbox 772 4385 3029 4640">
    <p class='ocr_par' dir='ltr' id='par_1_4' title="bbox 772 4385 3029 4640">
     <span class='ocr_line' id='line_1_32' title="bbox 941 4385 2686 4464; baseline 0.002 -23"><span class='ocrx_word' id='word_1_211' title='bbox 941 4385 1003 4456; x_wconf 58' lang='grc' dir='ltr'>ἰ)</span> <span class='ocrx_word' id='word_1_212' title='bbox 1032 4386 1273 4443; x_wconf 66' lang='grc' dir='ltr'>Ιεινάῃίὶ</span> <span class='ocrx_word' id='word_1_213' title='bbox 1293 4391 1604 4461; x_wconf 76' lang='lat' dir='ltr'>jegyzete:</span> <span class='ocrx_word' id='word_1_214' title='bbox 1633 4388 1796 4445; x_wconf 77' lang='lat' dir='ltr'>Mille</span> <span class='ocrx_word' id='word_1_215' title='bbox 1823 4391 2050 4464; x_wconf 76' lang='lat' dir='ltr'>equites</span> <span class='ocrx_word' id='word_1_216' title='bbox 2081 4396 2142 4447; x_wconf 73' lang='lat' dir='ltr'>ot</span> <span class='ocrx_word' id='word_1_217' title='bbox 2167 4391 2410 4448; x_wconf 81' lang='lat' dir='ltr'>totidem</span> <span class='ocrx_word' id='word_1_218' title='bbox 2437 4390 2686 4463; x_wconf 79' lang='lat' dir='ltr'>pedites.</span> 
     </span>
     <span class='ocr_line' id='line_1_33' title="bbox 941 4475 3029 4553; baseline 0.004 -22"><span class='ocrx_word' id='word_1_219' title='bbox 941 4475 1039 4548; x_wconf 54' lang='lat' dir='ltr'>st)</span> <span class='ocrx_word' id='word_1_220' title='bbox 1080 4476 1340 4548; x_wconf 63' lang='lat' dir='ltr'>Fon-gaes</span> <span class='ocrx_word' id='word_1_221' title='bbox 1384 4478 1577 4537; x_wconf 87' lang='lat' dir='ltr'>Simon</span> <span class='ocrx_word' id='word_1_222' title='bbox 1616 4482 1938 4553; x_wconf 75' lang='lat' dir='ltr'>jcgyzete:</span> <span class='ocrx_word' id='word_1_223' title='bbox 2008 4479 2209 4538; x_wconf 83' lang='lat' dir='ltr'>Eleibe</span> <span class='ocrx_word' id='word_1_224' title='bbox 2234 4498 2357 4538; x_wconf 85' lang='lat' dir='ltr'>sem</span> <span class='ocrx_word' id='word_1_225' title='bbox 2385 4481 2558 4537; x_wconf 74' lang='lat' dir='ltr'>hatto.</span> <span class='ocrx_word' id='word_1_226' title='bbox 2586 4480 2768 4550; x_wconf 83' lang='lat' dir='ltr'>vinni,</span> <span class='ocrx_word' id='word_1_227' title='bbox 2805 4480 3029 4540; x_wconf 63' lang='lat' dir='ltr'>hanam</span> 
     </span>
     <span class='ocr_line' id='line_1_34' title="bbox 772 4564 1334 4640; baseline -0.004 -14"><span class='ocrx_word' id='word_1_228' title='bbox 772 4570 870 4626; x_wconf 58' lang='grc' dir='ltr'>αἱ</span> <span class='ocrx_word' id='word_1_229' title='bbox 886 4566 936 4625; x_wconf 72' lang='lat' dir='ltr'>is</span> <span class='ocrx_word' id='word_1_230' title='bbox 973 4568 1032 4625; x_wconf 80' lang='lat' dir='ltr'>le</span> <span class='ocrx_word' id='word_1_231' title='bbox 1070 4564 1334 4640; x_wconf 57' lang='lat' dir='ltr'>vagam.</span> 
     </span>
    </p>
   </div>
  </div>
 </body>
</html>
