3293 5219
856 281 1009 358 110

860 499 1165 576 duarum
1185 498 1718 578 Valachiarum
1736 505 2195 604 principibus
2226 504 2298 579 in
2326 505 2552 582 armis
2574 514 2883 603 paratos
2923 529 3116 584 esse.

860 622 1067 714 Quas
1107 632 1409 700 cunctas
1448 626 1541 702 ob
1581 649 1728 717 reS,
1750 627 2321 703 Transsilvanie
2359 638 2580 725 atque
2602 629 2997 706 Inferioris
3038 639 3113 706 et

858 746 1279 846 Superioris
1374 749 1764 848 Ungariae
1870 750 2125 850 populi
2227 775 2726 850 proceresque
2821 754 3108 851 ingenti

852 880 1047 948 metu
1085 873 1434 950 concussi
1474 883 1546 949 et
1567 898 1984 974 supremum
2017 875 2317 951 exitium
2360 877 2926 975 prospicientes,
3003 903 3116 955 re·

853 997 1105 1093 ginam
1205 1008 1278 1074 et
1353 999 1581 1075 filium
1657 1001 2148 1076 reducendum
2234 1001 2311 1075 in
2384 1001 2680 1098 publico
2738 1010 3109 1077 conventu

851 1122 1364 1199 decreverunt.
1388 1124 1869 1200 Melchiorem
1892 1124 2221 1201 Balassa
2260 1147 2589 1201 summae
2626 1149 2868 1200 rerum
2897 1150 3099 1225 prae·

848 1245 1119 1323 ficiunt.
1177 1248 1700 1324 Ferdinandus
1723 1274 1901 1326 vero
1973 1249 2068 1324 ad
2108 1273 2271 1326 eum
2333 1258 2767 1326 conventum
2815 1251 2868 1327 J
2873 1250 3106 1327 ohan·

845 1395 1015 1447 nem
1070 1371 1302 1449 Peteo
1364 1375 1695 1469 legatum
1771 1375 1972 1450 misit
1995 1431 2011 1460 ,
2090 1375 2214 1473 qui
2269 1376 2547 1451 usitata
2623 1381 2697 1449 et
2753 1385 3112 1454 consueta

847 1498 1080 1572 verba
1123 1500 1311 1575 satis
1348 1499 1580 1577 multa
1610 1499 1890 1593 habuit,
1911 1524 1993 1574 re
2033 1507 2275 1575 autem
2319 1523 2501 1574 vera
2536 1499 2814 1575 nullam
2855 1499 3106 1576 defen·

850 1620 1157 1714 sionem,
1182 1621 1457 1698 nullam
1483 1627 1796 1700 salutem
1823 1624 2281 1700 ostendebat.
2305 1623 2642 1700 Aderant
2679 1622 3113 1724 Stephanus

844 1747 1088 1839 Dobo,
1135 1749 1588 1824 Franciscus
1619 1751 1876 1825 Kendi
1913 1750 2281 1849 praefecti
2321 1752 2387 1824 T
2396 1751 2972 1840 ranssilvaniae,
3037 1761 3112 1826 et

849 1869 1128 1949 Paulus
1188 1874 1675 1951 Bornemisza
1730 1879 2120 1975 episcopus
2195 1876 2439 1952 Albae
2477 1878 2530 1953 J
2534 1877 2754 1968 uliae,
2796 1899 3108 1974 quorum

844 1993 1266 2096 Stephanus
1347 2001 1569 2078 Dobo
1649 2010 1722 2077 et
1781 2003 2176 2102 episcopus
2254 2003 2732 2098 abscessere3
2808 2002 3095 2102 Kendy

842 2130 916 2196 et
951 2125 1376 2219 regnicolae
1442 2150 1532 2202 ac
1623 2136 1861 2203 status
1909 2127 2250 2224 ungarici
2307 2127 2630 2202 unanimi
2686 2134 2859 2202 voto
2920 2149 3101 2224 qua·

834 2255 1002 2323 tuor
1039 2249 1336 2348 legatos
1398 2253 1492 2326 ad
1534 2251 2107 2342 Ferdinandum,
2170 2258 2325 2324 tres
2367 2252 2462 2326 ab
2501 2251 2742 2326 tribus
2782 2251 3100 2327 nationi·

838 2372 997 2467 bus,
1058 2383 1398 2472 quartum
1469 2378 1564 2452 ab
1625 2377 2139 2483 ecclesiastico
2198 2375 2451 2451 ordine
2511 2373 2660 2473 (hic
2698 2384 2863 2451 erat
2901 2374 3094 2453 Gre-

837 2499 1092 2592 gorius
1175 2498 1551 2601 Camancy
1611 2502 2008 2578 canonicus
2031 2499 2275 2576 Albae
2313 2500 2606 2591 Juliae)
2659 2501 3093 2591 decernunt,

837 2627 962 2721 qui
1017 2628 1489 2705 Ferdinando
1566 2632 1904 2706 Viennae
2030 2629 2479 2724 legationem
2554 2638 2954 2725 exponunt,
3015 2630 3092 2703 in

840 2749 1034 2825 hanc
1070 2754 1300 2829 ferme
1358 2757 1830 2830 sententiam:
1890 2755 2101 2848 Quae
2160 2754 2301 2829 duo
2340 2755 2413 2827 in
2471 2754 2666 2828 omni
2704 2754 2860 2827 vita
2898 2775 3094 2829 sum·

841 2898 960 2951 ma
1020 2899 1190 2953 esse
1250 2877 1514 2972 solent,
1575 2903 1666 2954 ea
1720 2904 1857 2956 nos
1914 2881 1988 2956 in
2045 2887 2171 2955 tuo
2227 2879 2537 2977 imperio
2597 2875 3096 2954 Serenissime

833 2996 1123 3077 Caesar
1179 3010 1253 3077 et
1288 3002 1474 3095 Rex,
1518 3004 1704 3078 satis
1762 3002 2135 3103 superque
2195 3003 2480 3101 experti
2540 3024 2827 3078 sumus:
2895 3025 3091 3078 sum-

824 3149 1015 3201 mum
1053 3135 1342 3223 metum,
1366 3138 1586 3226 atque
1616 3152 1949 3205 summan
1988 3129 2593 3225 gratulationem3
2640 3127 2834 3202 hanc
2874 3128 3078 3226 quod

826 3252 922 3326 ad
959 3255 1289 3331 caesaris
1364 3255 1752 3330 christiani
1828 3253 2127 3331 tutelam
2149 3279 2238 3329 ac
2278 3254 2781 3330 defensionem
2819 3277 3080 3330 acces-

830 3378 1212 3474 sissemus,
1252 3404 1442 3479 quae
1502 3382 1596 3456 ob
1637 3382 2120 3456 maximorum
2175 3380 2583 3479 principum
2634 3378 3085 3474 conjunctio·

825 3526 1012 3597 nem,
1071 3529 1161 3581 ac
1215 3507 1498 3583 romani
1587 3506 1880 3605 imperii
1934 3509 2423 3603 majestatem,
2465 3505 2681 3580 nobis
2740 3510 2817 3577 et
2856 3512 3082 3600 grata

825 3637 902 3704 et
929 3632 1255 3728 jucunda
1292 3634 1466 3728 fuit3
1544 3632 1679 3708 sed
1718 3656 1880 3707 eam
1916 3633 2125 3709 Deus
2181 3638 2330 3730 opt.
2393 3655 2585 3706 max.
2642 3636 3082 3729 perpetuam

825 3776 997 3831 esse
1033 3758 1291 3851 noluit,
1334 3760 1428 3834 ob
1455 3758 1774 3834 hostium
1828 3757 2517 3833 immanissimorum
2570 3763 2864 3850 metum,
2903 3776 3082 3853 pro·

822 3883 1328 3981 pinquitatem,
1368 3881 1924 3975 multitudinem,
1966 3891 2187 3979 atque
2243 3903 2601 3956 summam
2636 3880 3072 3977 potentiam,

824 4007 948 4107 qui
966 4008 1112 4084 nisi
1135 4007 1468 4085 asiaticis
1491 4008 1692 4084 curis
1712 4007 2084 4105 bellisque
2105 4005 2497 4105 impeditus
2518 4006 2806 4099 fuisset,
2825 4002 3078 4091 hacte-

823 4159 968 4213 nus
990 4144 1235 4212 actum
1254 4144 1457 4237 esset
1477 4135 1568 4210 de
1597 4134 1837 4211 nobis.
1877 4134 2092 4210 Nunc
2113 4156 2293 4208 vero
2333 4131 2690 4209 confectis
2728 4132 3079 4208 maximis

822 4262 1065 4357 bellis,
1100 4272 1172 4340 et
1189 4287 1324 4363 per
1342 4271 1571 4339 totum
1593 4263 1847 4338 orbem
1868 4270 2231 4338 terrarum
2251 4260 2542 4359 pacatis
2562 4260 2971 4358 provinciis
2989 4260 3071 4334 in

818 4399 1024 4466 tanta
1042 4390 1393 4489 potentia,
1404 4391 1481 4465 in
1506 4395 1716 4464 tanta.
1738 4388 2159 4474 securitate,
2181 4386 2256 4460 in
2277 4393 2488 4461 tanta
2508 4384 2732 4458 animi
2751 4384 3072 4460 inflatio-

817 4537 909 4590 ne
951 4514 1125 4613 quid
1160 4537 1306 4592 non
1340 4514 1703 4592 facturum
1745 4521 1965 4611 putas
1989 4512 2026 4586 ⁴?
2064 4532 2381 4608 namque
2419 4511 2529 4586 ita
2567 4509 3074 4603 denunciavit,
