3293 5219
773 302 929 380 266

766 522 1213 624 placandum
1269 520 1562 613 statuit3
1634 541 1889 595 verum
1965 518 2187 618 paulo
2244 528 2419 619 post
2472 520 2855 597 inclinatis
2935 521 3038 596 fe·

767 674 851 725 re
925 648 1240 724 omnium
1294 641 1604 739 animis,
1642 646 2107 722 occasionem
2148 669 2527 742 quaerere,
2569 654 2644 722 et
2681 646 2856 722 ideo
2899 646 3035 721 sti-

770 776 1116 875 pendium
1175 779 1455 872 petere,
1511 772 1714 870 quod
1767 772 2106 847 Jacobus
2160 772 2453 845 etiamsi
2528 773 2898 871 pecuniae
2938 772 3039 847 in-

772 903 944 1000 opia
975 902 1380 990 laboraret,
1422 900 1630 975 vasis
1692 899 2073 995 argenteis
2114 899 2576 973 exsolvebat.
2639 895 3038 974 Gliscente

764 1037 1012 1104 tamen
1049 1028 1243 1102 malo
1285 1026 1694 1116 seditionis,
1737 1028 1947 1122 cujus
1989 1031 2363 1099 auctorem
2416 1022 2720 1100 Petrum
2757 1024 3039 1121 Devay

766 1176 1019 1229 omnes
1092 1152 1550 1244 incusabant,
1626 1150 1959 1227 Jacobus
2017 1149 2214 1224 intra
2269 1170 2547 1248 paucos
2620 1150 3038 1225 familiares

766 1279 1196 1354 vulneribus
1254 1279 1594 1354 affectum
1655 1277 1909 1354 necari
1965 1277 2161 1352 fecit.
2257 1274 2472 1367 Quod
2526 1276 2668 1352 etsi
2722 1275 3040 1351 meritus

765 1404 1194 1497 videbatur,
1253 1403 1387 1477 sed
1415 1405 1576 1500 jam
1613 1401 1903 1501 paratis
1944 1401 2043 1475 ad
2081 1400 2519 1475 seditionem
2558 1399 2855 1494 animis,
2896 1422 3043 1475 non

764 1531 1149 1630 privatim,
1200 1551 1452 1604 verum
1489 1536 1693 1604 recto
1734 1528 2046 1603 militum
2073 1525 2358 1623 judicio
2396 1526 2644 1600 facere
2684 1526 3040 1601 debebat.

764 1657 1014 1749 Quare
1071 1655 1441 1753 indignati
1496 1653 1808 1728 militum
1867 1662 2218 1749 tanquam
2247 1654 2530 1748 justam
2568 1652 3041 1727 occasionem

761 1785 837 1859 in
877 1784 1373 1859 desertionem
1409 1788 1727 1872 vertere,
1752 1789 1912 1855 orto
1952 1779 2158 1854 initio
2201 1803 2247 1854 a
2284 1778 2681 1877 peditibus.
2716 1778 3041 1876 Equites

759 1933 938 1986 vero
977 1909 1268 1985 etiamsi
1308 1916 1737 1984 constantes
1774 1908 1852 1982 in
1889 1907 2054 2000 fide,
2078 1907 2299 2004 longe
2336 1914 2582 1982 tamen
2620 1905 3034 1983 inferiores

766 2042 979 2109 erant
1035 2057 1359 2126 numero,
1419 2034 1543 2131 qui
1600 2034 1711 2108 eis
1749 2033 2105 2109 resistere
2143 2032 2581 2131 potuissent.
2640 2034 2764 2107 Ita
2802 2031 3035 2110 Jaco-

765 2163 907 2237 bus
967 2187 1012 2236 a
1071 2161 1228 2236 suis
1286 2161 1628 2236 desertus
1689 2168 2098 2259 captusque
2158 2160 2253 2235 ad
2293 2159 2649 2234 Tomsam
2688 2157 3036 2257 perlatus

766 2294 904 2380 est,
964 2288 1088 2385 qui
1141 2287 1422 2385 primus
1462 2285 1754 2363 clavam
1792 2287 2113 2362 ferream
2153 2286 2377 2385 capiti
2415 2285 2821 2362 barbarica
2857 2283 3037 2360 feri-

766 2421 921 2488 tate
959 2411 1247 2504 inflixit,
1289 2420 1363 2486 et
1403 2434 1567 2488 eum
1605 2432 1775 2485 mox
1831 2410 2191 2486 trucidari
2223 2410 2421 2485 fecit.
2481 2408 2586 2485 At
2624 2408 3048 2498 Ladislaus

767 2538 1078 2614 Radaac
1115 2536 1387 2613 milites
1432 2536 1739 2613 illaesos
1781 2535 2273 2628 conservavit,
2314 2544 2389 2611 et
2425 2535 2501 2611 in
2554 2534 3049 2611 Transsilva-

766 2665 961 2740 niam
1024 2685 1185 2737 cum
1243 2663 1398 2738 suis
1454 2663 1788 2757 reduxit,
1848 2686 2158 2761 quorum
2214 2661 2444 2759 aliqui
2510 2662 2608 2737 ad
2666 2659 3052 2760 stipendia

769 2797 938 2864 sunt
997 2789 1380 2887 assumpti.
1438 2789 1491 2865 J
1497 2790 1777 2864 acobus
1810 2792 1972 2886 jam
2001 2789 2096 2863 ab
2137 2787 2344 2864 initio
2389 2787 2713 2862 dimissis
2750 2786 3067 2894 nunciis²

768 2915 864 2989 ad
905 2913 1429 2989 Sborovscium
1471 2936 1809 2988 socerum
1850 2921 1924 2988 et
1969 2913 2541 3006 Ferdinandum,
2578 2913 2771 3010 quod
2812 2913 3054 2987 omni·

767 3063 862 3114 no
908 3041 983 3114 in
1021 3040 1263 3138 ipsum
1303 3039 1806 3116 coronationis
1848 3048 2142 3139 tempus
2181 3039 2563 3127 inciderat,
2601 3037 2881 3114 auxilia
2915 3037 3056 3114 fla-

770 3167 1105 3265 gitabat3
1164 3165 1241 3239 id
1310 3167 1505 3265 quod
1562 3189 1829 3242 caesar
1885 3189 1975 3241 ac
2011 3165 2567 3241 Maximilianus
2603 3163 3045 3241 faciundum

771 3296 1262 3371 decreverant
1281 3290 1389 3393 *);
1430 3295 1564 3370 sed
1602 3296 1809 3395 prius
1849 3293 2227 3392 occupatis
2268 3293 2583 3369 omnium
2630 3291 2906 3368 animis
2952 3293 3056 3367 ad

761 3443 1087 3523 pompas
1127 3429 1350 3518 atque
1387 3422 1626 3515 ludos,
1670 3421 1934 3496 deinde
1974 3419 2143 3496 dum
2183 3420 2674 3510 consultatur,
2696 3418 2867 3492 dum
2914 3442 3052 3517 pe-

765 3548 990 3625 cunia
1044 3555 1353 3646 paratur
1411 3548 1776 3624 exhausto
1834 3547 2153 3638 aerario,
2241 3545 2409 3621 dum
2480 3544 2718 3635 miles,
2796 3545 3051 3621 omni-

768 3676 909 3748 bus
985 3673 1210 3748 rebus
1284 3672 1485 3747 lente
1558 3671 2131 3771 procedentibus
2205 3693 2411 3746 more
2485 3670 2744 3763 solito,
2839 3670 3049 3745 nihil

768 3799 1104 3875 effectum
1162 3806 1298 3873 est.
1355 3796 1539 3873 Cum
1581 3820 1758 3872 vero
1797 3797 2132 3873 Jacobus
2162 3797 2317 3892 jam
2359 3803 2531 3871 ante
2590 3804 2665 3872 et
2720 3795 3052 3894 probris

775 3934 851 4000 et
889 3925 1107 3998 minis
1148 3925 1199 4001 J
1207 3924 1566 3999 ohannem
1628 3922 2113 4019 exagitasset,
2172 3919 2651 4020 Solymanum
2686 3921 3059 4018 petierat.

768 4059 848 4125 ut
882 4072 1192 4145 regnum
1234 4047 1666 4123 Alexandro
1705 4046 2138 4122 restitueret
2178 4071 2195 4142 ;
2248 4069 2419 4120 nam
2478 4054 2553 4120 et
2591 4043 3056 4123 Alexander

767 4198 902 4272 per
941 4173 1244 4250 nuncios
1281 4174 1334 4249 J
1340 4174 1614 4248 ohanni
1653 4171 2147 4247 obedientiam
2198 4179 2422 4271 atque
2460 4171 2715 4247 officia
2756 4169 3063 4248 denun-

794 4359 1002 4368 ——-«-W

981 4416 1041 4488 ¹*)
1080 4417 1318 4477 Istvanfi
1335 4419 1651 4493 chyzeto:
1701 4416 1795 4474 Ad
1820 4416 2249 4474 Ferdinandum
2277 4421 2516 4474 venerat
2562 4416 2639 4473 ab
2685 4432 2754 4473 eo
2783 4421 3063 4479 nuncius

767 4508 1109 4566 Valentinus
1135 4511 1545 4582 Prepostvary‚
1597 4509 1701 4566 sed
1727 4508 1861 4565 dum
1906 4507 1956 4563 is
1981 4523 2317 4581 responsum
2367 4512 2654 4581 expectat,
2701 4509 2918 4567 inter-in
2951 4514 3067 4572 (ιο-

769 4603 964 4670 spotes
990 4597 1176 4669 periit.
