3293 5219
769 233 818 309 8

2541 386 2564 421 ἱ

770 450 1324 546 Georgiumque
1397 466 1584 542 quos
1642 446 1937 539 legatos
1977 443 2291 518 diximus
2329 444 2646 534 misisse,
2686 465 2815 517 eos
2852 465 3022 531 una,

770 586 851 653 ut
888 576 977 650 de
1027 574 1121 648 iis
1161 595 1294 669 pro
1335 571 1566 645 lubitu
1608 578 2004 661 statueret,
2080 569 2382 643 remisit.
2479 568 2631 666 Aly
2669 567 3021 643 mandata

773 700 1094 800 exponit,
1131 706 1211 773 ut
1229 697 1283 773 J
1286 695 1636 789 ohannes,
1677 697 2308 793 quammaximum
2345 704 2603 794 posset
2621 696 3022 772 exercitum

774 832 1262 925 compararet,
1303 830 1377 898 et
1416 830 1768 920 quantum
1805 849 1851 899 a
1887 847 1971 899 se
2010 824 2313 898 militum
2353 825 2599 916 vellet,
2657 824 3023 899 arbitratu

776 977 909 1030 suo
950 952 1357 1049 acciperet3
1408 951 1793 1048 utriusque
1831 950 2240 1026 Valachiae
2279 953 2718 1049 praefectos,
2776 958 2850 1025 et
2886 952 3024 1027 bu-

785 1079 1084 1155 densem
1121 1078 1425 1151 bassam
1470 1078 1629 1173 jam
1664 1076 1743 1150 in
1781 1077 2193 1153 commissis
2247 1077 2550 1153 habere.
2588 1078 2752 1153 Nec
2789 1099 3023 1170 mora,

777 1209 828 1286 J
834 1208 1165 1283 ohannes
1187 1204 1568 1303 Zalanczy
1588 1204 1685 1279 ad
1722 1205 2127 1280 budensem
2167 1205 2459 1296 missus,
2496 1205 2571 1278 in
2612 1203 3029 1280 Valachias

775 1333 1020 1439 nuncii
1058 1356 1219 1408 cum
1258 1332 1549 1407 litteris.
1590 1330 1695 1436 At
1726 1328 2104 1428 Georgius
2122 1339 2327 1407 tanto
2365 1332 2693 1431 periculo
2732 1332 3028 1422 anxius,

776 1484 998 1562 prece
1018 1517 1036 1554 ,
1091 1458 1490 1556 largitione
1530 1467 1755 1558 atque
1803 1468 2002 1535 metu
2041 1459 2512 1535 adsumendis
2551 1459 2849 1534 auxiliis
2889 1459 3029 1533 cir-

782 1588 1125 1679 cumiens,
1166 1585 1466 1661 licentia
1505 1610 1594 1661 ac
1628 1588 1896 1685 rapina
1931 1587 2072 1662 iter
2109 1585 2457 1679 faciebat,
2508 1592 2582 1659 et
2619 1585 2716 1659 ad
2752 1583 3032 1660 Albam

780 1715 1059 1793 Juliam
1098 1721 1460 1788 terrorem
1497 1696 1860 1789 allaturus
1918 1713 2247 1810 reginae,
2286 1717 2551 1789 'castra
2585 1714 2851 1811 posuit.
2894 1711 3031 1788 At-

778 1841 1051 1916 tulerat
1105 1839 1294 1913 enim
1334 1839 1526 1915 hanc
1576 1847 1808 1914 artem
1852 1836 2269 1935 Georgius,
2345 1861 2488 1936 quo
2528 1861 2736 1913 suam
2774 1846 3033 1937 poten—

778 1966 957 2042 tiam
996 1973 1326 2061 augeret,
1366 1972 1441 2040 et
1512 1966 1820 2062 reginae
1860 1965 2324 2063 deprimeret,
2362 1973 2443 2040 vt
2479 1961 2770 2041 Siculos
2806 1965 3038 2040 homi—

782 2115 918 2167 nes
957 2091 1054 2166 ad
1090 2090 1562 2184 seditionem,
1620 2093 1687 2167 si
1727 2101 2230 2189 corruptorem
2267 2091 2651 2184 haberent,
2689 2091 3034 2190 promtis-

786 2220 1055 2310 simos,
1131 2225 1205 2293 et
1239 2218 1684 2316 praecipuos
1741 2218 2147 2294 nobilitatis
2203 2217 2278 2291 in
2313 2224 2569 2316 partes
2627 2216 3031 2311 diduceret,

785 2368 973 2444 quos
1031 2345 1372 2420 maximis
1411 2345 1835 2421 muneribus
1893 2353 2114 2443 atque
2152 2344 2671 2440 largitionibus
2709 2367 3034 2421 corrum-

780 2474 1008 2573 pebat
1048 2482 1123 2548 et
1162 2474 1435 2548 alebat.
1493 2474 1613 2549 Ita
1650 2496 1830 2569 ergo
1867 2474 2309 2572 praecipuos
2359 2494 2690 2569 quosque
2728 2470 2842 2547 sui
2881 2480 3034 2547 stu-

797 2598 1048 2674 diosos
1088 2600 1472 2691 effecerat,
1550 2599 1996 2696 eosdemque
2036 2605 2384 2696 tanquam
2421 2598 2494 2674 in
2534 2597 2826 2674 comitia
2864 2621 3037 2674 con—

786 2726 1140 2816 vocabat,
1199 2748 1358 2799 cum
1398 2726 1717 2800 volebat.
1774 2725 1990 2800 Missi
2029 2748 2210 2822 ergo
2250 2725 2493 2801 nuncii
2549 2725 2645 2799 ad
2698 2724 3039 2822 reginam

785 2850 1328 2949 regnicolarum
1364 2851 1676 2943 nomine,
1731 2858 1812 2926 ut
1850 2851 2217 2927 emitteret
2253 2852 2306 2928 J
2311 2851 2670 2926 ohannem
2708 2852 3038 2947 postula—

787 2981 988 3071 bant,
1030 3001 1198 3053 sese
1218 3001 1483 3055 novum
1507 2987 2048 3055 sacramentum
2084 2980 2413 3055 inverba
2448 2979 2645 3054 illius
2685 2978 3034 3054 dicturos.

790 3105 1171 3181 Intellexit
1225 3106 1412 3181 haec
1448 3108 1748 3204 regina,
1805 3114 1885 3181 ut
1940 3114 2189 3201 erant,
2246 3130 2392 3181 non
2446 3114 2527 3182 ut
2581 3105 3041 3200 dicebantur,

784 3231 1270 3329 fraudumque
1328 3256 1604 3327 gnara,
1683 3234 1847 3330 pari
1903 3233 2179 3309 astutia
2253 3232 2491 3307 elusit.
2562 3233 2757 3307 Dein
2812 3233 3040 3310 factis

790 3357 1125 3453 induciis,
1164 3382 1313 3456 pax
1353 3357 1843 3451 confirmatur,
1893 3368 1974 3435 ut
2011 3359 2336 3434 dimissis
2375 3359 2715 3456 utrinque
2756 3362 3040 3436 exerci-

794 3484 1035 3576 tibus,
1110 3483 1206 3559 ad
1241 3486 1712 3585 obsequium,
1787 3484 2004 3561 fidem
2045 3494 2118 3561 et
2154 3487 2647 3562 obedientiam
2709 3488 3045 3584 reginae,

786 3610 1064 3708 filiique
1102 3611 1450 3688 redirent.
1509 3610 1888 3709 Georgius
1928 3612 2138 3705 vilis,
2194 3612 2528 3707 humiliS,
2570 3621 2643 3688 et
2678 3613 2754 3689 in
2792 3639 3045 3710 genua

785 3744 1242 3833 prostratus,
1317 3739 1542 3828 flens,
1619 3740 2202 3838 lacrimansque,
2278 3740 2572 3816 veniam
2657 3743 3045 3839 exoravit3

791 3885 1098 3961 prorsus
1122 3864 1187 3938 si
1226 3865 1591 3941 simulatio
1613 3868 1938 3962 abesset,
1976 3867 2429 3966 poenitentia
2467 3868 2623 3943 viro
2654 3868 2749 3943 ad
2786 3870 3040 3966 religi·

794 4010 1005 4065 onem
1065 3991 1401 4069 dedicato
1469 3994 1912 4070 conveniret.
1969 3994 2091 4069 Ad
2126 3994 2317 4071 baec
2373 3996 2671 4092 regina:
2752 3996 3039 4088 Quodsi

794 4121 1002 4190 tanta
1040 4116 1091 4193 J
1096 4116 1410 4195 ohannis
1447 4120 1652 4216 regis
1690 4120 2111 4197 meritorum
2152 4121 2425 4198 oblivio
2467 4122 2682 4220 cepit,
2722 4130 3042 4204 atcerte

794 4238 1036 4315 Deum
1054 4242 1501 4340 flagitiorum
1519 4248 1831 4321 ultorem
1852 4248 2269 4341 verendum,
2310 4255 2383 4323 et
2411 4246 2637 4323 filium
2664 4270 2841 4324 suae
2863 4248 3042 4323 fidei

792 4366 1256 4445 commissum
1292 4372 1642 4467 maxime,
1720 4372 2302 4473 suspiciendum:
2375 4375 2429 4451 J
2433 4374 2743 4470 ohanne,
2802 4377 3041 4475 etqui

791 4491 1226 4589 adstabant,
1285 4499 1627 4575 lacrimas
1685 4500 2194 4595 fundentibus,
2249 4502 2763 4578 recordatione
2820 4524 3039 4602 prae·
