3293 5219
789 280 946 358 302

806 509 1066 576 contra
1104 500 1496 599 episcopos
1533 497 1933 593 ungaricos
1973 498 2300 597 impulit3
2352 524 2522 575 nam
2567 508 2876 578 senatus
2927 525 3046 577 un-

795 627 1031 723 garici
1069 626 1599 716 auctoritatem,
1629 626 1788 719 jam
1826 625 2034 723 prius
2073 625 2407 718 fractam,
2445 627 2744 724 penitus
2786 628 3046 704 dissol-

787 777 986 845 vere,
1022 752 1216 828 inter
1234 752 1425 827 alias
1446 759 1649 827 artes
1690 759 1872 827 erat.
1915 753 2120 826 Inter
2141 752 2332 827 alios
2355 752 2713 829 Nicolaus
2755 753 3044 830 Olahus
3085 815 3096 826 .

781 878 1111 969 invisior,
1131 885 1211 952 ut
1228 877 1514 973 regium
1535 876 1861 972 sigillum
1921 877 2343 976 deponeret,
2365 901 2455 953 ac
2473 880 2639 954 aliis
2677 904 2815 979 per
2854 879 3046 955 alias

787 1009 1057 1080 causas
1090 991 1138 1079 'e
1174 1014 1437 1080 senatu
1476 1003 1876 1097 ablegatis,
1921 1006 2136 1079 vacui
2174 1012 2249 1080 et
2287 1007 2552 1081 amissi
2590 1016 2903 1082 senatus
2941 1009 3046 1083 fa·

785 1155 906 1207 ma
942 1153 1175 1228 penes
1215 1130 1572 1226 Ungaros
1612 1136 1962 1204 maneret.
2019 1132 2141 1205 Ita
2180 1139 2605 1207 senatorum
2641 1133 3042 1231 praecipue

786 1280 1089 1332 numero
1143 1257 1540 1349 imminuto,
1599 1256 1864 1331 statuit
1919 1257 2162 1331 nullos
2216 1258 2294 1352 in
2351 1266 2687 1334 senatum
2757 1259 3036 1356 legere,

793 1406 936 1478 quo
980 1382 1415 1459 contemtior
1451 1381 1825 1479 paucitate
1863 1382 2030 1479 ipsa
2070 1382 2250 1457 ordo
2294 1370 2515 1459 esset.
2549 1384 2697 1458 Hic
2734 1381 3042 1483 Delphi-

785 1533 926 1585 nus
967 1511 1062 1585 ab
1103 1510 1416 1585 Venetis
1456 1509 1727 1607 capitis
1769 1509 2197 1600 damnatus,
2257 1517 2330 1583 et
2368 1532 2564 1606 aqua
2605 1517 2831 1607 atque
2871 1510 3041 1605 igne

781 1634 1216 1716 interdictus
1275 1634 1488 1709 exsul
1547 1634 1790 1708 factus
1847 1633 2001 1707 fuit.
2083 1631 2234 1707 Sed
2270 1633 2831 1709 Maximilianus
2875 1634 3040 1708 odio

782 1762 1255 1858 Ungarorum
1274 1769 1493 1857 atque
1514 1759 1701 1834 adeo
1741 1757 2214 1850 Venetorum,
2252 1759 2484 1833 invito
2525 1759 2662 1833 Pio
2704 1762 2837 1836 IV.
2878 1784 3039 1835 car-

785 1875 1191 1964 dinalatum
1281 1887 1611 1973 extorsit,
1652 1894 1725 1961 et
1780 1887 1942 1982 ejus
1997 1885 2323 1981 insignia
2376 1886 2906 1980 Maximiliano,
2961 1893 3038 1959 ut

786 2016 901 2090 cui
940 2014 1399 2112 potissimum
1438 2014 1790 2110 placeret,
1829 2012 2201 2109 traderet3
2243 2036 2457 2109 quem
2493 2015 2622 2088 ille
2662 2013 3036 2112 Delphino

782 2166 875 2216 ex
933 2140 1269 2215 omnibus
1325 2162 1595 2235 magno
1656 2138 1972 2213 omnium
2012 2137 2268 2213 dolore
2309 2141 2666 2215 attribuit.
2727 2138 2831 2215 At
2867 2160 3036 2213 mox

781 2265 960 2341 Pius
998 2267 1090 2342 V.
1135 2266 1442 2341 eundem
1480 2265 1807 2363 privavit
1827 2291 1845 2361 ;
1866 2288 1956 2341 ac
1997 2288 2214 2339 unum
2252 2265 2450 2340 intra
2489 2289 2757 2341 annum
2794 2264 3034 2339 factus

780 2401 854 2468 et
908 2393 1288 2492 depositus
1345 2394 1692 2467 infamem
1747 2390 1975 2466 vitam
2032 2390 2226 2486 egit;
2294 2412 2736 2490 quamquam
2775 2412 3031 2467 rursus

780 2520 1271 2595 Maximiliani
1324 2518 1787 2617 flagitatione
1847 2517 1923 2592 in
1979 2516 2312 2592 ordinem
2370 2519 2756 2593 restitutus
2793 2519 3035 2594 fuerit.

781 2648 1021 2723 Erant
1054 2648 1391 2747 plerique
1430 2645 1940 2745 episcoporum
1979 2668 2449 2741 ungarorum,
2471 2647 2613 2721 viri
2647 2647 3033 2743 integerri-

777 2775 874 2848 mi
914 2799 1003 2848 ac
1040 2774 1485 2866 doctissimi,
1544 2773 1669 2869 qui
1743 2772 2047 2848 sedibus
2120 2773 2341 2869 ejecti
2416 2774 2601 2848 nihil
2680 2773 2824 2848 nisi
2861 2774 3029 2848 titu-

784 2901 900 2975 los
1001 2898 1381 2991 haberent,
1455 2898 1579 2973 diu
1653 2900 2101 2997 multumque
2185 2900 2262 2973 in
2374 2901 2704 2975 servitiis
2795 2899 3033 2999 patris

791 3026 1172 3125 ipsiusque
1264 3025 1756 3117 insudassent,
1860 3046 2018 3117 sua,
2124 3047 2258 3124 spe
2334 3027 2583 3119 futuri,
2658 3025 3026 3123 profudis-

782 3160 965 3246 sent,
1059 3154 1166 3228 ita
1275 3176 1445 3229 sese
1535 3151 1903 3229 ludificari
1994 3150 2266 3226 dolere.
2376 3153 2430 3230 J
2436 3176 2553 3227 am
2649 3151 3030 3250 sapientes

773 3281 1316 3379 inauspicatum
1354 3303 1663 3376 regnum
1699 3301 1835 3377 per
1895 3278 2297 3353 seditiones
2353 3286 2657 3373 notare3
2694 3283 2850 3351 tum
2903 3302 3029 3353 no-

772 3433 940 3484 vum
997 3405 1409 3505 exemplum
1478 3405 1720 3503 ruptis
1777 3403 2072 3498 legibus
2128 3402 2488 3478 hactenus
2509 3425 2517 3431 ·
2541 3403 3028 3489 intemeratis

770 3537 940 3612 Non
979 3541 1141 3610 erat
1175 3541 1645 3632 postremum,
1704 3529 2079 3628 episcopis
2116 3552 2204 3604 ac
2241 3519 2478 3604 ordini
2518 3528 3030 3605 ecclesiastico

769 3670 1022 3737 taxam
1081 3683 1271 3735 nunc
1322 3658 1636 3757 primum
1676 3657 2174 3753 excogitatam
2214 3664 2437 3754 atque
2477 3655 3026 3732 intolerabilem

765 3771 1223 3888 impositam,
1264 3785 1385 3884 qui
1414 3787 1586 3882 jure
1627 3784 1878 3880 gentis
1918 3784 2279 3857 communi
2318 3806 2482 3858 cum
2519 3783 2910 3859 nobilitate
2944 3784 3032 3858 li-

767 3915 1057 3988 bertate
1148 3912 1554 3986 fruebatur.
1653 3907 1801 3984 Sed
1861 3911 2144 3984 duobus
2201 3908 2589 4006 tribusque
2646 3909 3029 4008 episcopis

764 4063 855 4115 ac
910 4038 1313 4112 minoribus
1354 4037 1639 4135 aliquot
1696 4036 2148 4112 antistitibus
2188 4035 2528 4134 demptis,
2568 4040 2860 4110 ceteros
2900 4034 3031 4109 ad-

778 4188 1040 4241 versus
1098 4165 1526 4241 servitutem
1585 4163 1956 4239 libertatis
2014 4169 2365 4238 constans
2424 4161 2776 4254 defensiO,
2832 4159 3033 4235 alios

773 4293 1048 4394 inopia,
1089 4315 1257 4366 mox
1296 4290 1570 4366 bellum
1612 4291 1978 4387 defendit;
2017 4313 2461 4389 quamquam
2499 4287 2785 4363 crebris
2823 4309 3034 4363 man·

786 4421 980 4497 datis
1037 4418 1393 4517 principis
1449 4426 1915 4516 urgerentur,
1972 4426 2046 4494 et
2100 4425 2536 4519 quaestores
2591 4416 2760 4493 odio
2800 4416 3036 4491 etiam

768 4547 1157 4645 religionis
1198 4544 1703 4621 sollicitarent.
