3293 5219
2358 308 2510 385 261

255 522 352 596 ad
399 521 834 614 ministeria,
858 524 1049 600 alios
1090 523 1186 598 ad
1228 523 1567 620 quietem,
1611 520 1802 599 alios
1842 525 1968 621 qni
2006 525 2102 600 ad
2140 524 2524 602 Valachos

255 656 612 744 tanquam
653 648 933 724 amicos
974 649 1525 744 confugiebant,
1551 648 1722 723 dato
1764 647 1981 745 signo
2021 650 2239 725 unius
2277 650 2522 726 incen-

255 771 376 846 dio
443 772 721 866 domus,
781 774 877 848 ad
934 797 1153 851 unum
1213 797 1465 849 omnes
1542 774 2070 849 miserabiliter
2127 775 2519 850 trucidant.

252 898 496 975 Pauci
540 899 664 995 qui
705 902 1189 997 sepimentum
1247 901 1442 976 horti
1485 901 1866 995 cujusdam
1924 901 2047 974 diu
2083 903 2363 998 frustra
2403 902 2522 974 de-

251 1025 693 1119 fendissent,
755 1028 1143 1103 tormentis
1181 1028 1496 1118 tandem,
1557 1049 1747 1124 quae
1806 1028 1880 1101 in
1920 1035 2363 1125 potestatem
2405 1053 2523 1104 eo·
2628 1009 2631 1012 ’

255 1175 418 1227 rum
458 1150 839 1244 venerant,
881 1153 1195 1227 confecti
1235 1162 1426 1227 sunt.
1488 1151 1845 1226 Rasciani
1896 1175 2071 1226 vero
2110 1154 2350 1228 serius
2391 1153 2525 1228 ad-

255 1283 674 1369 ventanteS,
717 1277 1061 1351 insectati
1101 1278 1199 1352 ab
1240 1276 1600 1353 Valachis
1642 1300 1877 1374 usque
1939 1278 2035 1352 ad
2074 1279 2352 1353 Nezter
2388 1278 2521 1354 flu·

257 1426 447 1496 men,
488 1402 774 1501 aliquot
811 1427 1062 1480 eorum
1100 1405 1176 1478 in
1214 1405 1512 1502 gurgite
1551 1404 1867 1497 haustis,
1905 1413 1977 1479 et
2017 1406 2371 1497 enecatis,
2411 1429 2523 1481 re·

255 1529 444 1626 liqui
499 1535 890 1604 tranantes
967 1552 1297 1605 evasere.
1380 1531 1704 1605 Valachi
1760 1530 1903 1606 hac
1958 1555 2038 1605 re
2097 1537 2529 1628 perpetrata

258 1655 619 1729 Tomsam
715 1654 788 1728 in
828 1655 1223 1752 vajvodam
1266 1656 1569 1751 eligunt,
1629 1657 1753 1752 qui
1812 1657 2137 1731 dimissis
2175 1654 2529 1753 undiqua-

253 1801 399 1877 que
439 1778 793 1855 militibus
834 1790 909 1855 et
946 1781 1233 1856 nunciis
1274 1760 1677 1856 exercitum
1717 1779 2156 1878 colligebat;
2198 1783 2528 1856 nonnulli

259 1929 445 2002 ergo
487 1928 580 1979 ex
617 1908 670 1982 J
674 1909 893 1982 acobi
941 1908 1327 1997 militibus,
1388 1908 1513 2004 qni
1550 1910 1624 1983 in
1684 1908 1886 1982 villis
1926 1908 2169 2003 ignari
2212 1908 2527 1982 omnium

258 2055 513 2108 rerum
588 2034 936 2130 agebant,
1023 2034 1371 2109 trucidati
1430 2035 1749 2110 fuerunt.
1810 2032 2097 2125 Quibus
2152 2034 2378 2108 rebus
2433 2034 2529 2109 ad

257 2183 414 2253 eos,
440 2159 569 2258 qui
591 2157 939 2236 Zuchvae
981 2162 1178 2258 apud
1197 2161 1250 2236 J
1256 2161 1564 2235 acobum
1609 2158 1932 2236 Valacbi
1987 2168 2525 2251 remanserant,

261 2313 401 2387 per
442 2283 802 2363 occultum
843 2288 1188 2364 indicium
1243 2288 1579 2385 perlatis,
1621 2312 1873 2364 omnes
1915 2287 2384 2381 diffugerunt,
2421 2285 2529 2359 ita

255 2421 337 2490 ut
377 2438 618 2490 vacua
674 2421 748 2490 et
806 2416 1106 2491 deserta
1158 2414 1688 2513 propemodum
1727 2417 1901 2490 aula
1953 2414 2368 2508 viseretnr;
2429 2410 2526 2485 ad

258 2540 827 2640 persequendos
884 2548 1131 2616 tamen
1206 2540 1458 2632 missi,
1500 2541 1767 2617 multos
1821 2539 2396 2629 trucidaverant,
2455 2544 2529 2612 et

261 2669 729 2766 aliquantam
769 2666 1124 2765 praedam
1163 2666 1592 2742 retulerant.
1632 2666 1687 2743 J
1692 2691 1811 2742 am
1853 2667 2187 2742 Jacobus
2229 2662 2390 2738 cum
2430 2664 2525 2737 ab

263 2792 633 2869 Valachis
690 2792 1063 2868 desertum
1110 2815 1196 2867 se
1255 2793 1747 2889 intelligeret,
1827 2799 1899 2866 et
1948 2791 2305 2866 Tomsam
2364 2812 2526 2863 cum

264 2917 774 2998 Valachorum
832 2920 1162 2994 exercitu
1201 2920 1575 2995 Zuchvam
1628 2919 1841 2994 brevi
1894 2924 2524 3018 oppugnaturum:

260 3047 569 3125 amissis
607 3046 1278 3144 praestantissimis
1341 3046 1757 3143 quibusque
1797 3044 2176 3129 militibus,
2219 3064 2525 3138 cumque

260 3182 533 3271 aperto
590 3179 827 3246 marte
885 3171 1266 3246 decertare
1324 3195 1467 3245 non
1507 3173 1832 3263 valeret3
1893 3169 1990 3243 ad
2046 3168 2530 3259 obsidionem,

263 3300 469 3398 quod
505 3322 727 3375 unum
783 3305 1193 3396 supererat,
1253 3298 1526 3372 emisso
1586 3296 1847 3393 majori
1885 3303 2273 3385 tormento,
2312 3301 2393 3370 ut
2432 3292 2525 3367 ad

261 3427 470 3503 illius
529 3427 912 3523 fragorem
970 3433 1522 3515 reverterentur
1599 3424 1822 3500 etiam
1879 3423 1952 3515 ii,
2013 3422 2134 3518 qui
2189 3421 2265 3494 in
2325 3420 2528 3494 villis

260 3555 605 3645 aberant,
645 3553 889 3631 omnia
925 3553 1118 3627 enim
1164 3556 1324 3649 jam
1361 3553 1586 3650 plena
1636 3558 1848 3627 erant
1905 3550 2236 3641 tumultu,
2278 3571 2361 3623 se
2399 3571 2528 3646 pa-

259 3688 406 3758 rat.
446 3679 829 3777 Sperabat
867 3680 1060 3754 enim
1118 3681 1212 3754 ab
1263 3680 1581 3754 Alberto
1641 3676 1934 3768 Lascio,
1977 3675 2300 3749 Martino
2342 3671 2527 3748 Sbo·

260 3807 566 3885 rovscio
609 3828 893 3900 socero,
933 3815 1007 3882 et
1044 3806 1521 3882 Ferdinando
1562 3829 1644 3881 se
1686 3802 2073 3905 suppetias
2115 3823 2528 3898 consequu-

266 3943 554 4027 turum,
597 3939 1188 4032 supererantque
1246 3932 1483 4007 adhuc
1538 3939 1793 4006 tantae
1834 3930 2056 4019 vires,
2097 3926 2363 4023 quibus
2404 3928 2531 4002 ob·

269 4059 642 4133 sidionem
681 4058 958 4132 tamdiu
997 4056 1310 4133 sufferre
1348 4080 1431 4131 se
1489 4055 1928 4144 confidebat,
1971 4053 2203 4126 donec
2244 4051 2529 4127 auxilia

267 4183 639 4258 venirent.
683 4179 876 4256 Nam
915 4178 1241 4257 DCLVI
1298 4181 1573 4256 milites
1613 4181 1689 4255 in
1711 4204 1883 4254 arce
1920 4179 2398 4264 lustraverat,
2438 4201 2532 4252 ex

270 4307 493 4407 queis
533 4307 631 4382 ad
669 4302 934 4383 CCCC
988 4308 1297 4404 Ungari.
1339 4307 1689 4403 Equitum
1747 4308 1893 4380 dux
1932 4306 2305 4380 Martinus
2348 4305 2531 4380 Far-

264 4458 438 4524 caS,
493 4432 822 4533 peditum
881 4456 1059 4510 vero
1140 4434 1414 4509 Petrus
1471 4435 1746 4531 Devay
1825 4440 2078 4524 erant3
2137 4438 2535 4528 praeterea

274 4560 617 4636 Thomas
658 4557 1097 4657 Slaboniay,
1158 4556 1586 4657 Stephanus
1627 4557 1942 4648 Horvat,
1983 4564 2058 4631 et
2117 4553 2532 4650 Gregorius
