3293 5219
2270 270 2410 346 191

202 515 327 588 qua
359 501 569 588 parte
594 491 908 566 dulcium
949 514 1301 587 aquarum
1346 489 1586 562 fontes
1627 490 2150 585 navigantibus
2191 513 2419 585 aqua-

205 618 446 692 tionem
485 621 867 717 praebent,
908 618 1302 715 appellunt.
1347 617 1463 689 Ex
1505 639 1592 691 eo
1623 619 1789 692 loco
1814 616 1995 691 duas
2035 616 2417 690 onerarias

200 745 370 821 intra
405 745 793 820 castellum
849 754 922 820 et
959 745 1215 819 turrim
1273 737 1706 838 (Cantaram
1747 742 2062 818 insulam
2120 736 2416 839 vocant)

201 873 715 968 conspicantur,
772 871 1127 946 solvendo
1166 870 1491 968 portorio
1550 870 1646 946 ad
1686 893 2031 945 ancoram
2089 875 2415 943 stantes:

201 1022 474 1094 quarum
549 1000 789 1075 altera
845 999 1348 1075 alexandrinis
1408 997 1812 1091 mercibus,
1872 999 2111 1072 altera
2147 996 2419 1069 insula·

201 1124 297 1196 nis
334 1134 489 1199 erat
524 1135 808 1212 onusta,
851 1148 1039 1222 quae
1080 1125 1345 1198 ambae
1391 1123 1806 1198 hominibus
1850 1123 2061 1199 modo
2103 1120 2416 1217 dilapsis

205 1251 511 1347 integrae
570 1254 978 1351 capiuntur.
1020 1250 1171 1326 Sed
1213 1275 1358 1326 non
1417 1252 1671 1349 procul
1728 1252 1822 1325 ad
1862 1252 2176 1348 quinque
2216 1247 2425 1322 milli-

204 1400 299 1450 um
353 1378 771 1461 distantiam
813 1378 909 1452 ad
944 1385 1263 1475 pontem,
1325 1376 1448 1473 qui
1489 1378 1583 1450 ab
1638 1376 1881 1450 insula
1937 1376 2012 1448 in
2050 1375 2418 1450 continen-

205 1512 330 1575 tem
383 1504 982 1601 protendebatur,
1041 1504 1228 1578 duae
1286 1510 1660 1576 rostratae
1719 1502 2202 1600 apparebant,
2244 1523 2412 1596 qua·

207 1651 340 1701 rum
373 1630 966 1728 excipiendarum
991 1638 1118 1704 aut
1139 1628 1693 1703 cremandarum
1732 1628 2103 1723 negotium
2142 1627 2193 1702 J
2201 1625 2420 1700 ohan-

208 1752 266 1825 ni
299 1752 634 1830 Andreae
675 1756 953 1830 Auriae
991 1756 1352 1852 injungit:
1404 1778 1545 1828 non
1591 1754 1781 1830 enim
1821 1776 2052 1829 naves
2094 1761 2420 1827 armatas

208 1889 349 1974 post
387 1903 464 1955 se
503 1883 942 1979 relinquere,
985 1905 1175 1979 111136
1204 1882 1765 1956 christianorum
1789 1889 2064 1976 atergo
2086 1879 2424 1953 infestari

208 2017 494 2100 possent,
512 2008 921 2084 consultum
945 2010 1354 2084 videbatur.

317 2130 582 2208 Verum
619 2133 753 2209 illo
787 2135 1206 2208 valetudine
1230 2135 1553 2209 adversa
1572 2135 1983 2226 laborante,
2008 2143 2180 2209 6116
2199 2133 2421 2208 tardi-

207 2281 297 2348 us,
315 2281 514 2356 quam
540 2259 956 2334 necessitas
979 2259 1348 2356 exigebat,
1372 2269 1786 2356 exsequuta
1807 2287 1823 2331 :
1848 2261 2267 2335 habuerunt
2287 2258 2418 2332 ho-

208 2392 339 2458 stes
371 2393 677 2483 tempuS,
714 2394 794 2461 ut
832 2386 1240 2460 subducere
1276 2408 1529 2477 naves,
1572 2392 1646 2459 et
1682 2393 2048 2460 tormenta
2087 2408 2322 2459 aenea
2344 2384 2417 2456 in

209 2517 382 2582 16113
399 2511 498 2585 113
520 2512 914 2608 disponere
933 2511 1324 2611 potuerint,
1344 2521 1424 2586 ut
1462 2511 1726 2587 deinde
1765 2511 1911 2585 nisi
1950 2511 2175 2587 totius
2217 2534 2421 2586 exer·

211 2635 371 2710 citus
390 2638 686 2730 viribus,
728 2662 817 2712 ac
842 2640 1139 2735 jactura
1199 2639 1566 2714 hominum
1625 2647 1847 2736 atque
1906 2638 2258 2736 temporis
2300 2660 2418 2712 ca-

214 2761 275 2857 pi
308 2762 691 2839 debuerint.
756 2767 846 2839 In
867 2774 1297 2862 sequentem
1335 2790 1512 2841 vero
1538 2766 1728 2840 diem
1749 2764 2048 2862 aquatio
2088 2764 2420 2841 omnibus

222 2888 529 2964 edicitur:
572 2874 688 2967 cui
728 2893 1123 2988 praesidiis
1165 2916 1350 2991 opus
1390 2902 1570 2984 erat,
1611 2918 1702 2968 ne
1744 2893 1920 2989 quid
1954 2901 2252 2983 temere,
2289 2889 2422 2963 sed

217 3014 293 3086 ad
323 3025 616 3116 tempuS,
677 3028 750 3094 et
789 3044 880 3094 ex
919 3020 1217 3094 militari
1280 3020 1675 3119 disciplina
1712 3020 1941 3094 fieret.
1984 3018 2269 3110 Quibus
2308 3040 2422 3091 or-

218 3139 470 3235 dinatis,
510 3144 824 3218 omnium
865 3146 1158 3219 navium
1198 3145 1499 3245 scaphis
1528 3145 1743 3220 simul
1784 3154 1858 3220 et
1895 3146 2125 3220 semel
2162 3142 2421 3240 gravis

218 3281 595 3345 armaturae
633 3270 903 3346 milites
944 3280 1337 3369 exponunt,
1379 3281 1453 3347 et
1488 3273 1561 3347 hi
1603 3272 1852 3347 statim
1893 3294 2159 3368 corpus
2199 3268 2421 3366 quod·

225 3390 360 3467 dam
413 3397 779 3471 exercitus
863 3396 1184 3472 conflant
1233 3427 1248 3471 :
1308 3406 1482 3498 post
1519 3400 1658 3473 hos
1735 3397 2067 3495 generali
2123 3405 2197 3471 et
2252 3395 2422 3470 aliis

221 3517 482 3597 ducibus
520 3524 1017 3621 militibusque
1039 3527 1294 3601 eodem
1328 3526 1585 3601 ordine
1623 3527 1700 3600 in
1737 3535 1939 3601 terra
1978 3523 2418 3616 constitutis,

219 3650 543 3726 exercitus
618 3652 723 3726 ita
815 3660 984 3727 sunt
1041 3653 1455 3728 constituti:
1496 3653 1874 3750 generalis
1951 3675 2042 3727 ex
2098 3649 2418 3739 hastatis

219 3771 412 3848 aciem
446 3776 939 3851 firmissimam
996 3802 1085 3852 ac
1140 3779 1525 3854 Statariam
1582 3779 2010 3877 composuit,
2049 3778 2272 3853 robur
2307 3784 2419 3853 to·

215 3898 333 3973 tius
367 3902 751 3995 exercitus,
808 3903 882 3977 in
919 3904 1162 3979 fronte
1221 3906 1361 3980 duo
1420 3907 1869 3982 subsidiaria
1917 3904 2315 4004 praesidia,
2370 3926 2417 3975 a

215 4021 414 4101 latere
450 4029 620 4103 item
659 4029 984 4123 totidem,
1024 4031 1149 4121 ita,
1216 4041 1297 4106 111
1360 4032 1661 4129 singula
1699 4031 2033 4127 singulis,
2074 4037 2150 4104 61
2187 4036 2416 4104 stata-

216 4149 287 4222 rii
319 4155 636 4230 omnibus
678 4155 1027 4230 auxilium
1066 4157 1261 4231 ferre
1299 4165 1644 4255 possent,
1686 4164 1760 4231 et
1797 4156 2093 4254 aquatio
2134 4157 2230 4231 ab
2270 4177 2415 4228 om-

216 4275 273 4347 ni
301 4276 536 4355 hostili
571 4282 845 4357 insultu
883 4306 1146 4358 secura
1186 4293 1405 4358 esset.
1447 4286 1531 4358 In
1572 4282 1830 4381 primis
1866 4281 2083 4380 pauci
2122 4280 2417 4378 quidam

216 4403 465 4497 equites
520 4408 752 4482 mauri
808 4432 896 4481 ac
953 4416 1208 4483 turcae
1266 4433 1434 4484 sese
1493 4409 1901 4497 ostendunt,
1963 4409 2097 4484 sed
2134 4431 2302 4482 mox
2340 4408 2414 4480 in

216 4525 352 4622 ipso
387 4533 535 4607 fere
574 4544 736 4609 ortu
775 4533 960 4609 solis
998 4536 1146 4610 tria
1184 4537 1400 4632 signa
1441 4537 1763 4633 equitum
1804 4536 1898 4611 ad
1939 4534 2416 4633 quadrigenti
