3293 5219
2402 278 2449 353 9

240 505 618 593 teritorum,
661 503 876 578 simul
893 503 1295 576 futurorum
1318 507 1531 574 metu.
1570 500 1691 573 Ita
1705 499 1779 572 in
1810 521 2168 596 praesens
2189 500 2460 573 coalita

240 630 635 705 concordia.
694 614 840 704 Sed
870 631 1029 724 jam
1067 625 1324 702 Cazon
1361 627 1713 702 budensis
1770 628 2035 717 bassa,
2110 627 2457 701 festinato

240 758 479 831 itinere
517 779 650 854 per
691 756 1025 853 Lippam,
1074 755 1259 829 fines
1299 753 1912 829 Transsilvaniae
1951 777 2220 849 magno
2259 778 2461 829 exer-

241 885 371 957 citu
406 884 794 978 ingressus
834 880 1416 977 Totvaradgiam
1454 889 1799 971 venerat,
1877 888 2121 979 et‘per
2159 881 2463 955 nuncios

241 1034 385 1085 cum
438 1012 703 1107 regina
757 1010 1112 1106 agitabat,
1163 1009 1457 1106 quinam
1495 1033 1586 1082 ex
1625 1009 1998 1084 seditiosis
2040 1018 2113 1083 et
2146 1009 2463 1084 nocenti-

246 1138 368 1213 bus
403 1136 778 1234 plectendi
813 1137 1092 1231 forent3
1132 1137 1349 1212 simul
1370 1137 1957 1234 Transsalpinus
1998 1145 2073 1211 et
2107 1137 2464 1211 Moldavi-

242 1264 424 1337 ensis
480 1262 556 1336 in
594 1272 841 1338 castra
891 1262 1243 1361 irrupturi
1291 1263 1844 1337 nunciabantur.
1922 1261 2070 1337 Tot
2106 1263 2462 1338 bellorum

240 1392 422 1465 fama
459 1412 607 1464 non
647 1398 808 1465 erat
861 1391 1136 1485 segnis.
1179 1387 1556 1485 Georgius
1611 1389 1960 1464 mandata
2033 1379 2106 1463 et
2166 1390 2467 1464 nuncios

244 1520 574 1594 celeriter
612 1519 999 1618 expedire,
1073 1518 1376 1593 militem
1415 1525 1635 1615 atque
1677 1517 2075 1593 exercitum
2124 1519 2218 1592 ad
2257 1518 2472 1613 signa

245 1654 310 1718 et
342 1645 621 1720 vexilla
659 1667 1089 1718 convocare.
1146 1645 1265 1719 Ita
1319 1644 1528 1718 brevi
1586 1645 1981 1740 sexaginta
2026 1653 2473 1721 armatorum

242 1772 456 1846 millia
494 1771 593 1845 ad
631 1770 1008 1845 Zazsebes
1048 1777 1543 1865 congregata3
1582 1769 1681 1843 ad
1717 1770 2244 1845 brassovianos
2281 1794 2474 1846 mon-

245 1906 346 1972 tes
382 1897 833 1971 obsidendos
872 1895 1257 1971 Johannes
1296 1897 1609 1987 Kemen‚
1668 1897 1766 1970 ad
1802 1896 2104 1971 Portam
2143 1898 2471 1972 Rubram

249 2020 508 2119 (Veres
548 2026 781 2121 Kapu
818 2018 1071 2121 vulgo)
1111 2024 1164 2100 J
1170 2024 1498 2108 ohannes
1536 2023 1912 2122 Kendeffy
1950 2024 2179 2115 missi,
2219 2033 2293 2100 et
2331 2027 2474 2100 sin-

247 2152 429 2245 gulis
498 2152 874 2227 adtributa
946 2150 1195 2225 valida
1252 2172 1531 2225 manus.
1602 2153 1688 2224 In
1749 2152 2088 2247 Ungaria
2148 2153 2479 2227 Thomas

249 2276 597 2352 Varkoch
626 2281 887 2374 jussus
926 2277 1328 2352 exercitum
1350 2276 1840 2367 conscribere,
1880 2284 1956 2349 et
1993 2301 2086 2350 ex
2127 2278 2478 2352 comitati-

252 2405 376 2479 bus
412 2404 695 2480 auxilia
751 2405 1012 2479 accire.
1071 2403 1415 2479 Oazonus
1454 2404 1744 2478 interim
1803 2404 2157 2479 ducentos
2196 2405 2481 2500 equites

245 2554 391 2606 cum
432 2531 789 2627 Feruaga
826 2531 1334 2631 praemiserat,
1377 2531 1499 2629 qui
1536 2532 1610 2605 in
1637 2532 1989 2606 suburbio
2029 2532 2227 2606 arcis
2267 2533 2483 2607 Deva

247 2659 508 2757 oppido
547 2660 1055 2752 consederant,
1115 2666 1189 2734 et
1224 2666 1396 2757 post
1430 2660 1567 2733 hos
1607 2660 1794 2734 alios
1835 2661 2315 2756 quingentos3
2394 2660 2484 2735 de

251 2787 507 2880 quibus
545 2786 932 2862 Johannes
973 2785 1231 2861 Torek
1282 2787 1552 2861 certior
1586 2787 1868 2880 factus,
1925 2787 2216 2882 gloriae
2254 2811 2344 2861 ac
2381 2788 2486 2862 ul-

249 2911 458 2988 tionis
501 2913 764 2988 avidus
787 2971 803 3004 ,
862 2915 987 3011 qui
1021 2923 1309 3013 patrem
1346 2914 1822 2989 Valentinum
1858 2914 2116 2989 Budae
2173 2923 2485 3012 captum,

250 3039 420 3113 etin
480 3039 880 3137 byzantina
936 3039 1363 3138 captivitate
1402 3047 1760 3114 mortuum
1817 3041 2284 3130 meminerat,
2360 3040 2486 3115 ha-

250 3164 606 3262 bebatque
644 3188 892 3240 arcem
947 3166 1269 3241 validam
1307 3164 1608 3240 Huniad
1659 3174 1733 3239 et
1769 3167 2155 3241 multarum
2196 3167 2490 3242 cliente-

252 3289 476 3364 larum
511 3314 654 3365 non
692 3291 955 3388 procul
994 3292 1248 3379 Deva,
1325 3290 1664 3365 manibus
1703 3292 2071 3386 paternis,
2148 3293 2378 3367 caede
2418 3301 2492 3366 et

257 3417 603 3512 sangnine
644 3417 960 3493 hostium
1002 3417 1224 3491 veluti
1277 3416 1836 3491 sacrificandum
1878 3418 2273 3493 constituit.
2331 3419 2491 3492 Nec

255 3543 724 3617 cunctandum
763 3542 896 3617 tali
937 3542 1326 3617 occasione
1363 3551 1603 3635 ratus,
1679 3544 2066 3640 explorata
2102 3543 2306 3641 prius
2345 3544 2488 3617 fide

254 3670 607 3766 praetoris
686 3668 1136 3764 civiumque,
1234 3669 1417 3743 solis
1473 3678 1760 3743 centum
1816 3669 2052 3743 tribus
2111 3677 2184 3743 et
2241 3670 2488 3746 decem

255 3796 640 3891 equitibus,
697 3796 1073 3894 peditibus
1113 3803 1395 3894 septem
1435 3803 1508 3871 et
1546 3796 1977 3891 sexaginta,
2036 3821 2168 3894 per
2206 3806 2490 3873 noctem

258 3922 507 3998 itinere
545 3925 743 3999 facto
769 3980 786 4010 ,
860 3924 935 3997 in
991 3923 1159 4023 ipso
1198 3923 1384 3999 lucis
1436 3931 1598 3998 ortu
1654 3923 2023 4021 peditibus
2079 3947 2214 4021 per
2270 3945 2491 4022 sepes

255 4056 321 4123 et
354 4048 605 4125 hortos
643 4050 1054 4147 irrumpere
1084 4048 1343 4144 jussiS,
1382 4049 1547 4147 ipse
1586 4073 1745 4124 cum
1786 4049 2179 4146 equitibus,
2237 4073 2491 4125 excus-

264 4174 362 4248 sis
399 4199 445 4248 a
496 4184 709 4273 porta
749 4175 1084 4251 obicibus
1142 4170 1335 4273 (nam
1378 4175 1722 4274 oppidum
1763 4175 1920 4250 sine
1976 4199 2178 4249 muro
2236 4177 2493 4251 invali-

269 4299 428 4372 dum
467 4296 654 4397 erat)
693 4302 1050 4391 invectus,
1091 4301 1572 4376 semisomnos
1593 4301 1882 4398 partim,
1924 4302 2112 4376 alios
2135 4326 2342 4378 arma
2379 4328 2494 4379 su-

261 4434 537 4500 mentes
573 4430 837 4522 fugare
862 4483 880 4518 ,
956 4424 1268 4500 caedere
1326 4427 1403 4500 in
1461 4427 1835 4515 domibus,
1910 4427 1985 4502 in
2041 4429 2164 4503 via
2236 4429 2495 4505 obvios

258 4572 582 4649 quosque
619 4562 1118 4654 prosternere.
1177 4553 1292 4630 Eo
1329 4554 1727 4631 notabilior
1765 4555 2034 4631 caedes
2071 4556 2241 4649 fuit,
2301 4556 2495 4656 quod
