3293 5219
819 288 941 352 LX

817 471 1013 545 rice:
1058 476 1309 543 nostro
1349 469 1598 566 aliquo
1641 469 2184 544 munificentiae
2219 479 2658 567 argumento
2691 471 2905 567 digni
2949 495 3091 546 me-

818 596 962 672 rito
1003 619 1050 669 a
1085 594 1299 670 nobis
1356 595 1540 671 estis
1585 596 1920 692 judicati,
1960 604 2040 671 ut
2077 620 2214 672 vos
2264 596 2770 673 laudabilibus
2807 596 3094 671 vestris

814 720 1201 796 conatibus
1241 720 1461 796 etiam
1504 700 1856 819 deinceps
1898 722 1994 796 ad
2032 722 2224 797 bene
2263 722 2691 797 merendum
2737 724 3093 797 certatim

811 845 1298 940 contendatis,
1337 846 1623 945 posteri
1663 854 1908 921 autem
1951 847 2183 921 vestri
2221 848 2362 922 hoc
2399 849 2631 923 veluti
2681 849 3096 923 immortali

813 980 1316 1065 monumento,
1376 972 2091 1071 domesticarumque
2149 973 2496 1049 virtutum
2555 973 2937 1073 exemplis
3000 976 3093 1050 ad

815 1101 1215 1202 praeclara
1267 1099 1605 1175 facinora
1662 1120 1795 1172 ceu
1852 1096 2149 1173 stimulo
2208 1097 2622 1189 incitentur,
2665 1120 2708 1172 e
2746 1105 2986 1175 coetu
3022 1109 3098 1174 et

811 1249 1114 1303 numero
1156 1224 1531 1300 Nobilium
1571 1223 2001 1314 eximentes,
2043 1221 2134 1298 de
2173 1223 2484 1321 speciali
2533 1230 2798 1299 nostra
2836 1227 3100 1322 gratia

813 1362 891 1431 et
925 1351 1423 1428 munificentia
1459 1349 1864 1449 Imperiali,
1902 1350 1977 1423 in
2017 1372 2395 1426 numerum
2456 1359 2908 1449 coetumque
2950 1354 3095 1429 Ba-

815 1503 1071 1559 ronum
1127 1478 1491 1579 praedicti
1549 1476 1797 1574 Regni
1856 1476 2089 1552 nostri
2148 1476 2587 1573 Hungariae
2640 1480 3099 1577 recepimus,

820 1604 1425 1703 aggregavimus,
1468 1613 1541 1679 et
1598 1603 2036 1694 creavimus,
2092 1603 2685 1701 perfecimusquc
2740 1605 3100 1680 volentes

817 1743 892 1811 et
929 1732 1454 1833 praesentibus
1514 1732 2026 1823 decernentes,
2064 1737 2145 1804 ut
2201 1753 2338 1805 vos
2376 1754 2423 1804 a
2463 1731 2675 1806 modo
2727 1730 3099 1832 deinceps

820 1882 992 1936 cera
1044 1860 1276 1935 rubea
1331 1860 1576 1957 quoad
1638 1854 2006 1955 Sigillum,
2065 1880 2155 1930 ac
2212 1858 2548 1932 omnibus
2594 1855 2749 1932 illis
2790 1861 3099 1955 gratiis,

817 1984 1260 2086 privilegiis,
1315 1984 1736 2074 honoribus,
1798 1983 2412 2077 immunitatibus,
2470 1983 2966 2062 libertatibus
3027 1997 3101 2063 et

819 2112 1413 2211 exceptionibus,
1475 2113 1743 2211 quibus
1808 2111 1985 2186 dicti
2042 2110 2288 2206 Regni
2343 2110 2577 2187 nostri
2633 2109 3101 2208 Hungariae

817 2239 1174 2336 Barones,
1213 2249 1362 2316 tam
1421 2239 1945 2316 consuetudine
2006 2262 2223 2335 quam
2266 2240 2436 2337 jure
2473 2245 2777 2313 utuntur
2820 2247 2907 2315 et
2945 2242 3096 2316 fru-

819 2375 1060 2461 untur,
1102 2376 1253 2444 tam
1289 2368 1512 2455 intra,
1555 2389 1774 2464 quam
1815 2372 2029 2441 extra
2066 2364 2118 2440 J
2124 2364 2385 2455 udicia,
2410 2371 2536 2440 aut
2575 2364 2769 2440 alias
2809 2366 3097 2455 ubivis,

819 2494 944 2583 uti,
984 2494 1151 2587 frui,
1175 2503 1248 2570 et
1269 2493 1623 2592 gaudere,
1664 2489 2044 2590 perpetuis
2083 2512 2376 2588 semper
2414 2490 2882 2588 temporibus
2928 2514 3101 2589 pos·

825 2617 991 2693 sitis
1048 2644 1139 2695 ac
1196 2619 1535 2711 valeatis,
1575 2618 2090 2715 haeredesque
2133 2624 2208 2691 et
2242 2616 2721 2715 posteritates
2778 2625 3100 2695 vestrae

825 2744 1207 2842 utriusque
1248 2768 1473 2820 sexus
1513 2744 1915 2821 universae
1962 2742 2257 2842 possint
2293 2765 2384 2817 ac
2421 2744 2739 2818 valeant.
2781 2787 2896 2800 ——
2942 2746 3101 2821 Ha-

820 2894 979 2946 rum
1038 2876 1454 2946 nostrarum
1514 2870 1791 2969 duplici
1854 2877 1929 2946 et
1985 2869 2411 2946 authentico
2471 2865 2740 2962 Sigillo
2818 2881 3099 2948 nostro

822 3000 1425 3076 communitatum
1455 2998 1717 3094 vigore
1757 3005 1831 3074 et
1866 2995 2288 3072 testimonio
2329 2996 2759 3071 litterarum.
2802 2995 3100 3074 Datum

822 3125 1162 3200 Viennae
1201 3124 1393 3200 30-a
1430 3126 1550 3200 die
1587 3123 1863 3198 mensis
1924 3121 2196 3211 Martii,
2240 3121 2457 3195 Anno
2501 3120 2800 3196 Domini
2842 3124 3102 3201 Mille-

824 3249 1007 3325 simo
1067 3249 1679 3345 Quingentesimo
1741 3246 2256 3346 Sexagesimo,
2306 3246 2732 3343 Regnorum
2790 3256 3101 3326 nostro-

822 3399 1001 3466 rum,
1060 3374 1377 3451 Romani
1435 3374 1876 3467 Tricesimo‚
1936 3373 2243 3448 aliorum
2304 3372 2720 3448 Tricesimo
2769 3371 3099 3464 Quarto,

824 3501 1234 3577 Electionis
1273 3524 1449 3578 vero
1489 3509 1792 3576 nostrae
1851 3497 2388 3597 Imperatoriae
2429 3497 2708 3572 Tertio.
2751 3539 2858 3562 —-
2906 3503 3097 3578 Fer-

826 3628 1191 3704 dinandus
1230 3630 1416 3726 Imp.
1455 3650 1546 3700 m.
1594 3651 1666 3725 p.
1707 3623 2064 3702 Nicolaus
2103 3621 2192 3698 A.
2215 3624 2479 3721 Eppus
2518 3620 3097 3718 strigoniensis.

825 3754 879 3832 J
885 3776 1167 3830 oannes
1216 3751 1572 3827 Listhius.

829 3911 1099 3976 (Eredetie
1124 3929 1157 3963 a
1180 3926 1257 3977 gr.
1296 3908 1609 3976 Forgfichok
1654 3907 1852 3958 csaladi
1898 3905 2273 3958 leveltaraban.
2318 3905 2514 3956 Kiadta
2556 3902 2817 3971 Monadi-y,
2866 3906 3097 3975 ngrfid

1464 3997 1762 4064 Varmegye
1789 3999 1928 4048 Leir.
1956 3997 2049 4047 IV.
2082 3999 2309 4049 143—6.
2337 3995 2434 4061 11.).

1736 4250 2159 4259 -———-—-——-——-—-
