3293 5219
2312 317 2467 399 373

226 538 479 611 verbis
535 537 1028 625 illuderentur2
1100 539 1250 613 alia
1290 562 1463 613 vero
1521 538 1796 613 tamdiu
1873 540 2461 631 extraherentur,

229 673 310 739 ut
407 665 791 740 exhaustis
887 665 1257 762 expensis,
1316 664 1387 755 ii,
1447 687 1748 761 quorum
1821 665 2270 759 interesset,-
2311 668 2470 741 sine

223 816 591 890 responso
668 791 879 867 abire
962 800 1421 888 cogerentur.
1502 792 1781 868 Eorum
1838 802 2080 869 autem
2157 802 2469 891 quatuor

228 927 443 994 erant
532 916 921 1014 potissima
999 918 1246 1015 capita
1296 945 1312 989 ε
1388 917 1696 991 militum
1766 926 1988 1014 atque
2065 919 2469 1016 praefecto-

228 1069 388 1119 rum
464 1045 762 1141 praeda,
839 1045 1101 1141 rapina
1192 1053 1412 1140 atque
1518 1044 1957 1137 crudelitas3
2034 1069 2192 1135 cum
2257 1045 2467 1119 miles

227 1171 496 1259 omnia,
555 1193 744 1267 quae
801 1170 1044 1261 victui,
1087 1168 1456 1266 cultuique
1513 1178 1766 1246 essent
1817 1172 2260 1260 necessaria,
2309 1172 2467 1245 sine

228 1297 735 1372 misericordia
796 1298 1192 1394 abriperet;
1237 1307 1310 1372 et
1352 1301 1570 1393 vulgo
1614 1322 1864 1372 omnes
1903 1298 2275 1372 radicibus
2303 1300 2467 1395 jun-

227 1450 479 1501 corum
538 1433 1032 1514 vescerentur,
1070 1427 1196 1518 ita,
1237 1432 1314 1500 ut
1376 1426 1580 1500 multi
1619 1427 1968 1499 mortales
2026 1427 2221 1499 fame
2277 1425 2470 1521 peri-

224 1560 414 1628 rent.
530 1552 840 1650 Reperti
881 1561 1115 1642 sunt,·
1165 1552 1286 1650 qui
1344 1577 1502 1628 cum
1562 1554 1658 1627 ab
1736 1552 1964 1657 milite
2035 1554 2471 1626 frumentum

223 1680 604 1778 proprium
641 1678 950 1775 pecunia
988 1679 1476 1754 redemissent
1534 1680 1766 1754 semel
1803 1688 1876 1754 et
1909 1680 2189 1771 iterum,
2230 1700 2467 1774 neque

228 1810 324 1884 ab
366 1806 587 1881 tertio
628 1815 699 1879 et
738 1812 1000 1899 quarto
1041 1805 1400 1880 redimere
1438 1806 1875 1903 potuissent,
1900 1828 2029 1879 eos
2052 1802 2469 1878 miseranda

228 1939 429 2011 fame
474 1940 843 2007 enecatos.
873 1930 1287 2009 Secundum
1312 1940 1473 2006 erat
1500 1932 1588 2006 de
1619 1933 1856 2023 bonis,
1884 1956 2070 2028 quae
2108 1931 2470 2029 praefecti

225 2061 509 2159 passim
547 2083 679 2157 pro
741 2057 951 2131 libito
1006 2067 1475 2155 occuparent3
1533 2059 1882 2132 nonnulla
1940 2078 2118 2131 vero
2158 2057 2470 2154 ipsemet

231 2211 513 2277 caesar,
530 2210 687 2259 cum
704 2194 921 2283 capta
943 2185 1185 2282 Tokaj
1198 2208 1238 2257 o
1254 2185 1690 2280 possideret,
1707 2208 1943 2281 neque
1957 2184 2266 2258 dominis
2305 2182 2465 2257 red-

231 2317 406 2389 dere
444 2314 689 2399 vellet,
732 2312 1066 2408 quamvis
1094 2313 1428 2387 omnibus
1453 2312 1672 2386 bellis
1711 2312 1871 2384 sine
1892 2311 2282 2407 stipendio,
2307 2310 2461 2384 suis

237 2449 518 2516 tantum
557 2440 909 2538 impensis
950 2439 1476 2514 interfuissent.
1520 2439 1853 2514 Tertium
1892 2438 1981 2512 de
2011 2438 2224 2512 novis
2253 2437 2465 2511 trice-

236 2568 462 2660 simis,
504 2568 662 2643 sive
684 2566 1038 2666 portoriis
1067 2567 1134 2641 in
1175 2566 1408 2664 Tocaj
1436 2576 1508 2643 et
1528 2566 1708 2643 Sixo
1748 2575 1821 2641 et
1857 2565 2235 2664 plerisque
2291 2563 2464 2639 aliis

233 2697 437 2771 locis.
503 2697 693 2770 Nam
752 2693 1054 2769 Sveuda
1094 2695 1183 2768 de
1240 2695 1555 2790 singulis
1616 2695 2006 2790 vegetibus
2049 2693 2241 2784 vini,
2302 2693 2462 2768 sive

230 2822 744 2912 venderentur,
768 2822 927 2896 sive
966 2846 1130 2912 non,
1171 2844 1389 2896 senos
1429 2822 1768 2914 florenos,
1791 2821 1949 2895 sine
1987 2842 2500 2918 personarum⁴

227 2949 579 3025 nobilium
622 2951 738 3023 vel
789 2949 1219 3043 ignobilium
1263 2951 1378 3023 vel
1435 2958 1857 3045 magnatum
1897 2948 2203 3032 delectu,
2263 2945 2465 3039 exigi

228 3076 541 3169 curabat
563 3071 650 3172 ²³⁸).
728 3078 1165 3173 imponebat
1257 3084 1649 3173 praeterea
1722 3074 1920 3149 villis
1968 3072 2278 3167 integris
2340 3079 2512 3160 aut,

231 3201 524 3301 oppidis
580 3202 1042 3299 praefinitum
1101 3225 1475 3278 numerum
1513 3202 1701 3291 vini,
1782 3200 1941 3274 sine
1999 3196 2147 3272 ullo
2205 3196 2464 3292 preti0,

232 3353 423 3427 quae
460 3331 622 3427 ipse
658 3329 734 3403 in
772 3328 1158 3405 Poloniam
1198 3330 1568 3404 vendebat
1590 3327 1731 3418 **.).

450 3455 803 3547 Quartum
863 3464 1043 3544 erat,
1087 3458 1280 3553 quod
1334 3457 1407 3529 in
1468 3477 1720 3530 omnes
1776 3434 2304 3551 praefecturas,
2364 3450 2467 3523 di-

232 3586 579 3681 gnitates,
676 3591 894 3679 atque
953 3583 1271 3658 bonores
1384 3583 1780 3668 seculares,
1877 3586 1950 3652 et
2023 3576 2468 3652 ecclesiasti-

235 3735 380 3801 cos,
471 3707 887 3784 Germanos
959 3717 1179 3806 atque
1237 3710 1467 3784 [talos
1525 3708 1940 3800 induceret3
2018 3711 2274 3779 contra
2345 3726 2465 3776 ne-

233 3863 375 3936 que
417 3837 670 3912 horum
713 3839 1116 3935 quicquam,
1156 3862 1393 3934 neque
1435 3838 1677 3925 etiam,
1717 3835 1821 3910 uti
1849 3834 2047 3930 Juris
2088 3840 2202 3905 est
2239 3854 2467 3925 unga-

230 3965 388 4054 rici,
432 3966 627 4038 bona
686 3964 1183 4039 defunctorum
1244 3965 1405 4038 sine
1463 3962 1882 4052 heredibus,
1961 3962 2149 4033 bene
2189 3957 2465 4032 meritis

235 4092 529 4184 donare,
571 4092 794 4165 ullam
850 4091 1332 4165 hereditatem
1393 4090 1511 4163 vel
1587 4110 1890 4185 parvam
1949 4083 2068 4158 vel
2126 4105 2469 4178 magnam

444 4339 504 4406 ³⁶)
535 4336 801 4411 P'orgtich
830 4337 883 4392 S.
922 4340 1188 4408 jegyzete
1217 4355 1231 4385 τ
1274 4337 1413 4392 Nem
1445 4334 1563 4390 volt
1607 4351 1676 4388 az
1706 4334 1862 4396 soba,
1916 4346 2045 4384 nem
2077 4331 2123 4383 is
2155 4325 2344 4383 mielte
2373 4332 2469 4382 azt

234 4430 467 4492 Svendi;
507 4426 885 4499 egycffbkepen
914 4429 1043 4498 eleg
1070 4428 1327 4483 hamisan
1359 4426 1556 4479 szcdik
1590 4444 1656 4479 az
1686 4419 2135 4477 harminczadot.

447 4518 546 4588 iffi)
600 4517 863 4590 Fon-gach
910 4518 963 4572 S.
987 4517 1286 4590 jegyzete:
1336 4516 1422 4570 ΑΖ
1451 4533 1568 4570 sem
1598 4513 1722 4570 volt
1749 4511 1906 4575 soba,
1963 4528 2093 4568 uem
2135 4505 2329 4563 mielte
2369 4513 2466 4564 azt

236 4609 468 4667 Svendi.
496 4609 582 4665 Az
606 4607 773 4664 tobbi
800 4607 1027 4680 igazak.
