3293 5219
713 266 869 346 380

718 486 1158 563 nobilissimi
1215 488 1356 563 viri
1393 488 1744 564 trucidati
1802 497 1989 565 sunt.
2035 490 2288 565 Nihilo
2329 492 2571 565 secius
2630 487 2970 587 Solyma-

709 636 848 691 nus
888 615 1192 712 gravius
1250 616 1325 690 in
1397 639 1560 692 eum
1597 616 1781 691 nihil
1839 617 2117 709 statuit,
2177 640 2393 714 quam
2451 624 2529 692 ut
2569 624 2965 710 cogeretur

712 742 886 818 illas
944 738 1427 834 conditiones,
1496 768 1688 841 quae
1746 753 1958 818 erant
2013 746 2505 840 gravissimae
2555 751 2628 818 et
2686 751 2959 841 sponte

710 851 1114 959 faciendae,
1155 869 1216 943 si
1274 869 1668 963 honestati,
1712 871 2071 967 dignitati,
2121 878 2193 945 et
2246 871 2533 968 patriae
2573 873 2965 945 consulere

712 996 1092 1090 voluisset,
1132 998 1496 1095 accipere,
1537 1007 1612 1072 et
1650 999 1874 1074 filium
1932 999 2282 1074 minorem
2321 1006 2498 1072 natu
2539 995 2792 1072 Gritto
2832 998 2962 1071 ob-

711 1123 947 1197 sidem
986 1123 1188 1197 dare.
1230 1126 1491 1220 Itaque
1533 1147 1696 1199 eum
1755 1123 2205 1222 Solymanus
2246 1125 2339 1200 ad
2389 1126 2440 1200 J
2447 1124 2805 1200 ohannem
2846 1147 2962 1198 re-

709 1249 926 1340 misit,
952 1249 1380 1347 petivitque,
1402 1260 1482 1325 ut
1520 1252 1588 1325 ei
1628 1253 2023 1327 clementer
2060 1276 2369 1350 parcere
2393 1251 2650 1347 vellet;
2693 1253 2790 1325 ab
2834 1275 2957 1325 eo—

710 1400 849 1474 que
907 1377 1314 1451 liberaliter
1373 1384 1738 1452 tractatus
1779 1386 1852 1453 et
1907 1378 2273 1452 dimissus*
2311 1385 2443 1452 est.
2488 1375 2639 1451 Sed
2679 1377 2945 1451 eadem

707 1503 1020 1601 perfidia
1041 1509 1113 1575 et
1149 1502 1308 1601 ipse
1350 1509 1424 1576 et
1455 1501 1732 1577 Paulus
1791 1501 2203 1579 Vardensis
2234 1503 2551 1576 antistes
2592 1501 2942 1596 strigoni-

707 1629 905 1704 ensis
943 1629 1205 1704 iterum
1244 1629 1690 1704 defecerunt.
1761 1628 2063 1704 ,Paulus
2123 1632 2316 1704 enim
2392 1629 2489 1703 ad
2543 1628 2955 1716 Fcrdinan-

707 1756 875 1830 dum
934 1756 1299 1830 translata
1337 1756 1502 1849 fide,
1541 1756 1818 1831 nullum
1855 1755 2276 1846 remedium,
2336 1755 2510 1851 quin
2573 1752 2950 1853 extemplo

706 1881 1156 1980 pereundum
1196 1888 1415 1970 esset,
1494 1883 1982 1981 conspicatuS,
2060 1882 2153 1956 ab
2194 1879 2547 1956 salutaris
2586 1881 2950 1956 audaciae

701 2009 997 2083 fortuna
1035 2009 1420 2085 consilium
1477 2009 1780 2108 accepit.
1857 2007 2232 2105 Siquidem
2273 2015 2534 2105 sponte
2583 2009 2658 2081 in
2698 2016 2953 2083 castra

704 2135 1042 2227 accessit,
1084 2131 1210 2210 CO
1251 2135 1541 2211 circiter
1580 2137 1902 2233 equitum
1945 2136 2587 2233 cataphractorum
2628 2134 2951 2232 splendi-

705 2260 819 2335 dis
859 2261 1083 2336 armis
1121 2261 1482 2354 comitiva,
1525 2284 1617 2336 ex
1660 2262 1891 2336 veteri
1931 2261 2319 2360 disciplina
2355 2261 2772 2336 indutorum
2814 2260 2945 2334 sti·

700 2396 941 2487 patus,
981 2412 1168 2487 quae
1209 2389 1428 2464 etiam
1468 2412 1700 2486 usque
1750 2390 1847 2463 ad
1899 2390 1951 2465 J
1957 2388 2270 2464 ohannis
2320 2394 2629 2463 mortem
2684 2393 2939 2461 uteun-

699 2539 839 2614 que
892 2516 1359 2614 perduravit3
1425 2524 1497 2592 et
1552 2524 1786 2592 morte
1845 2518 2004 2614 ejus
2062 2517 2412 2591 universa
2469 2515 2749 2616 pariter
2810 2538 2936 2588 ex-

700 2643 970 2718 stincta
1044 2651 1178 2737 est,
1239 2667 1399 2718 cum
1475 2643 1694 2719 hodie
1767 2644 2184 2725 levissimis
2248 2644 2473 2718 armis
2533 2634 2643 2716 ad
2683 2644 2937 2738 fugam

699 2791 917 2866 quam
958 2769 1051 2843 ad
1110 2792 1432 2866 pugnam
1481 2769 1894 2867 aptioribus
1950 2770 2276 2844 universi
2312 2776 2629 2846 utantur.
2670 2771 2937 2865 ltaque

700 2919 861 2970 eum
922 2894 1366 2995 Solymanus
1426 2898 1825 2972 clementer
1902 2899 2210 2996 excepit,
2290 2906 2363 2973 et
2435 2922 2517 2972 se
2575 2898 2942 2973 Viennam

699 3024 1033 3097 comitari
1055 3024 1308 3121 jussit,
1349 3047 1641 3122 semper
1680 3022 2200 3100 humanissime
2250 3025 2324 3099 in
2366 3025 2631 3100 castris
2675 3044 2940 3121 excep-

696 3157 868 3241 tum,
890 3158 1134 3226 utnon
1159 3151 1369 3225 modo
1395 3174 1578 3248 ager
1626 3150 1763 3224 sed
1785 3151 1961 3225 ditio
1986 3174 2274 3248 quoque
2297 3150 2814 3246 strigoniensis
2839 3150 2933 3222 ab

698 3277 891 3351 omni
930 3276 1202 3372 injuria
1238 3278 1515 3352 intacta
1571 3287 1991 3373 manerent3
2050 3288 2123 3353 et
2161 3303 2321 3353 cum
2360 3278 2643 3353 Budam
2679 3300 2930 3351 rever-

692 3402 930 3495 tisset,
972 3403 1597 3479 commendatione
1628 3401 2012 3502 Solymani
2069 3406 2143 3478 iu
2192 3405 2579 3502 pristinam
2618 3402 2939 3499 dignita-

685 3538 839 3605 tem
878 3530 971 3603 ab
1013 3529 1358 3605 Johanne
1397 3531 1781 3605 restitutus
1823 3537 1969 3626 est3
2013 3531 2207 3629 apud
2246 3556 2461 3628 quem
2498 3539 2746 3605 tamen
2786 3552 2938 3602 non

692 3656 813 3730 diu
887 3656 1223 3730 beneficii
1281 3656 1629 3732 memoria
1686 3658 1933 3750 valuit,
1993 3682 2154 3732 cum
2211 3660 2305 3732 ad
2379 3656 2932 3732 Ferdinaudum

684 3784 951 3858 iterum
994 3782 1454 3858 descivisset.
1515 3785 1680 3858 Hoc
1720 3784 2130 3860 addendum
2190 3785 2325 3859 fuit
2358 3792 2659 3882 propter
2698 3782 2932 3857 histo-

685 3911 843 3986 riae
903 3916 1346 4002 contextum,
1402 3918 1818 4009 propterea,
1877 3912 2070 4008 quod
2113 3912 2368 3985 eodem
2425 3919 2755 4007 tempore
2814 3931 2935 3980 eo·

685 4038 990 4134 demque
1084 4037 1370 4112 scelere
1470 4038 1943 4113 exsecrando
2036 4037 2473 4137 proditionis
2569 4034 2934 4132 vituperio

682 4162 999 4261 patriam
1044 4163 1524 4260 prodiderint,
1567 4173 1786 4262 atque
1843 4163 2318 4263 perdiderint.
2363 4161 2765 4260 Solymano
2805 4183 2931 4234 au·

683 4297 827 4363 tem
868 4291 1217 4385 generosi
1291 4290 1533 4381 animi,
1609 4292 1936 4369 Johanni
2012 4314 2186 4366 vero
2250 4289 2748 4389 perniciosam
2856 4297 2930 4365 et

687 4416 853 4491 ideo
891 4417 1407 4514 poenitendam
1449 4418 1884 4494 clementiae
1921 4419 2213 4493 laudem
2256 4416 2710 4513 reliquerint.

900 4543 1233 4621 Perenus
1303 4553 1545 4621 autem
1604 4571 1765 4625 cum
1839 4545 2032 4621 liber
2087 4546 2328 4622 factus
2406 4550 2643 4641 esset,
2745 4544 2930 4627 nihil
