3293 5219
774 365 924 440 15?ss

759 580 1201 656 Benedictus
1222 581 1458 678 Zalay
1481 582 1815 655 manibus
1857 582 2467 679 promptissimae,
2489 602 2811 677 raraque
2849 578 2994 652 for-

763 729 925 780 mae
966 710 1353 804 maJestate
1383 709 1718 803 juvenis3
1797 709 2023 782 ceteri
2077 710 2364 806 pedites
2403 706 2736 804 germani
2777 706 3002 779 fuere·

759 834 1071 932 Equites
1092 834 1460 931 gravioris
1482 843 1899 909 armaturae
1920 858 2060 909 non
2082 836 2276 910 ultra
2306 835 2719 931 quindecim
2737 830 2999 931 periis-

764 984 847 1035 se
869 962 1237 1059 comperio
1256 961 1332 1035 in
1351 985 1622 1058 pugna.
1648 961 1798 1037 Ubi
1822 969 1989 1035 ante
2012 984 2262 1035 omnes
2302 962 2623 1058 equitum
2660 958 2997 1057 inprimis

760 1082 1282 1185 ungaricorum
1332 1088 1566 1162 virtus
1645 1089 1978 1181 emicuit3
2037 1089 2368 1185 proxime
2407 1088 2543 1164 hos
2592 1089 2761 1184 jure
2803 1085 3002 1181 equi-

758 1214 957 1290 tibus
1013 1214 1408 1312 germanis,
1468 1236 1770 1311 quorum
1810 1213 1977 1305 dux,
2033 1224 2113 1289 ut
2151 1214 2419 1306 dictum
2461 1221 2596 1307 est,
2634 1212 3004 1287 Henricus

763 1365 808 1413 a
844 1339 1215 1416 Puecham
1253 1340 1403 1427 fuit,
1428 1340 1820 1415 secundam
1844 1340 2133 1415 laudem
2147 1341 2768 1416 tribuens.Banus
2782 1361 3005 1436 porro

763 1492 809 1540 a
848 1467 1272 1542 fortitudine
1311 1467 1676 1564 animique
1716 1465 1982 1541 robore
2023 1466 2126 1540 ita
2164 1488 2320 1540 rem
2360 1466 2618 1563 gessit,
2658 1472 2740 1539 ut
2773 1464 3004 1538 hosti-

764 1594 903 1667 bus
928 1616 1215 1691 quoque
1235 1593 1585 1667 miraculo
1606 1592 1847 1683 fuerit,
1863 1615 2099 1689 parva
2118 1614 2333 1666 manu
2371 1599 2654 1667 tantam
2682 1590 3005 1665 multitu·

761 1719 1002 1794 dinem
1023 1719 1356 1816 aggredi.
1387 1717 1794 1809 Palatinus,
1818 1718 1907 1791 de
1945 1719 2150 1792 cuius
2172 1717 2560 1814 vigilantia
2597 1726 2670 1790 et
2704 1716 3003 1811 ingenio

758 1866 1038 1920 summa
1075 1846 1182 1920 rei
1208 1845 1578 1943 pependit,
1599 1866 1745 1919 non
1764 1845 1977 1921 modo
2016 1845 2400 1920 fortissimi
2440 1843 2998 1942 sapientissimi·

762 1994 902 2068 11110
938 1972 1432 2072 imperatoris,
1455 1972 1726 2047 milites
1783 1974 2050 2070 partim
2108 1972 2464 2063 obeundo,
2504 1980 2580 2045 et
2612 1971 2710 2045 ad
2747 1991 3004 2066 capes-

761 2098 1070 2173 sendam
1094 2122 1417 2196 pugnam
1454 2099 1926 2194 cohortandO,
1948 2098 2377 2174 cedentibus
2418 2120 2632 2196 opem
2667 2096 3002 2186 feiendO,

775 2222 910 2301 hos
948 2227 1333 2316 laudando,
1353 2225 1527 2301 illos
1549 2226 1938 2322 carpendo,
1960 2235 2372 2322 ceteraque,
2394 2247 2583 2321 quae
2599 2224 2999 2319 imperato·

767 2376 924 2427 rem
934 2362 1323 2452 praestare
1341 2352 1660 2451 oportuit
1674 2351 2233 2448 diligentissime
2252 2348 2725 2447 perficiendo,
2765 2349 2904 2423 sed
2927 2358 3002 2422 et

761 2476 1014 2552 militis
1036 2478 1315 2553 strenui
1370 2476 1684 2552 omnium
1725 2476 2066 2573 opinione
2104 2476 2420 2551 officium
2462 2481 2576 2550 est
2620 2482 2998 2550 executus.

969 2602 1286 2679 Praeliis
1341 2604 1481 2679 hoc
1526 2605 1724 2679 facto
1763 2603 2008 2697 finitis,
2031 2601 2391 2700 hosteque
2433 2612 2760 2701 apertam
2812 2626 3000 2701 pug-

757 2752 925 2803 nam
965 2731 1437 2821 detrectante,
1476 2732 1729 2822 nostri,
1773 2754 1863 2806 ne
1905 2753 2122 2829 quam
2160 2754 2253 2805 ex
2290 2730 2531 2807 hostis
2581 2729 3000 2806 calliditate

757 2855 1036 2931 cladem
1050 2859 1489 2955 acciperent,
1512 2857 1709 2956 quod
1746 2881 1930 2956 prae
1967 2856 2273 2956 reliquis
2310 2856 2779 2933 utilissimum
2817 2880 2991 2933 esse

754 2992 1214 3075 censuerunt,
1256 2985 1517 3060 relicta
1573 2984 1955 3060 obsidione
2030 2985 2428 3061 Babochae
2466 2992 2993 3075 retrocessere‚
3116 3076 3128 3088 ⁶

752 3112 963 3185 hoste
983 3111 1158 3185 illos
1179 3135 1312 3209 per
1341 3111 1708 3208 integrum
1747 3112 2067 3187 milliare
2105 3113 2537 3203 insectante,
2582 3134 2999 3208 agmenque

750 3239 1079 3336 peditum
1157 3247 1232 3313 et
1307 3239 1985 3335 impedimentorum
2043 3238 2313 3314 lentius
2367 3238 2719 3313 incedens
2766 3238 2998 3313 laces-

751 3373 1009 3457 sente3
1071 3388 1305 3463 eoque
1362 3366 1480 3442 die
1538 3367 1959 3441 Berzencze
2015 3365 2495 3463 pertigerunt‚
2570 3366 2994 3463 insequenti

765 3488 1089 3586 Ohorgo,
1128 3493 1346 3567 tertio
1387 3499 1832 3567 commeatus
1873 3514 2119 3585 causa,
2177 3514 2319 3588 quo
2365 3493 2525 3588 jam
2561 3513 2855 3588 quoque
2893 3493 2997 3566 la·

761 3619 1031 3693 borare
1090 3619 1456 3694 exercitus
1513 3629 1896 3716 coeperat,
1973 3616 2326 3694 Oanisam
2379 3625 2496 3693 est
2546 3627 3001 3717 perventum.

752 3743 866 3819 Ba
884 3766 1013 3818 ssa
1033 3744 1191 3819 suis
1212 3744 1593 3820 obsidione
1614 3744 1950 3818 liberatis
1971 3745 2189 3821 duum
2212 3742 2493 3819 dierum
2533 3745 2854 3842 spatium
2872 3745 3000 3821 mi·

752 3869 862 3944 liti
900 3870 994 3943 ad
1032 3871 1350 3967 quietem
1388 3870 1607 3958 dedit,
1652 3869 1918 3966 quibus
1976 3878 2050 3945 et
2084 3870 2636 3947 interfectorum
2679 3893 2997 3970 corpora

754 3994 1042 4070 humari
1069 3997 1319 4092 jussit,
1342 4004 1416 4072 et
1434 3994 1662 4070 castri
1680 3994 1936 4071 ruinas
1968 3996 2363 4092 diligenter
2380 3995 2545 4094 ipse
2584 3998 2999 4095 perspexit,

748 4120 978 4218 Ajunt
1031 4124 1428 4199 barbarum
1486 4123 1933 4199 moeniorum
1990 4123 2259 4198 rudera
2311 4122 2648 4199 intuitum
2695 4123 3000 4216 dixisse,

749 4247 1169 4345 neutiquam
1193 4248 1764 4326 contemnendas
1784 4248 2039 4347 copias
2058 4249 2353 4324 illorum
2371 4249 2628 4340 fuisse,
2668 4251 3004 4327 solertis·

756 4374 1131 4471 simosque
1171 4376 1419 4469 duces,
1444 4375 1568 4471 qui
1587 4373 1812 4450 tridui
1832 4374 2073 4472 spatio
2112 4382 2396 4449 tantam
2416 4397 2790 4451 murorum
2816 4385 3006 4453 stra·

745 4523 918 4596 gem
955 4501 1335 4577 ediderint.
1393 4501 1661 4576 Tertio
1705 4500 1825 4575 die
1862 4501 2132 4577 castris
2171 4501 2267 4577 ad
2306 4497 2761 4600 Gheresgal,
2813 4504 3006 4601 quod

748 4626 1253 4724 superioribus
1291 4626 1504 4701 annis
1545 4650 1586 4700 e
1608 4626 1912 4722 regione
1942 4625 2234 4724 Sigethi
2272 4634 2726 4706 commeatus
2750 4631 3002 4727 prohi-
