3293 5219
823 309 983 388 300

819 528 894 602 in
930 548 1350 625 perversos.
1411 523 1561 601 Sed
1611 528 1768 600 fato
1823 551 1919 600 an
1957 550 2236 602 arcano
2311 525 2558 626 aliquo
2598 530 2918 620 consilio,
2954 529 3047 604 in-

820 661 1137 744 certum,
1230 652 1634 750 potentiam
1736 651 2017 727 ‘talium
2115 653 2438 740 auxisse,
2536 653 3050 750 flagitiosorum

816 780 1185 854 hominum
1241 779 1528 852 scelera
1586 777 2021 874 impunitate
2070 779 2369 853 aluisse.
2427 778 2623 853 Hinc
2663 788 2861 854 ortas
2896 805 3047 855 cun·

818 913 1095 982 ctorum
1151 906 1507 978 malorum
1539 926 1830 996 causas,
1872 904 2238 1002 perfugii,
2300 906 2738 997 factionum,
2793 907 2955 981 hinc
2988 917 3053 982 et

818 1030 1462 1105 Transsilvaniam
1519 1029 1903 1124 amissam3
1985 1031 2386 1106 novissime
2442 1032 2583 1106 1100
2636 1033 2904 1108 bellum
2941 1057 3050 1107 ex·

817 1179 1067 1233 arsum
1102 1157 1316 1231 unius
1354 1155 1723 1230 Balassae
1759 1156 2182 1242 insolentia,
2242 1160 2451 1254 cujus
2489 1157 2773 1232 initium
2810 1182 2970 1234 sese
2988 1166 3052 1232 et

817 1284 1085 1357 multos
1138 1283 1545 1380 principum
1603 1282 2139 1358 contributione
2213 1283 2566 1374 sensisse,
2623 1283 2838 1359 finem
2895 1307 3052 1359 vero

819 1410 1294 1502 horrescere3
1371 1409 1494 1506 qui
1550 1431 1636 1483 eo
1676 1410 2052 1505 potentiae
2108 1420 2475 1488 evaserat,
2512 1417 2593 1485 ut
2644 1411 3057 1486 transsilva·

699 1553 704 1562 ‘
816 1536 1028 1611 nicae
1068 1535 1363 1611 ditionis
1413 1557 1582 1610 sese
1618 1534 1818 1609 haud
1874 1537 2187 1611 obscure
2258 1560 2514 1632 regem
2586 1536 3056 1635 profiteretur.

819 1662 870 1737 J
875 1684 991 1734 am
1032 1661 1321 1737 Turcas
1361 1660 1501 1734 hoc
1540 1660 1858 1750 differre,
1900 1660 2092 1756 quod
2112 1660 2336 1735 vitam
2376 1684 2538 1736 cum
2571 1663 2884 1739 fortunis
2919 1664 3055 1738 adi·

819 1795 1052 1878 mant,
1111 1783 1185 1860 hi
1240 1810 1418 1861 vero
1493 1794 1794 1883 praeter
1830 1787 2059 1861 vitam
2115 1788 2298 1862 nihil
2334 1789 2600 1886 reliqui
2643 1791 2929 1865 miseris
2963 1792 3054 1865 fa·

818 1914 1030 1988 ciant.
1091 1911 1212 1986 Ad
1249 1911 1434 1987 haec
1494 1912 2120 1987 sceleratissimos
2159 1914 2297 1987 1108
2334 1912 2693 2003 homines,
2734 1923 2810 1989 et
2842 1916 3055 1991 lubri-

817 2062 948 2113 cae
983 2039 1175 2128 fidei,
1212 2038 1609 2113 universae
1649 2038 1895 2133 gentis
1936 2040 2178 2131 1100118,
2224 2037 2597 2133 honorem,
2637 2051 2940 2116 conatus
2977 2050 3041 2114 et

813 2166 1180 2240 fortunam
1218 2142 1695 2263 pervertere,
1772 2163 2108 2262 polluere
2147 2189 2238 2238 ac
2308 2173 2612 2240 vastare
2650 2167 2908 2258 omnia,
2960 2166 3055 2240 ni-

809 2291 914 2366 hil
988 2289 1198 2388 pensi
1275 2298 1496 2386 atque
1614 2291 1853 2365 sancti
1915 2292 2234 2386 habere;
2311 2291 2625 2388 denique
2711 2315 2925 2368 orare
2991 2301 3054 2366 et

816 2418 1176 2493 obtestari
1234 2438 1613 2491 caesarem
1673 2439 1808 2513 per
1846 2417 2140 2491 viscera
2176 2414 2499 2510 Christi,
2537 2417 2873 2493 misereri
2907 2426 3047 2492 tan·

817 2545 981 2620 dem
1030 2552 1104 2620 et
1138 2543 1256 2619 his
1297 2543 1511 2618 malis
1557 2565 1993 2618 succurrere
2029 2543 2229 2619 velit.
2271 2538 2865 2620 Commemorant
2898 2551 3053 2641 post

815 2674 1021 2763 haec,
1080 2694 1270 2768 quae
1309 2668 1600 2745 scelera
1636 2670 1984 2752 Balassa‚
2028 2694 2115 2744 ac
2154 2667 2532 2764 Germani,
2571 2670 2904 2767 injurias,
2942 2668 3056 2743 da·

814 2820 1002 2888 mna,
1060 2802 1282 2892 atque
1340 2818 1731 2869 aerumnas
1804 2802 2193 2893 patrarent
2231 2820 2247 2889 3
2306 2819 2475 2868 nam
2515 2818 2602 2870 eo
2642 2795 2864 2871 etiam
2899 2804 3057 2870 tem·

814 2944 1015 3020 pore,
1036 2929 1118 2995 ut
1155 2929 1375 2994 antea
1414 2943 1726 3019 semper,
1767 2920 1981 2995 miles
2022 2920 2334 2995 villatim
2373 2922 2674 3017 vagari3
2717 2946 2860 3020 quo
2897 2944 3052 3020 per-

816 3049 1194 3137 veniebat,
1245 3050 1598 3144 jumenta,
1660 3047 2086 3123 victualium
2142 3047 2386 3121 omnia
2440 3070 2720 3143 genera
2783 3070 3056 3145 rapere,

810 3174 1146 3273 hospites
1205 3183 1277 3249 et
1326 3183 1707 3249 matronas
1749 3173 2086 3249 vestibus
2127 3174 2472 3270 spoliare,
2529 3173 2917 3271 opificibus
2950 3196 3055 3245 ve·

813 3310 966 3377 stes
1005 3302 1411 3397 imponere,
1492 3300 2075 3396 quamplurimos
2115 3297 2482 3373 hominum
2520 3297 2918 3373 crudeliter
2954 3323 3059 3372 ne·

815 3453 1008 3519 care,
1048 3427 1452 3525 plerosque
1492 3442 1742 3524 pagos
1782 3449 1871 3500 ac
1912 3425 2131 3499 villas
2170 3425 2588 3515 incendere,
2630 3434 3058 3520 magnatum,

810 3552 1183 3646 nobilium,
1225 3556 1345 3627 vel
1409 3552 1723 3626 aliorum
1781 3559 2053 3639 essent,
2112 3553 2388 3626 nullam
2445 3549 2933 3624 differentiam
2970 3552 3058 3624 fa-

817 3703 1026 3772 001·ος
1084 3703 1220 3753 1100
1279 3701 1528 3754 eorum
1589 3678 1849 3752 domus
1909 3677 2168 3751 iisdem
2226 3676 2441 3750 malis
2492 3677 2851 3753 immunes
2890 3698 3061 3751 esse.

822 3804 1085 3879 Prisca
1139 3805 1669 3879 consvetudine
1724 3826 1958 3900 usque
1998 3804 2141 3878 huc
2180 3826 2338 3879 mos
2374 3804 2814 3891 habebatur,
2856 3801 3065 3877 vecti-

821 3934 950 4028 gal
992 3928 1217 4028 (quod
1273 3930 1691 4005 tricesimas
1733 3923 2027 4025 vocant)
2070 3928 2161 4002 de
2199 3928 2337 4018 his,
2361 3953 2548 4026 quae
2589 3952 2827 4025 regno
2864 3930 3067 4004 infer-

820 4066 1071 4132 rentur
1126 4057 1729 4152 efferrenturque,
1786 4077 1924 4128 nec
1982 4054 2071 4126 de
2111 4053 2447 4145 minimis,
2490 4053 2626 4128 sed
2717 4078 2913 4151 quae
2950 4054 3062 4127 flo-

821 4182 983 4256 reni
1021 4182 1348 4256 valorem
1390 4182 1874 4269 excederent,
1933 4180 2008 4253 in
2062 4177 2334 4254 finibus
2393 4185 2673 4254 tantum
2715 4182 3062 4278 pendere:

821 4315 898 4380 at
953 4330 1143 4381 nunc
1197 4308 1532 4383 omnibus
1607 4308 1681 4380 in
1723 4305 2036 4404 oppidis,
2075 4306 2150 4379 in
2209 4305 2400 4379 omni
2461 4314 2808 4395 mercatu,
2848 4327 3067 4402 neque

818 4429 1171 4506 nobilium
1246 4440 1374 4507 aut
1441 4431 1881 4528 ignobilium
1953 4430 2210 4505 habita
2266 4431 2551 4506 ratione
2586 4427 2833 4527 (erant
2892 4430 3066 4505 enim

826 4560 1110 4633 nobiles
1151 4558 1362 4632 liberi
1406 4568 1478 4632 et
1553 4560 1911 4631 immunes
1952 4556 2271 4632 omnium
2310 4556 2809 4650 vectigalium,
2851 4579 3069 4653 coque
