3293 5219
2304 273 2457 352 171

222 527 383 578 cum
475 499 817 577 restituit.
858 495 1055 573 Hinc
1093 522 1250 574 cum
1275 494 1651 593 Georgius
1709 494 2106 570 cardinalis
2162 515 2466 588 regnum

220 627 698 705 Ferdinando
779 628 1102 702 exclusis
1194 626 1497 703 dominis
1590 625 1906 700 sceleste
2014 621 2465 713 tradidisset,

222 765 295 830 et
371 755 538 855 ipse
613 753 708 828 ab
805 750 1164 829 Castaldo
1271 752 1552 828 occisus
1649 759 1880 839 esset,
1955 746 2469 824 Ferdinandus

216 866 763 965 praefecturam
839 881 1059 978 regni
1114 905 1271 957 cum
1326 881 1619 978 collega
1696 879 1765 952 ei
1822 878 2042 954 dedit.
2120 876 2272 953 Sed
2326 899 2469 951 non

218 995 450 1073 multo
529 997 735 1100 post‘
771 1008 1067 1106 prodito
1142 1032 1245 1098 ec,
1303 1009 1633 1105 reginam
1730 1013 1803 1081 et
1876 1005 1927 1080 J
1933 1004 2298 1078 ohannem
2370 1003 2470 1077 ΙΙ.

213 1128 714 1206 revocandum
752 1135 1039 1211 curavit
1078 1162 1095 1208 ε
1131 1136 1323 1235 apud
1361 1157 1542 1232 quos
1575 1154 1929 1209 summum
1970 1127 2355 1227 dignitatis
2394 1132 2468 1201 et

212 1250 524 1332 honoris
563 1259 873 1354 gradum
929 1262 1280 1356 obtinuit3
1336 1261 1742 1358 iterumque
1780 1255 2354 1354 conjurationem
2391 1255 2465 1329 in

215 1400 374 1453 eam
415 1387 495 1455 et
570 1382 797 1461 filium
870 1388 1067 1464 fecit.
1127 1388 1568 1465 Franciscus
1607 1386 1868 1462 Bebek
1925 1392 2224 1484 praeter
2258 1382 2460 1457 dete-

213 1508 561 1585 stabilem
599 1514 1036 1611 proditionis
1072 1525 1335 1607 notam,
1393 1516 1638 1590 multis
1697 1522 1771 1589 et
1807 1511 2223 1588 enormibus
2261 1509 2460 1585 vitiis

209 1641 439 1709 totam
479 1638 708 1716 vitam
749 1642 925 1739 egit,
962 1667 1151 1719 unus
1201 1643 1388 1718 inter
1440 1641 1907 1741 praecipuos,
1950 1640 2074 1736 qui
2115 1638 2462 1714 miserum

214 1784 523 1858 regnum
566 1764 951 1862 Ungariae
991 1769 1290 1846 levitate
1330 1792 1483 1860 sua,
1525 1792 1742 1867 quum
1762 1767 1943 1843 nulli
1983 1765 2297 1864 partium
2338 1786 2466 1838 un-

210 1911 428 1984 quam
465 1888 658 1966 fidus
695 1893 984 1989 fuisset,
1043 1895 1408 1988 distraxit,
1469 1894 1906 1984 debilitavit,
1965 1890 2306 1991 perdidit,
2348 1913 2462 1964 ar-

213 2038 363 2090 cem
443 2024 689 2092 autem
757 2021 1091 2097 Filecum
1146 2046 1272 2120 per
1329 2021 1861 2119 negligentiam
1936 2027 2011 2094 et
2076 2015 2462 2093 avaritiam

212 2142 478 2219 amisit.
522 2143 805 2236 Quodsi
840 2150 1351 2247 patrimonium
1405 2147 1621 2222 modo
1662 2146 2055 2236 amisisset,
2096 2167 2185 2220 ea
2220 2164 2463 2242 poena

215 2268 481 2366 dignus
524 2271 757 2348 videri
792 2275 1194 2371 potuisset:
1235 2276 1367 2351 sed
1420 2296 1728 2370 regnum
1766 2294 2000 2372 prope
2038 2294 2257 2347 unum
2298 2291 2460 2345 011111

211 2395 336 2470 illa
374 2420 577 2488 arce,
610 2422 799 2497 quae
822 2401 1280 2479 validissima
1317 2412 1390 2478 et
1426 2401 1913 2478 munitissima
1951 2424 2087 2498 par
2128 2397 2462 2473 exerciti-

213 2522 346 2598 bus
399 2522 802 2601 hostilibus
857 2530 1297 2604 censebatur
1320 2586 1338 2621 ,
1395 2553 1554 2604 cum
1607 2529 1684 2602 in
1746 2526 2062 2602 hostium
2119 2524 2464 2599 ditionem

212 2673 338 2746 per
377 2672 739 2727 summam
785 2654 1170 2730 avaritiam
1222 2657 1382 2752 ejus
1440 2654 1664 2744 venit,
1704 2677 1849 2751 qua
1886 2673 2126 2751 poena
2163 2649 2462 2747 dignum

209 2775 443 2853 fuisse
502 2779 968 2854 censebimus
990 2779 1026 2853 P
1083 2779 1441 2855 Antonius
1479 2779 1757 2877 Kendy
1831 2779 2128 2857 tametsi
2167 2776 2461 2852 turbido

212 2901 512 2999 ingenio
536 2927 682 2978 non
702 2905 859 2997 fuit,
882 2913 1171 2985 autnon
1189 2906 1422 3003 potuit
1465 2906 1558 2981 ob
1584 2905 2108 3002 gravissimam
2131 2902 2463 3002 corporis

213 3028 774 3125 aegritudinem,
817 3028 1121 3106 levitate
1178 3040 1419 3108 tamen
1459 3032 1716 3119 eadem
1755 3030 2147 3106 laboravit.
2203 3032 2463 3128 Itaque

212 3154 542 3230 Isabella
556 3157 861 3251 regulos
880 3158 1318 3251 praesertim
1342 3158 1723 3254 Ungariae
1743 3156 2208 3233 vehementer
2230 3158 2326 3230 ab
2348 3180 2462 3231 se-

213 3303 289 3355 se
335 3281 773 3357 abalienare
793 3287 1036 3383 coepit
1054 3294 1355 3385 propter
1397 3308 1663 3379 mores,
1694 3292 1998 3385 propter
2027 3286 2270 3375 vitam,
2290 3307 2463 3382 pro-

216 3413 375 3501 pter
415 3407 798 3484 libidinem
822 3409 1257 3491 dominandi,
1279 3419 1581 3511 propter
1619 3413 1885 3485 malam
1923 3411 1974 3486 ‚J
1977 3410 2289 3484 ohannis
2336 3409 2469 3484 filii

215 3532 769 3627 institutionem,
845 3544 1152 3635 propter
1186 3540 1612 3634 polonorum
1632 3537 1999 3612 hominum
2036 3535 2464 3632 ignobilium

222 3656 418 3755 (nam
478 3667 984 3760 praestantem
1046 3664 1312 3739 virtute
1386 3663 1505 3737 vel
1560 3662 1870 3739 consilio
1945 3662 2269 3737 habebat
2305 3659 2464 3735 nul-

216 3782 393 3883 lum)
432 3787 509 3861 111
560 3787 877 3885 privatis
937 3797 1012 3863 et
1064 3790 1377 3888 publicis
1433 3813 1681 3885 usum3
1738 3791 1885 3888 ipsi
1940 3787 2461 3888 propemodum

211 3911 467 3988 virtuti
492 3914 729 4008 janua
767 3920 917 3988 tam
940 3916 1247 4012 reginae
1268 3939 1481 4013 quam
1517 3916 1568 3991 J
1575 3914 1887 3990 ohannis
1924 3914 2152 3990 veluti
2206 3914 2463 3988 clausa

210 4039 544 4114 omnibus
568 4038 833 4131 videri3
855 4038 952 4113 ad
974 4063 1187 4137 quem
1202 4040 1719 4138 ignobilissimi
1755 4046 1977 4138 atque
2012 4037 2459 4137 profligatis·

208 4163 374 4238 simi
395 4165 716 4241 sordium
737 4164 1143 4241 aulicarum
1162 4167 1492 4243 homines
1511 4167 1763 4266 poloni
1785 4168 1924 4243 soli
1982 4159 2461 4240 admitteban-

206 4297 350 4378 tur,
364 4290 556 4365 inter
576 4316 764 4389 quos
784 4317 929 4368 non
953 4293 1248 4369 virtutis
1290 4295 1625 4388 studium,
1646 4302 1865 4392 atque
1902 4291 2313 4384 aemulatio,
2335 4291 2467 4366 sed

208 4413 381 4506 vini,
421 4416 750 4507 inertiae,
788 4442 879 4493 ac
916 4420 1272 4515 malarum
1311 4421 1573 4496 artium
1651 4422 1962 4497 omnium
1999 4418 2469 4494 versabatur.

207 4537 537 4633 Accedit,
576 4543 771 4641 quod
812 4544 1194 4621 Varadino
1214 4545 1292 4619 in
1310 4553 1756 4644 potestatem
1794 4545 2117 4635 redact0,
2158 4548 2233 4618 et
2270 4540 2460 4615 satis
