3293 5219
2304 328 2465 410 205

202 568 370 624 nem
455 544 894 622 Mendozam
970 567 1132 623 eum
1208 548 1450 622 classe
1543 542 2008 645 hispaniensi
2081 558 2457 636 accersat3

197 674 719 751 mandaturum
811 673 1030 750 etiam
1083 696 1497 770 proregem‚
1558 672 1684 770 qui
1775 674 2052 749 auxilia
2108 676 2455 752 sollicita-

197 811 330 876 ret.
415 801 627 893 Quae
668 824 792 877 res
865 824 1211 896 magnam
1287 800 1622 875 omnibus
1643 800 2176 877 recreationem
2213 803 2457 878 incen-

198 926 450 1018 debat,
510 927 683 1023 quia
718 926 1258 1020 intelligebant,
1320 947 1536 1022 quam
1558 925 1778 1000 facile
1820 929 2147 1004 succurri
2183 930 2458 1027 potuis·

203 1060 322 1127 set
380 1054 506 1127 vel
601 1078 645 1127 a
702 1050 1051 1127 mediocri
1108 1073 1410 1128 numero
1492 1051 1919 1147 triremium,
1979 1056 2045 1129 si
2097 1056 2337 1131 hostis
2382 1058 2458 1132 in

200 1180 550 1271 classem,
612 1202 804 1277 quae
842 1201 1078 1254 vacua
1119 1185 1280 1253 erat
1339 1180 1435 1252 ab
1475 1178 1890 1255 hominibus
1949 1182 2231 1273 relicta,
2272 1184 2456 1259 mili-

195 1316 345 1381 tem
404 1315 879 1403 revocasset;
921 1307 1116 1402 quod
1172 1305 1462 1381 omnino
1502 1306 1920 1383 faciendum
1941 1307 2053 1383 illi
2147 1308 2457 1385 fuisset:

197 1454 345 1506 non
387 1434 582 1508 enim
624 1432 879 1531 copias
916 1432 1020 1508 ita
1055 1430 1410 1524 dividere,
1467 1440 1546 1507 ut
1597 1443 1885 1531 partem
1925 1436 2000 1510 in
2038 1436 2305 1511 castris
2344 1460 2456 1512 re·

195 1557 608 1657 linqueret,
668 1583 892 1638 ausus
984 1561 1290 1651 fuisset,
1384 1566 1464 1633 ut
1557 1567 1630 1633 et
1720 1561 1833 1635 illi
1926 1563 2021 1637 ab
2132 1570 2457 1637 castren-

199 1674 434 1779 sibus,
510 1687 636 1783 qui
692 1687 788 1761 ad
864 1687 1184 1784 quinque
1240 1685 1471 1761 millia
1547 1686 1873 1762 virorum
1948 1687 2456 1779 conficiebant,

193 1809 591 1910 profligari
610 1820 938 1908 possent,
965 1820 1037 1887 et
1059 1812 1274 1888 simul
1305 1811 1644 1887 triremes
1686 1835 1977 1910 qnoque
2017 1813 2457 1889 infirmiores

196 1935 569 2013 redderet.
653 1936 886 2013 Simul
983 1947 1201 2035 atque
1292 1960 1567 2036 prorex
1665 1938 2051 2032 discessit,
2129 1940 2455 2016 Alvarus

199 2064 468 2158 omnia,
510 2087 701 2159 quae
741 2065 838 2139 ad
859 2063 1394 2140 defendendum
1416 2088 1505 2139 ac
1532 2066 2148 2165 propugnandum
2191 2067 2458 2143 condu-

197 2213 367 2265 cere
410 2189 873 2282 videbantur,
922 2214 1190 2286 magna
1247 2188 1744 2266 sollicitudine
1783 2191 1901 2266 die
1938 2200 2303 2289 noctuque
2341 2214 2458 2268 cu-

189 2317 406 2408 ravit,
450 2323 527 2391 et
583 2317 777 2392 inter
816 2315 966 2391 alia
1004 2318 1313 2413 egregia
1352 2340 1581 2415 opera
1598 2315 1876 2394 vallum
1914 2340 2136 2393 unum
2175 2293 2452 2393 circum

196 2465 468 2536 arcem,
513 2445 626 2519 cui
700 2442 1156 2540 praesidium
1213 2441 1416 2518 mille
1479 2451 1973 2520 trecentorum
2010 2443 2315 2519 militum
2356 2450 2460 2517 at·

198 2568 480 2663 tribuit,
503 2568 674 2644 huic
709 2567 884 2644 item
923 2568 1240 2644 vicinum
1277 2569 1555 2646 vallum
1596 2568 1917 2663 addidit,
1962 2569 2156 2667 quod
2194 2579 2457 2677 puteos

207 2694 570 2791 quosdam
630 2694 888 2772 circuli
940 2695 1160 2771 modo
1221 2696 1751 2789 circumdabat,
1793 2706 1872 2772 ut
1931 2715 2185 2773 eorum
2226 2719 2460 2789 nsum,

197 2844 419 2919 quam
460 2821 872 2898 diutissime
908 2831 1189 2921 posset,
1214 2831 1715 2897 conservaret.
1757 2824 2055 2920 Dragut
2093 2824 2456 2899 Teuthra·

195 2951 367 3027 niae
408 2972 688 3048 prorex
726 2971 889 3024 cum
948 2958 1257 3045 quatuor
1296 2949 1719 3025 triremibus
1797 2957 1872 3024 et
1945 2949 2247 3025 totidem
2285 2972 2456 3024 one·

196 3077 426 3152 rariis
448 3076 706 3175 plenis
737 3084 1262 3154 tormentorum
1304 3098 1705 3151 aeneorum
1744 3084 1818 3150 et
1856 3077 2174 3152 omnium
2211 3099 2457 3152 rernm

194 3203 810 3296 necessariarum,
851 3203 1047 3300 quod
1085 3211 1245 3279 erat
1283 3211 1497 3278 sexto
1537 3210 1712 3299 post
1752 3203 2034 3278 cladem
2075 3211 2455 3302 acceptam

195 3328 335 3422 die,
380 3326 705 3403 advenit.
746 3325 1051 3403 Auxilia
1094 3328 1547 3426 pedestrium
1607 3335 1682 3404 et
1726 3331 2174 3425 equestrium
2212 3329 2454 3427 copia-

189 3480 370 3546 rum,
431 3454 507 3528 in
545 3453 756 3551 queis
833 3462 907 3529 et
943 3454 1202 3529 Xeche
1259 3454 1540 3547 aderat,
1594 3478 1731 3552 per
1787 3456 2276 3529 continentem
2319 3476 2438 3528 ve·

194 3580 351 3655 nire
384 3576 639 3675 jussit.
680 3575 966 3653 Pialius
1026 3577 1120 3653 ad
1176 3587 1464 3676 puteos,
1523 3601 1666 3676 quo
1706 3577 1852 3653 loci
1892 3577 2274 3653 christiani
2309 3579 2454 3676 pri-

200 3727 394 3781 mam
435 3704 998 3780 descensionem
1018 3705 1374 3799 fecerant,
1398 3713 1667 3796 castra,
1707 3703 1783 3778 in
1825 3705 2035 3801 queis
2076 3703 2454 3778 duodecim

195 3829 529 3907 habebat
621 3832 1036 3907 Turcarum
1093 3833 1344 3925 millia,
1420 3832 1618 3925 facit,
1715 3840 1788 3907 et
1843 3830 2177 3907 collectis
2217 3830 2452 3905 omnis

199 3958 609 4034 Africanae
668 3982 843 4034 orae
905 3957 1202 4033 auxiliis
1258 3957 1564 4057 propius
1606 3981 1853 4033 arcem
1918 3964 2168 4032 castra
2205 3958 2452 4032 movit.

195 4085 385 4161 Erat
426 4083 830 4182 depressus
870 4082 1168 4182 quidam
1225 4083 1492 4174 clivus,
1533 4083 1693 4159 sive
1749 4082 2110 4180 profunda
2167 4083 2290 4156 via
2345 4090 2451 4159 at-

201 4236 338 4311 que
380 4213 597 4288 fossa
633 4211 829 4286 intra
858 4213 1138 4308 jactum
1179 4211 1332 4306 teli,
1377 4234 1596 4308 quam
1645 4210 1977 4287 Alvarus
2017 4215 2187 4284 ante
2228 4231 2452 4306 oppu-

199 4340 626 4436 gnationem
686 4362 1008 4446 aequare
1076 4339 1476 4439 inceperat,
1550 4361 1698 4414 non
1770 4346 2016 4414 tamen
2090 4342 2456 4434 potuerat,

191 4465 798 4566 oppugnantibus
858 4466 1150 4565 quidem
1229 4490 1315 4542 co
1346 4465 1658 4558 mmoda,
1732 4472 2082 4562 tanquam
2155 4464 2451 4552 vallum,

200 4591 848 4690 propugnantibus
905 4615 1081 4667 vero
1126 4590 1342 4667 valde
1411 4591 1885 4683 incommoda,
1940 4614 2076 4687 pro
2118 4613 2264 4688 qua
2301 4613 2453 4665 cer·
