3293 5219
537 1607 936 1708 LIBER
992 1612 1578 1719 DECIMUS
1637 1622 2263 1725 OCTAVUS.

474 2059 694 2136 Anno
750 2064 1167 2162 insequenti
1225 2092 1270 2140 a
1327 2067 1545 2142 bellis
1605 2079 1978 2145 cessatum
2030 2082 2152 2148 est*
2217 2075 2293 2147 in
2353 2077 2505 2154 Un-

254 2186 496 2282 garia,
539 2189 672 2261 sed
709 2196 955 2265 tamen
993 2215 1422 2288 magnarum
1487 2218 1732 2270 rerum
1776 2203 2011 2272 motus
2053 2207 2273 2295 atque
2313 2204 2513 2298 prin-

256 2312 455 2409 cipia
495 2312 841 2389 inchoata
878 2315 1191 2407 fuerant,
1236 2316 1324 2390 de
1385 2319 1651 2414 quibus
1690 2323 1912 2418 paulo
1953 2332 2122 2419 post
2163 2324 2509 2403 dicemus,

253 2439 339 2511 In
370 2440 717 2514 Inferiori
741 2437 1170 2533 Germania,
1196 2442 1497 2535 Galliis,
1522 2453 1595 2519 et
1615 2446 1689 2519 in
1715 2447 1995 2522 oriente
2019 2473 2288 2544 magna
2310 2451 2513 2528 bella

261 2573 487 2660 gesta
507 2572 697 2639 sunt.
741 2563 892 2641 Sed
927 2568 1134 2664 prius
1175 2570 1670 2665 germanicum
1695 2572 2191 2671 expediemus.
2234 2574 2507 2675 Philip-

261 2715 403 2790 pus
485 2690 739 2767 Caroli
778 2690 870 2766 V.
932 2693 1129 2768 filius
1190 2697 1694 2788 Brabantiam,
1792 2701 2245 2802 Flandriam,
2327 2703 2510 2777 Hol-

261 2818 634 2910 landiam,
714 2817 1322 2918 Selandiamque,
1436 2833 1508 2897 et
1600 2826 1991 2901 nonnullas
2088 2829 2511 2924 provincias

263 2944 362 3017 ad
411 2968 617 3018 mare
676 2968 1024 3019 oceanum
1083 2947 1536 3044 possidebat,
1591 2950 1686 3022 ab
1748 2949 2100 3047 Philippo
2140 2953 2511 3027 ¹*Maximi-

263 3068 446 3143 liani
484 3068 635 3142 filio
675 3092 812 3166 per
869 3071 1408 3145 matrimonium
1484 3073 1772 3148 Mariae
1846 3072 2103 3149 Caroli
2162 3077 2504 3174 Burgun-

282 3195 453 3269 diae
495 3195 700 3268 ducis
741 3196 936 3270 filiae
977 3206 1258 3295 partas.
1321 3199 1483 3271 Eae
1520 3200 1946 3295 provinciae
1984 3177 2248 3275 novam
2287 3207 2518 3280 refor-

268 3321 661 3396 mationem
705 3324 1076 3417 evangelii
1116 3324 1545 3398 olfecerant.
1588 3323 1729 3398 Cui
1768 3326 1872 3399 rei
1914 3349 2346 3401 succurrere
2385 3352 2509 3402 vo·

266 3445 507 3521 lentes
548 3447 892 3543 Hispani,
931 3448 1165 3546 primo
1206 3449 1280 3521 in
1309 3443 1743 3546 ¹praecipuis
1788 3451 2198 3545 quibusque
2256 3453 2510 3527 civita·

262 3572 464 3648 tibus
523 3594 757 3647 novos
817 3573 1230 3672 episcopm,
1290 3598 1448 3649 oum
1494 3582 1730 3649 antea
1786 3575 1967 3649 nulli
2023 3576 2356 3669 fuissent,
2436 3578 2511 3651 in

268 3699 695 3774 Melchlima
734 3707 978 3773 autem
1016 3724 1265 3775 eorum
1305 3700 1620 3774 omnium
1675 3702 2317 3798 metropolitanum
2356 3722 2513 3775 ear-

266 3825 585 3899 dinalem
626 3822 1160 3899 Granduellam
1219 3826 1681 3919 burgundum
1735 3827 2197 3900 constituunt.
2262 3825 2510 3915 Quare

266 3974 541 4047 magna
579 3950 883 4025 mutatio
920 3973 1055 4047 per
1097 3951 1518 4024 universam
1558 3951 1759 4025 illam
1802 3950 2145 4023 ditionem
2187 3950 2510 4026 debebat

264 4077 446 4169 fieri,
506 4078 865 4175 siquidem
923 4101 1082 4152 eum
1131 4078 1206 4150 hi
1272 4077 1604 4174 episcopi
1664 4076 2172 4174 quamplurimi
2234 4086 2507 4170 essent,

264 4203 762 4301 deberentque
783 4203 941 4278 illis
965 4203 1269 4278 attribui
1289 4204 1604 4298 singulis
1632 4203 1877 4299 magni
1910 4202 2212 4294 redituS,
2239 4211 2311 4276 et
2332 4203 2504 4294 alia,

266 4353 457 4428 quae
480 4328 575 4404 ad
595 4337 1026 4404 ornamenta
1047 4351 1402 4405 novarum
1426 4330 1860 4425 dignitatum
1880 4329 2356 4426 pertinerent,
2380 4350 2503 4401 ne-

268 4478 408 4551 que
448 4456 669 4530 alium
691 4455 980 4530 modum
1004 4457 1443 4548 invenirent,
1480 4455 1784 4551 antiqua
1806 4452 2127 4549 collegia
2166 4452 2508 4530 sacerdo·

261 4586 414 4656 tum
445 4588 665 4677 atque
688 4583 1232 4672 monachorum,
1268 4580 1550 4677 quaein
1571 4579 1723 4654 illis
1763 4577 2163 4677 provinciis
2204 4576 2505 4676 amplis·

373 4727 573 4766 uom-
608 4729 773 4766 HUUG·
807 4730 943 4765 1118'1'.
978 4731 1179 4769 scnn’T.
1211 4729 1320 4765 XVI·
2084 4680 2185 4762 25
