3293 5219
695 279 849 358 376

696 499 1172 596 placuissent,
1197 505 1418 595 atque
1442 498 1915 573 diuturnitate
1939 500 2106 573 aevi
2125 499 2480 590 firmatae,
2500 498 2693 597 apud
2730 499 2945 596 ipsos

700 649 988 724 quoque
1029 649 1247 721 reges
1265 634 1567 701 sanctae
1581 625 2285 724 atqueinviolabiles
2300 649 2589 724 semper
2602 626 2942 702 fuissent.

914 749 1066 826 Sub
1108 752 1421 826 comitiis
1465 759 1801 826 oratores
1842 749 2243 827 Antonium
2299 753 2746 828 Verancium
2788 753 2945 851 epi-

709 903 1009 977 scopum
1052 879 1496 974 agriensem,
1539 887 1613 952 et
1634 874 2249 976 Christophorum
2288 880 2749 980 Tiefenpach
2774 904 2945 977 ger-

704 1030 995 1081 manum
1036 1030 1196 1081 cum
1235 1007 1509 1081 tributo
1570 1014 1645 1079 et
1700 1005 2067 1080 mandatis
2126 1007 2559 1104 Byzantium
2617 1006 2943 1082 destina-

702 1137 826 1240 vit,
882 1135 990 1209 uti
1061 1135 1505 1234 promiserat
1578 1156 1662 1208 se
1722 1133 2132 1224 missurum,
2193 1133 2275 1207 si.
2316 1135 2590 1209 bellum
2627 1134 2942 1208 ulterius

700 1284 935 1357 neque
973 1286 1107 1359 per
1163 1262 1214 1336 J
1221 1260 1599 1342 ohannem,
1641 1283 1879 1356 neque
1917 1283 2052 1358 per
2104 1261 2658 1357 beglerbegum,
2700 1259 2824 1356 qui
2863 1259 2942 1332 in

701 1388 1069 1486 procinctu
1096 1396 1274 1482 erat,
1296 1395 1873 1487 promoveretur.
1908 1385 2055 1462 Sed
2075 1388 2427 1463 budensis
2448 1389 2680 1462 bassa
2701 1410 2935 1483 nega-

703 1515 810 1588 vit
851 1536 933 1587 se
996 1515 1304 1590 liberum
1345 1522 1820 1589 commeatum
1853 1516 2272 1591 oratoribus
2304 1515 2656 1606 daturum,
2697 1513 2939 1612 prius·

577 1733 583 1738 ⁴
680 1631 925 1739 'quam
1002 1640 1425 1741 Stephanus
1501 1641 1734 1716 Bator
1790 1640 2243 1735 Somliensis,
2283 1650 2529 1718 orator
2566 1641 2942 1719 Johannis

696 1775 851 1870 jam
876 1794 1009 1870 per
1030 1771 1420 1846 triennium
1461 1770 1537 1843 in
1562 1771 1994 1869 captivitate
2014 1778 2275 1863 tentus,
2300 1771 2489 1845 liber
2528 1772 2736 1846 abire
2772 1792 2941 1867 per·

633 1958 636 1962 .
704 1899 1135 1974 mitteretur.
1236 1897 1403 1974 Uno
1461 1920 1642 1993 ergo
1704 1904 1777 1971 et
1816 1897 2071 1972 eodem
2128 1904 2457 1994 tempore
2498 1894 2940 1972 Somliensis

707 2025 897 2100 liber
934 2026 1195 2113 factus,
1238 2026 1434 2123 quod
1473 2026 1863 2101 honestius
1905 2025 2125 2123 paulo
2167 2032 2337 2098 ante
2374 2025 2638 2112 fuerat,
2680 2022 2775 2097 ad
2814 2045 2941 2118 pe-

705 2151 1038 2227 titionem
1075 2153 1279 2249 regis
1319 2153 1678 2228 Poloniae
1717 2151 2107 2242 dimisisse,
2167 2174 2383 2247 quam
2423 2174 2559 2249 per
2595 2147 2942 2225 hostilem

705 2280 853 2353 vim
930 2287 1149 2375 atque
1206 2280 1699 2374 coactionem3
1756 2284 1975 2375 atque
2034 2284 2372 2353 oratores
2431 2275 2736 2349 dimissi.
2809 2275 2941 2352 Jo-

704 2409 982 2483 hannes
1022 2414 1266 2482 autem
1304 2418 1455 2483 tum
1494 2406 1937 2504 gravissimo
1978 2407 2234 2482 morbo
2278 2428 2371 2478 ex
2412 2404 2667 2479 dolore
2707 2402 2941 2478 colico

709 2543 782 2611 et
822 2531 1096 2609 caduco
1156 2531 1575 2621 laborabat,
1623 2539 1701 2605 ut
1741 2532 1829 2605 de
1886 2530 2038 2605 vita
2079 2553 2368 2628 quoque
2396 2530 2553 2627 jam
2596 2527 2947 2628 despera-

711 2668 919 2753 rent3
997 2660 1297 2734 tametsi
1352 2667 1525 2758 post
1582 2659 1975 2747 convaluit,
2013 2682 2220 2732 usum
2294 2665 2540 2733 tamen
2614 2679 2955 2731 manuum

709 2787 1086 2875 amiserat,
1164 2809 1407 2882 neque
1464 2786 1537 2858 in
1595 2786 1961 2882 integrum
2016 2793 2281 2884 postea
2353 2785 2645 2859 restitui
2690 2783 2952 2879 potuit.

711 2912 1055 3011 Byzantii
1095 2919 1429 2986 oratores
1488 2913 1818 2987 caesaris
1858 2913 2286 2986 octennalas
2341 2910 2677 2985 inducias
2719 2932 2954 3005 aegre

704 3041 1210 3139 impetrarunt,
1278 3040 1395 3115 his
1436 3039 1974 3113 conditionibus
2016 3066 2031 3110 :
2079 3045 2160 3113 ut
2199 3038 2532 3112 omnibus
2589 3036 2803 3110 bonis
2859 3059 2952 3109 ac

713 3166 960 3255 terris,
1003 3188 1479 3263 quaecunque
1518 3166 1654 3240 sub
1696 3166 2075 3239 amborum
2112 3164 2419 3262 imperio
2457 3164 2787 3261 utrisque
2825 3164 2953 3237 tri-

713 3295 892 3368 buta
951 3293 1487 3391 pependissent
1543 3290 1919 3381 hactenUS,
1974 3292 2165 3387 quod
2206 3300 2367 3365 erat
2420 3291 2683 3386 ingens
2721 3297 2955 3363 terra-

715 3443 871 3495 rum
912 3420 1248 3516 spatium,
1296 3441 1549 3492 manus
1590 3416 1884 3509 eximat,
1933 3416 2315 3511 cedatque.
2376 3415 2610 3507 Quam
2652 3414 2947 3513 quidem

715 3544 1202 3639 conditionem
1250 3566 1535 3631 caesar,
1580 3541 1914 3639 quamvis
1955 3541 2171 3615 valde
2191 3541 2475 3616 tristem
2515 3549 2589 3616 et
2625 3564 2953 3637 gravem,

716 3672 849 3746 sed
888 3671 1337 3746 necessitate
1376 3670 1713 3767 accipere
1738 3676 1853 3743 est
1891 3677 2194 3744 coactus
2233 3669 2521 3744 etiamsi
2561 3669 2785 3742 sciret
2823 3667 2953 3741 im-

712 3799 1074 3897 possibile
1150 3821 1315 3873 esse
1389 3799 1636 3887 factu,
1747 3820 1907 3871 cum
1981 3797 2161 3870 nihil
2240 3803 2403 3871 erat
2478 3795 2677 3869 circa
2733 3816 2950 3869 arces

713 3924 1079 4017 finitimas,
1141 3932 1361 4022 atque
1419 3925 1879 4015 munimenta,
1922 3946 2109 4019 quae
2166 3948 2312 3999 non
2369 3928 2624 3996 essent
2681 3920 2956 3995 Turcis

714 4051 1123 4142 tributaria,
1186 4061 1259 4127 et
1313 4054 1668 4150 pleraque
1725 4050 2075 4127 nobilium
2124 4058 2197 4125 et
2254 4057 2679 4144 magnatum
2714 4047 2945 4145 patri-

723 4178 1007 4268 monia,
1103 4178 1225 4275 qui
1299 4178 1592 4253 traditis
1648 4177 1801 4251 illis
1894 4178 1970 4251 in
2060 4182 2503 4275 potestatem
2619 4173 2961 4259 hostium,

728 4325 808 4377 se
886 4327 1172 4401 quoque
1249 4312 1321 4379 et
1398 4304 1678 4379 liberos
1786 4304 1860 4379 in
1950 4311 2381 4403 perpetuam
2459 4300 2957 4387 calamitatem

718 4452 864 4504 una
936 4431 1445 4526 projecissent.
1557 4432 1780 4527 ¹Ergo
1858 4439 2029 4530 post
2086 4453 2248 4505 cum
2317 4428 2412 4503 ad
2487 4425 2955 4501 satisfacien-

724 4555 890 4633 dum
949 4566 1375 4654 cogeretur,
1457 4580 1538 4633 se
1594 4558 1950 4635 facturum
2024 4558 2255 4633 fuisse
2347 4552 2769 4654 respondit,
2822 4551 2955 4626 sed
