<?xml version="1.0" encoding="UTF-8"?>
<!DOCTYPE html PUBLIC "-//W3C//DTD XHTML 1.0 Transitional//EN"
    "http://www.w3.org/TR/xhtml1/DTD/xhtml1-transitional.dtd">
<html xmlns="http://www.w3.org/1999/xhtml" xml:lang="en" lang="en">
 <head>
  <title>
</title>
<meta http-equiv="Content-Type" content="text/html;charset=utf-8" />
  <meta name='ocr-system' content='tesseract 3.04.00' />
  <meta name='ocr-capabilities' content='ocr_page ocr_carea ocr_par ocr_line ocrx_word'/>
</head>
<body>
  <div class='ocr_page' id='page_1' title='image "./magyarhistorija00bpgoog/magyarhistorija00bpgoog_0549.png"; bbox 0 0 3293 5219; ppageno 0'>
   <div class='ocr_carea' id='block_1_1' title="bbox 2422 329 2579 406">
    <p class='ocr_par' dir='ltr' id='par_1_1' title="bbox 2422 329 2579 406">
     <span class='ocr_line' id='line_1_1' title="bbox 2422 329 2579 406; baseline 0 -1"><span class='ocrx_word' id='word_1_1' title='bbox 2422 329 2579 406; x_wconf 80' lang='lat'>429</span> 
     </span>
    </p>
   </div>
   <div class='ocr_carea' id='block_1_2' title="bbox 304 542 2641 4673">
    <p class='ocr_par' dir='ltr' id='par_1_2' title="bbox 304 542 2641 4673">
     <span class='ocr_line' id='line_1_2' title="bbox 304 542 2583 642; baseline 0.001 -23"><span class='ocrx_word' id='word_1_2' title='bbox 304 551 442 636; x_wconf 87' lang='lat' dir='ltr'>set,</span> <span class='ocrx_word' id='word_1_3' title='bbox 481 565 797 640; x_wconf 88' lang='lat' dir='ltr'>quonam</span> <span class='ocrx_word' id='word_1_4' title='bbox 834 542 1166 620; x_wconf 88' lang='lat' dir='ltr'>locorum</span> <span class='ocrx_word' id='word_1_5' title='bbox 1216 542 1349 620; x_wconf 89' lang='lat' dir='ltr'>illa</span> <span class='ocrx_word' id='word_1_6' title='bbox 1422 544 1917 642; x_wconf 79' lang='lat' dir='ltr'>provenirent,</span> <span class='ocrx_word' id='word_1_7' title='bbox 1992 567 2075 619; x_wconf 88' lang='lat' dir='ltr'>se</span> <span class='ocrx_word' id='word_1_8' title='bbox 2114 553 2583 621; x_wconf 89' lang='lat' dir='ltr'>commutatu-</span> 
     </span>
     <span class='ocr_line' id='line_1_3' title="bbox 309 669 2579 769; baseline 0.002 -26"><span class='ocrx_word' id='word_1_9' title='bbox 309 693 470 745; x_wconf 89' lang='lat' dir='ltr'>rum</span> <span class='ocrx_word' id='word_1_10' title='bbox 548 671 709 744; x_wconf 88' lang='lat' dir='ltr'>fore</span> <span class='ocrx_word' id='word_1_11' title='bbox 751 669 1043 745; x_wconf 80' lang='lat' dir='ltr'>dixerat</span> <span class='ocrx_word' id='word_1_12' title='bbox 1097 672 1231 746; x_wconf 93' lang='lat' dir='ltr'>illa</span> <span class='ocrx_word' id='word_1_13' title='bbox 1278 673 1447 746; x_wconf 88' lang='lat' dir='ltr'>loca</span> <span class='ocrx_word' id='word_1_14' title='bbox 1505 671 1673 746; x_wconf 89' lang='lat' dir='ltr'>aliis</span> <span class='ocrx_word' id='word_1_15' title='bbox 1733 671 2156 769; x_wconf 88' lang='lat' dir='ltr'>provinciis,</span> <span class='ocrx_word' id='word_1_16' title='bbox 2198 673 2262 746; x_wconf 94' lang='lat' dir='ltr'>si</span> <span class='ocrx_word' id='word_1_17' title='bbox 2301 673 2579 755; x_wconf 89' lang='lat' dir='ltr'>liceret.</span> 
     </span>
     <span class='ocr_line' id='line_1_4' title="bbox 314 795 2574 894; baseline 0 -22"><span class='ocrx_word' id='word_1_18' title='bbox 314 795 502 872; x_wconf 86' lang='lat' dir='ltr'>Cum</span> <span class='ocrx_word' id='word_1_19' title='bbox 540 796 767 892; x_wconf 89' lang='lat' dir='ltr'>igitur</span> <span class='ocrx_word' id='word_1_20' title='bbox 824 797 919 873; x_wconf 90' lang='lat' dir='ltr'>ob</span> <span class='ocrx_word' id='word_1_21' title='bbox 978 797 1187 890; x_wconf 87' lang='lat' dir='ltr'>haec,</span> <span class='ocrx_word' id='word_1_22' title='bbox 1242 807 1394 873; x_wconf 92' lang='lat' dir='ltr'>tum</span> <span class='ocrx_word' id='word_1_23' title='bbox 1432 820 1610 873; x_wconf 87' lang='lat' dir='ltr'>vero</span> <span class='ocrx_word' id='word_1_24' title='bbox 1673 798 1767 871; x_wconf 90' lang='lat' dir='ltr'>ob</span> <span class='ocrx_word' id='word_1_25' title='bbox 1815 798 2146 873; x_wconf 87' lang='lat' dir='ltr'>innatam</span> <span class='ocrx_word' id='word_1_26' title='bbox 2204 800 2410 894; x_wconf 90' lang='lat' dir='ltr'>genti</span> <span class='ocrx_word' id='word_1_27' title='bbox 2464 798 2574 873; x_wconf 93' lang='lat' dir='ltr'>illi</span> 
     </span>
     <span class='ocr_line' id='line_1_5' title="bbox 307 913 2641 1021; baseline 0.002 -25"><span class='ocrx_word' id='word_1_28' title='bbox 307 922 908 1014; x_wconf 84' lang='lat' dir='ltr'>fraudulentiam,</span> <span class='ocrx_word' id='word_1_29' title='bbox 1002 924 1219 1000; x_wconf 90' lang='lat' dir='ltr'>fidem</span> <span class='ocrx_word' id='word_1_30' title='bbox 1259 913 1614 1000; x_wconf 87' lang='lat' dir='ltr'>turcicam</span> <span class='ocrx_word' id='word_1_31' title='bbox 1653 937 1947 1018; x_wconf 78' lang='lat' dir='ltr'>semper</span> <span class='ocrx_word' id='word_1_32' title='bbox 1984 932 2404 1021; x_wconf 77' lang='lat' dir='ltr'>suspectam</span> <span class='ocrx_word' id='word_1_33' title='bbox 2441 926 2577 999; x_wconf 90' lang='lat' dir='ltr'>ha-</span> <span class='ocrx_word' id='word_1_34' title='bbox 2638 971 2641 978; x_wconf 33' lang='grc' dir='ltr'><em>ν</em></span> 
     </span>
     <span class='ocr_line' id='line_1_6' title="bbox 309 1048 2580 1147; baseline 0.001 -25"><span class='ocrx_word' id='word_1_35' title='bbox 309 1049 627 1143; x_wconf 89' lang='lat' dir='ltr'>bebant;</span> <span class='ocrx_word' id='word_1_36' title='bbox 667 1072 836 1124; x_wconf 89' lang='lat' dir='ltr'>nam</span> <span class='ocrx_word' id='word_1_37' title='bbox 875 1056 949 1123; x_wconf 91' lang='lat' dir='ltr'>et</span> <span class='ocrx_word' id='word_1_38' title='bbox 983 1057 1460 1147; x_wconf 89' lang='lat' dir='ltr'>praeceptum</span> <span class='ocrx_word' id='word_1_39' title='bbox 1498 1049 1571 1122; x_wconf 93' lang='lat' dir='ltr'>in</span> <span class='ocrx_word' id='word_1_40' title='bbox 1633 1048 1996 1143; x_wconf 85' lang='lat' dir='ltr'>religione</span> <span class='ocrx_word' id='word_1_41' title='bbox 2034 1049 2136 1125; x_wconf 89' lang='lat' dir='ltr'>ita</span> <span class='ocrx_word' id='word_1_42' title='bbox 2172 1050 2469 1142; x_wconf 89' lang='lat' dir='ltr'>habent,</span> <span class='ocrx_word' id='word_1_43' title='bbox 2500 1059 2580 1124; x_wconf 93' lang='lat' dir='ltr'>ut</span> 
     </span>
     <span class='ocr_line' id='line_1_7' title="bbox 312 1172 2578 1273; baseline 0.001 -26"><span class='ocrx_word' id='word_1_44' title='bbox 312 1172 684 1247; x_wconf 88' lang='lat' dir='ltr'>infidelem</span> <span class='ocrx_word' id='word_1_45' title='bbox 723 1175 866 1249; x_wconf 92' lang='lat' dir='ltr'>fide</span> <span class='ocrx_word' id='word_1_46' title='bbox 908 1175 1358 1273; x_wconf 78' lang='lat' dir='ltr'>deciperent,</span> <span class='ocrx_word' id='word_1_47' title='bbox 1400 1176 1598 1271; x_wconf 86' lang='lat' dir='ltr'>quod</span> <span class='ocrx_word' id='word_1_48' title='bbox 1653 1175 1759 1249; x_wconf 91' lang='lat' dir='ltr'>ita</span> <span class='ocrx_word' id='word_1_49' title='bbox 1798 1175 1966 1249; x_wconf 90' lang='lat' dir='ltr'>Deo</span> <span class='ocrx_word' id='word_1_50' title='bbox 2005 1184 2297 1271; x_wconf 89' lang='lat' dir='ltr'>gratum</span> <span class='ocrx_word' id='word_1_51' title='bbox 2337 1183 2578 1269; x_wconf 85' lang='lat' dir='ltr'>esset3</span> 
     </span>
     <span class='ocr_line' id='line_1_8' title="bbox 320 1298 2578 1398; baseline 0 -23"><span class='ocrx_word' id='word_1_52' title='bbox 320 1298 665 1375; x_wconf 88' lang='lat' dir='ltr'>infideles</span> <span class='ocrx_word' id='word_1_53' title='bbox 759 1308 1004 1376; x_wconf 89' lang='lat' dir='ltr'>autem</span> <span class='ocrx_word' id='word_1_54' title='bbox 1061 1325 1314 1376; x_wconf 91' lang='lat' dir='ltr'>omnes</span> <span class='ocrx_word' id='word_1_55' title='bbox 1391 1301 1733 1376; x_wconf 86' lang='lat' dir='ltr'>arbitrati</span> <span class='ocrx_word' id='word_1_56' title='bbox 1790 1309 1983 1393; x_wconf 91' lang='lat' dir='ltr'>sunt,</span> <span class='ocrx_word' id='word_1_57' title='bbox 2041 1304 2165 1398; x_wconf 90' lang='lat' dir='ltr'>qui</span> <span class='ocrx_word' id='word_1_58' title='bbox 2221 1326 2396 1379; x_wconf 89' lang='lat' dir='ltr'>suae</span> <span class='ocrx_word' id='word_1_59' title='bbox 2435 1326 2578 1378; x_wconf 87' lang='lat' dir='ltr'>non</span> 
     </span>
     <span class='ocr_line' id='line_1_9' title="bbox 322 1426 2579 1525; baseline 0.001 -25"><span class='ocrx_word' id='word_1_60' title='bbox 322 1434 579 1502; x_wconf 89' lang='lat' dir='ltr'>essent</span> <span class='ocrx_word' id='word_1_61' title='bbox 624 1426 1039 1524; x_wconf 86' lang='lat' dir='ltr'>religionis.</span> <span class='ocrx_word' id='word_1_62' title='bbox 1114 1430 1235 1503; x_wconf 88' lang='lat' dir='ltr'>Ita</span> <span class='ocrx_word' id='word_1_63' title='bbox 1274 1426 1468 1524; x_wconf 89' lang='lat' dir='ltr'>quod</span> <span class='ocrx_word' id='word_1_64' title='bbox 1522 1427 1718 1525; x_wconf 90' lang='lat' dir='ltr'>apud</span> <span class='ocrx_word' id='word_1_65' title='bbox 1775 1451 1909 1503; x_wconf 94' lang='lat' dir='ltr'>nos</span> <span class='ocrx_word' id='word_1_66' title='bbox 1968 1428 2579 1505; x_wconf 86' lang='lat' dir='ltr'>deformissimum</span> 
     </span>
     <span class='ocr_line' id='line_1_10' title="bbox 319 1551 2577 1652; baseline 0.001 -26"><span class='ocrx_word' id='word_1_67' title='bbox 319 1561 393 1627; x_wconf 90' lang='lat' dir='ltr'>et</span> <span class='ocrx_word' id='word_1_68' title='bbox 427 1553 807 1652; x_wconf 88' lang='lat' dir='ltr'>piaculare</span> <span class='ocrx_word' id='word_1_69' title='bbox 862 1551 1229 1650; x_wconf 90' lang='lat' dir='ltr'>flagitium</span> <span class='ocrx_word' id='word_1_70' title='bbox 1309 1554 1796 1647; x_wconf 90' lang='lat' dir='ltr'>existimatur,</span> <span class='ocrx_word' id='word_1_71' title='bbox 1850 1553 1926 1628; x_wconf 91' lang='lat' dir='ltr'>id</span> <span class='ocrx_word' id='word_1_72' title='bbox 1979 1553 2090 1629; x_wconf 93' lang='lat' dir='ltr'>illi</span> <span class='ocrx_word' id='word_1_73' title='bbox 2142 1578 2287 1631; x_wconf 90' lang='lat' dir='ltr'>non</span> <span class='ocrx_word' id='word_1_74' title='bbox 2343 1554 2577 1628; x_wconf 91' lang='lat' dir='ltr'>solum</span> 
     </span>
     <span class='ocr_line' id='line_1_11' title="bbox 319 1678 2579 1776; baseline 0.001 -24"><span class='ocrx_word' id='word_1_75' title='bbox 319 1701 456 1776; x_wconf 93' lang='lat' dir='ltr'>pro</span> <span class='ocrx_word' id='word_1_76' title='bbox 495 1678 786 1771; x_wconf 83' lang='lat' dir='ltr'>virtute,</span> <span class='ocrx_word' id='word_1_77' title='bbox 827 1679 1205 1754; x_wconf 88' lang='lat' dir='ltr'>sedetiam</span> <span class='ocrx_word' id='word_1_78' title='bbox 1242 1701 1377 1776; x_wconf 90' lang='lat' dir='ltr'>pro</span> <span class='ocrx_word' id='word_1_79' title='bbox 1415 1679 1776 1776; x_wconf 86' lang='lat' dir='ltr'>religione</span> <span class='ocrx_word' id='word_1_80' title='bbox 1817 1680 2104 1756; x_wconf 89' lang='lat' dir='ltr'>ducunt.</span> <span class='ocrx_word' id='word_1_81' title='bbox 2147 1678 2372 1756; x_wconf 89' lang='lat' dir='ltr'>Talia</span> <span class='ocrx_word' id='word_1_82' title='bbox 2410 1688 2579 1756; x_wconf 89' lang='lat' dir='ltr'>sunt</span> 
     </span>
     <span class='ocr_line' id='line_1_12' title="bbox 317 1804 2575 1905; baseline -0.001 -25"><span class='ocrx_word' id='word_1_83' title='bbox 317 1806 677 1904; x_wconf 87' lang='lat' dir='ltr'>pleraque</span> <span class='ocrx_word' id='word_1_84' title='bbox 730 1804 1025 1881; x_wconf 92' lang='lat' dir='ltr'>illorum</span> <span class='ocrx_word' id='word_1_85' title='bbox 1098 1814 1504 1905; x_wconf 86' lang='lat' dir='ltr'>praecepta</span> <span class='ocrx_word' id='word_1_86' title='bbox 1576 1805 1987 1902; x_wconf 90' lang='lat' dir='ltr'>religionis.</span> <span class='ocrx_word' id='word_1_87' title='bbox 2066 1807 2189 1881; x_wconf 92' lang='lat' dir='ltr'>Me</span> <span class='ocrx_word' id='word_1_88' title='bbox 2227 1806 2575 1897; x_wconf 81' lang='lat' dir='ltr'>Hercule,</span> 
     </span>
     <span class='ocr_line' id='line_1_13' title="bbox 318 1930 2577 2029; baseline -0.001 -23"><span class='ocrx_word' id='word_1_89' title='bbox 318 1930 610 2027; x_wconf 88' lang='lat' dir='ltr'>quoties</span> <span class='ocrx_word' id='word_1_90' title='bbox 650 1930 1159 2006; x_wconf 88' lang='lat' dir='ltr'>admirandam</span> <span class='ocrx_word' id='word_1_91' title='bbox 1197 1932 1489 2006; x_wconf 91' lang='lat' dir='ltr'>illorum</span> <span class='ocrx_word' id='word_1_92' title='bbox 1527 1932 1974 2024; x_wconf 87' lang='lat' dir='ltr'>barbariem,</span> <span class='ocrx_word' id='word_1_93' title='bbox 2032 1939 2105 2006; x_wconf 91' lang='lat' dir='ltr'>et</span> <span class='ocrx_word' id='word_1_94' title='bbox 2143 1932 2336 2029; x_wconf 89' lang='lat' dir='ltr'>quod</span> <span class='ocrx_word' id='word_1_95' title='bbox 2374 1932 2577 2006; x_wconf 91' lang='lat' dir='ltr'>nulla</span> 
     </span>
     <span class='ocr_line' id='line_1_14' title="bbox 313 2055 2578 2156; baseline -0.002 -24"><span class='ocrx_word' id='word_1_96' title='bbox 313 2081 634 2154; x_wconf 90' lang='lat' dir='ltr'>unquam</span> <span class='ocrx_word' id='word_1_97' title='bbox 707 2058 1099 2133; x_wconf 84' lang='lat' dir='ltr'>barbaries</span> <span class='ocrx_word' id='word_1_98' title='bbox 1191 2057 1362 2132; x_wconf 92' lang='lat' dir='ltr'>huic</span> <span class='ocrx_word' id='word_1_99' title='bbox 1455 2059 1953 2156; x_wconf 84' lang='lat' dir='ltr'>comparanda</span> <span class='ocrx_word' id='word_1_100' title='bbox 2058 2057 2302 2150; x_wconf 86' lang='lat' dir='ltr'>fuerit,</span> <span class='ocrx_word' id='word_1_101' title='bbox 2360 2055 2578 2132; x_wconf 92' lang='lat' dir='ltr'>simul</span> 
     </span>
     <span class='ocr_line' id='line_1_15' title="bbox 321 2182 2582 2281; baseline 0 -25"><span class='ocrx_word' id='word_1_102' title='bbox 321 2182 619 2281; x_wconf 89' lang='lat' dir='ltr'>priscas</span> <span class='ocrx_word' id='word_1_103' title='bbox 676 2200 1060 2280; x_wconf 87' lang='lat' dir='ltr'>novasque</span> <span class='ocrx_word' id='word_1_104' title='bbox 1115 2182 1472 2257; x_wconf 86' lang='lat' dir='ltr'>historias</span> <span class='ocrx_word' id='word_1_105' title='bbox 1528 2184 1603 2256; x_wconf 92' lang='lat' dir='ltr'>in</span> <span class='ocrx_word' id='word_1_106' title='bbox 1678 2182 2100 2257; x_wconf 85' lang='lat' dir='ltr'>memoriam</span> <span class='ocrx_word' id='word_1_107' title='bbox 2157 2206 2449 2276; x_wconf 87' lang='lat' dir='ltr'>revoco,</span> <span class='ocrx_word' id='word_1_108' title='bbox 2509 2192 2582 2257; x_wconf 91' lang='lat' dir='ltr'>et</span> 
     </span>
     <span class='ocr_line' id='line_1_16' title="bbox 320 2307 2582 2408; baseline -0.001 -24"><span class='ocrx_word' id='word_1_109' title='bbox 320 2331 506 2405; x_wconf 90' lang='lat' dir='ltr'>quos</span> <span class='ocrx_word' id='word_1_110' title='bbox 544 2309 872 2384; x_wconf 89' lang='lat' dir='ltr'>Mathias</span> <span class='ocrx_word' id='word_1_111' title='bbox 930 2332 1222 2408; x_wconf 85' lang='lat' dir='ltr'>semper</span> <span class='ocrx_word' id='word_1_112' title='bbox 1278 2310 1572 2401; x_wconf 83' lang='lat' dir='ltr'>vicerit,</span> <span class='ocrx_word' id='word_1_113' title='bbox 1630 2309 1970 2404; x_wconf 89' lang='lat' dir='ltr'>intraque</span> <span class='ocrx_word' id='word_1_114' title='bbox 2027 2316 2273 2384; x_wconf 91' lang='lat' dir='ltr'>certos</span> <span class='ocrx_word' id='word_1_115' title='bbox 2312 2307 2582 2383; x_wconf 88' lang='lat' dir='ltr'>limites</span> 
     </span>
     <span class='ocr_line' id='line_1_17' title="bbox 334 2415 2586 2533; baseline -0.001 -24"><span class='ocrx_word' id='word_1_116' title='bbox 334 2443 536 2510; x_wconf 89' lang='lat' dir='ltr'>stare</span> <span class='ocrx_word' id='word_1_117' title='bbox 583 2436 934 2532; x_wconf 80' lang='lat' dir='ltr'>co’e&#39;gerit,</span> <span class='ocrx_word' id='word_1_118' title='bbox 977 2444 1052 2510; x_wconf 88' lang='lat' dir='ltr'>et</span> <span class='ocrx_word' id='word_1_119' title='bbox 1091 2435 1284 2533; x_wconf 85' lang='lat' dir='ltr'>quod</span> <span class='ocrx_word' id='word_1_120' title='bbox 1313 2438 1551 2531; x_wconf 88' lang='lat' dir='ltr'>majus</span> <span class='ocrx_word' id='word_1_121' title='bbox 1609 2444 1745 2527; x_wconf 90' lang='lat' dir='ltr'>est,</span> <span class='ocrx_word' id='word_1_122' title='bbox 1785 2442 2008 2527; x_wconf 89' lang='lat' dir='ltr'>terra,</span> <span class='ocrx_word' id='word_1_123' title='bbox 2050 2458 2212 2509; x_wconf 92' lang='lat' dir='ltr'>cum</span> <span class='ocrx_word' id='word_1_124' title='bbox 2251 2415 2398 2511; x_wconf 84' lang='lat' dir='ltr'>non</span> <span class='ocrx_word' id='word_1_125' title='bbox 2436 2435 2586 2508; x_wconf 92' lang='lat' dir='ltr'>sint</span> 
     </span>
     <span class='ocr_line' id='line_1_18' title="bbox 318 2559 2584 2662; baseline -0.002 -24"><span class='ocrx_word' id='word_1_126' title='bbox 318 2583 553 2662; x_wconf 88' lang='lat' dir='ltr'>pares</span> <span class='ocrx_word' id='word_1_127' title='bbox 592 2562 793 2637; x_wconf 86' lang='lat' dir='ltr'>vires</span> <span class='ocrx_word' id='word_1_128' title='bbox 844 2564 1330 2639; x_wconf 89' lang='lat' dir='ltr'>barbarorum</span> <span class='ocrx_word' id='word_1_129' title='bbox 1386 2561 1798 2637; x_wconf 86' lang='lat' dir='ltr'>maritimae</span> <span class='ocrx_word' id='word_1_130' title='bbox 1885 2562 2387 2654; x_wconf 87' lang='lat' dir='ltr'>terrestribus,</span> <span class='ocrx_word' id='word_1_131' title='bbox 2426 2559 2584 2637; x_wconf 91' lang='lat' dir='ltr'>nul-</span> 
     </span>
     <span class='ocr_line' id='line_1_19' title="bbox 315 2685 2586 2786; baseline 0 -25"><span class='ocrx_word' id='word_1_132' title='bbox 315 2688 411 2762; x_wconf 89' lang='lat' dir='ltr'>lis</span> <span class='ocrx_word' id='word_1_133' title='bbox 451 2687 621 2763; x_wconf 90' lang='lat' dir='ltr'>aliis</span> <span class='ocrx_word' id='word_1_134' title='bbox 677 2686 996 2781; x_wconf 87' lang='lat' dir='ltr'>auxiliis,</span> <span class='ocrx_word' id='word_1_135' title='bbox 1071 2688 1295 2763; x_wconf 91' lang='lat' dir='ltr'>nullis</span> <span class='ocrx_word' id='word_1_136' title='bbox 1352 2687 1638 2786; x_wconf 89' lang='lat' dir='ltr'>opibus,</span> <span class='ocrx_word' id='word_1_137' title='bbox 1681 2711 1898 2784; x_wconf 90' lang='lat' dir='ltr'>quam</span> <span class='ocrx_word' id='word_1_138' title='bbox 1955 2687 2146 2763; x_wconf 89' lang='lat' dir='ltr'>suis:</span> <span class='ocrx_word' id='word_1_139' title='bbox 2203 2685 2339 2764; x_wconf 89' lang='lat' dir='ltr'>hos</span> <span class='ocrx_word' id='word_1_140' title='bbox 2395 2712 2586 2764; x_wconf 91' lang='lat' dir='ltr'>nunc</span> 
     </span>
     <span class='ocr_line' id='line_1_20' title="bbox 317 2813 2583 2912; baseline 0 -24"><span class='ocrx_word' id='word_1_141' title='bbox 317 2821 683 2890; x_wconf 86' lang='lat' dir='ltr'>terrarum</span> <span class='ocrx_word' id='word_1_142' title='bbox 738 2815 991 2888; x_wconf 92' lang='lat' dir='ltr'>orbem</span> <span class='ocrx_word' id='word_1_143' title='bbox 1049 2813 1472 2888; x_wconf 88' lang='lat' dir='ltr'>universum</span> <span class='ocrx_word' id='word_1_144' title='bbox 1541 2815 1957 2912; x_wconf 89' lang='lat' dir='ltr'>pervolare,</span> <span class='ocrx_word' id='word_1_145' title='bbox 2036 2815 2583 2905; x_wconf 88' lang='lat' dir='ltr'>circumvenire,</span> 
     </span>
     <span class='ocr_line' id='line_1_21' title="bbox 320 2940 2582 3038; baseline -0 -23"><span class='ocrx_word' id='word_1_146' title='bbox 320 2941 504 3016; x_wconf 90' lang='lat' dir='ltr'>nihil</span> <span class='ocrx_word' id='word_1_147' title='bbox 541 2940 783 3015; x_wconf 90' lang='lat' dir='ltr'>securi</span> <span class='ocrx_word' id='word_1_148' title='bbox 821 2940 1112 3038; x_wconf 90' lang='lat' dir='ltr'>uspiam</span> <span class='ocrx_word' id='word_1_149' title='bbox 1148 2940 1588 3036; x_wconf 90' lang='lat' dir='ltr'>relinquere,</span> <span class='ocrx_word' id='word_1_150' title='bbox 1613 2948 1687 3015; x_wconf 91' lang='lat' dir='ltr'>et</span> <span class='ocrx_word' id='word_1_151' title='bbox 1723 2940 1914 3015; x_wconf 90' lang='lat' dir='ltr'>haec</span> <span class='ocrx_word' id='word_1_152' title='bbox 1948 2942 2191 3015; x_wconf 89' lang='lat' dir='ltr'>omnia</span> <span class='ocrx_word' id='word_1_153' title='bbox 2225 2942 2582 3016; x_wconf 88' lang='lat' dir='ltr'>hactenus</span> 
     </span>
     <span class='ocr_line' id='line_1_22' title="bbox 325 3065 2582 3166; baseline 0.001 -26"><span class='ocrx_word' id='word_1_154' title='bbox 325 3067 619 3165; x_wconf 91' lang='lat' dir='ltr'>impune</span> <span class='ocrx_word' id='word_1_155' title='bbox 691 3068 938 3142; x_wconf 87' lang='lat' dir='ltr'>facere</span> <span class='ocrx_word' id='word_1_156' title='bbox 1012 3068 1222 3166; x_wconf 90' lang='lat' dir='ltr'>piget</span> <span class='ocrx_word' id='word_1_157' title='bbox 1293 3067 1685 3165; x_wconf 89' lang='lat' dir='ltr'>pudetque.</span> <span class='ocrx_word' id='word_1_158' title='bbox 1764 3065 1969 3156; x_wconf 80' lang='lat' dir='ltr'>Quos</span> <span class='ocrx_word' id='word_1_159' title='bbox 2029 3067 2320 3163; x_wconf 89' lang='lat' dir='ltr'>quidem</span> <span class='ocrx_word' id='word_1_160' title='bbox 2396 3089 2582 3142; x_wconf 91' lang='lat' dir='ltr'>unus</span> 
     </span>
     <span class='ocr_line' id='line_1_23' title="bbox 322 3191 2583 3284; baseline -0 -17"><span class='ocrx_word' id='word_1_161' title='bbox 322 3191 648 3268; x_wconf 90' lang='lat' dir='ltr'>Mathias</span> <span class='ocrx_word' id='word_1_162' title='bbox 743 3192 987 3267; x_wconf 85' lang='lat' dir='ltr'>divino</span> <span class='ocrx_word' id='word_1_163' title='bbox 1064 3194 1339 3268; x_wconf 87' lang='lat' dir='ltr'>auxilio</span> <span class='ocrx_word' id='word_1_164' title='bbox 1396 3195 1652 3284; x_wconf 87' lang='lat' dir='ltr'>fretus,</span> <span class='ocrx_word' id='word_1_165' title='bbox 1692 3193 1848 3267; x_wconf 89' lang='lat' dir='ltr'>suis</span> <span class='ocrx_word' id='word_1_166' title='bbox 1922 3200 2203 3267; x_wconf 87' lang='lat' dir='ltr'>tantum</span> <span class='ocrx_word' id='word_1_167' title='bbox 2277 3193 2583 3283; x_wconf 85' lang='lat' dir='ltr'>viribus,</span> 
     </span>
     <span class='ocr_line' id='line_1_24' title="bbox 327 3317 2585 3415; baseline -0 -23"><span class='ocrx_word' id='word_1_168' title='bbox 327 3340 463 3392; x_wconf 90' lang='lat' dir='ltr'>sua</span> <span class='ocrx_word' id='word_1_169' title='bbox 499 3318 771 3393; x_wconf 83' lang='lat' dir='ltr'>virtute</span> <span class='ocrx_word' id='word_1_170' title='bbox 830 3342 924 3392; x_wconf 85' lang='lat' dir='ltr'>ex</span> <span class='ocrx_word' id='word_1_171' title='bbox 962 3318 1266 3415; x_wconf 87' lang='lat' dir='ltr'>Europa</span> <span class='ocrx_word' id='word_1_172' title='bbox 1306 3319 1704 3415; x_wconf 84' lang='lat' dir='ltr'>exegisset,</span> <span class='ocrx_word' id='word_1_173' title='bbox 1742 3319 1981 3392; x_wconf 91' lang='lat' dir='ltr'>sinon</span> <span class='ocrx_word' id='word_1_174' title='bbox 2017 3318 2424 3393; x_wconf 88' lang='lat' dir='ltr'>Federicus</span> <span class='ocrx_word' id='word_1_175' title='bbox 2460 3317 2585 3392; x_wconf 90' lang='lat' dir='ltr'>im-</span> 
     </span>
     <span class='ocr_line' id='line_1_25' title="bbox 319 3443 2580 3543; baseline -0 -25"><span class='ocrx_word' id='word_1_176' title='bbox 319 3444 625 3543; x_wconf 75' lang='lat' dir='ltr'>perator</span> <span class='ocrx_word' id='word_1_177' title='bbox 734 3466 872 3519; x_wconf 90' lang='lat' dir='ltr'>sua</span> <span class='ocrx_word' id='word_1_178' title='bbox 982 3443 1294 3518; x_wconf 89' lang='lat' dir='ltr'>consilia</span> <span class='ocrx_word' id='word_1_179' title='bbox 1403 3466 1726 3542; x_wconf 90' lang='lat' dir='ltr'>suosque</span> <span class='ocrx_word' id='word_1_180' title='bbox 1836 3443 2349 3518; x_wconf 89' lang='lat' dir='ltr'>sanctissimos</span> <span class='ocrx_word' id='word_1_181' title='bbox 2464 3467 2580 3517; x_wconf 89' lang='lat' dir='ltr'>co-</span> 
     </span>
     <span class='ocr_line' id='line_1_26' title="bbox 323 3570 2582 3668; baseline -0.001 -23"><span class='ocrx_word' id='word_1_182' title='bbox 323 3578 540 3645; x_wconf 86' lang='lat' dir='ltr'>natus</span> <span class='ocrx_word' id='word_1_183' title='bbox 576 3570 1213 3668; x_wconf 83' lang='lat' dir='ltr'>praepedivisset3</span> <span class='ocrx_word' id='word_1_184' title='bbox 1252 3570 1321 3643; x_wconf 91' lang='lat' dir='ltr'>si</span> <span class='ocrx_word' id='word_1_185' title='bbox 1375 3570 1646 3647; x_wconf 88' lang='lat' dir='ltr'>Veneti</span> <span class='ocrx_word' id='word_1_186' title='bbox 1702 3571 1902 3646; x_wconf 92' lang='lat' dir='ltr'>illius</span> <span class='ocrx_word' id='word_1_187' title='bbox 1956 3571 2295 3645; x_wconf 88' lang='lat' dir='ltr'>felicitati</span> <span class='ocrx_word' id='word_1_188' title='bbox 2332 3594 2422 3644; x_wconf 87' lang='lat' dir='ltr'>ac</span> <span class='ocrx_word' id='word_1_189' title='bbox 2456 3591 2582 3667; x_wconf 92' lang='lat' dir='ltr'>po-</span> 
     </span>
     <span class='ocr_line' id='line_1_27' title="bbox 320 3694 2569 3794; baseline 0.001 -26"><span class='ocrx_word' id='word_1_190' title='bbox 320 3695 598 3770; x_wconf 89' lang='lat' dir='ltr'>tentiae</span> <span class='ocrx_word' id='word_1_191' title='bbox 632 3718 778 3769; x_wconf 91' lang='lat' dir='ltr'>non</span> <span class='ocrx_word' id='word_1_192' title='bbox 833 3695 1297 3791; x_wconf 72' lang='lat' dir='ltr'>invidissent,</span> <span class='ocrx_word' id='word_1_193' title='bbox 1356 3697 1422 3771; x_wconf 94' lang='lat' dir='ltr'>si</span> <span class='ocrx_word' id='word_1_194' title='bbox 1477 3697 1813 3794; x_wconf 87' lang='lat' dir='ltr'>pontifex</span> <span class='ocrx_word' id='word_1_195' title='bbox 1849 3720 2195 3773; x_wconf 89' lang='lat' dir='ltr'>romanus</span> <span class='ocrx_word' id='word_1_196' title='bbox 2233 3694 2569 3771; x_wconf 88' lang='lat' dir='ltr'>christia-</span> 
     </span>
     <span class='ocr_line' id='line_1_28' title="bbox 323 3820 2581 3919; baseline 0.001 -25"><span class='ocrx_word' id='word_1_197' title='bbox 323 3845 490 3895; x_wconf 90' lang='lat' dir='ltr'>nam</span> <span class='ocrx_word' id='word_1_198' title='bbox 525 3843 684 3894; x_wconf 91' lang='lat' dir='ltr'>rem</span> <span class='ocrx_word' id='word_1_199' title='bbox 720 3820 965 3919; x_wconf 90' lang='lat' dir='ltr'>potius</span> <span class='ocrx_word' id='word_1_200' title='bbox 1040 3845 1262 3919; x_wconf 88' lang='lat' dir='ltr'>quam</span> <span class='ocrx_word' id='word_1_201' title='bbox 1318 3845 1528 3898; x_wconf 90' lang='lat' dir='ltr'>suam</span> <span class='ocrx_word' id='word_1_202' title='bbox 1582 3831 1938 3909; x_wconf 89' lang='lat' dir='ltr'>curasset.</span> <span class='ocrx_word' id='word_1_203' title='bbox 1997 3821 2239 3919; x_wconf 86' lang='lat' dir='ltr'>Saepe</span> <span class='ocrx_word' id='word_1_204' title='bbox 2277 3844 2418 3918; x_wconf 90' lang='lat' dir='ltr'>ego</span> <span class='ocrx_word' id='word_1_205' title='bbox 2457 3844 2581 3897; x_wconf 88' lang='lat' dir='ltr'>au·</span> 
     </span>
     <span class='ocr_line' id='line_1_29' title="bbox 325 3945 2582 4046; baseline 0 -25"><span class='ocrx_word' id='word_1_206' title='bbox 325 3945 476 4021; x_wconf 85' lang='lat' dir='ltr'>divi</span> <span class='ocrx_word' id='word_1_207' title='bbox 514 3968 608 4020; x_wconf 90' lang='lat' dir='ltr'>ex</span> <span class='ocrx_word' id='word_1_208' title='bbox 645 3969 808 4022; x_wconf 91' lang='lat' dir='ltr'>meo</span> <span class='ocrx_word' id='word_1_209' title='bbox 868 3953 1085 4044; x_wconf 89' lang='lat' dir='ltr'>patre</span> <span class='ocrx_word' id='word_1_210' title='bbox 1140 3947 1438 4046; x_wconf 89' lang='lat' dir='ltr'>priscae</span> <span class='ocrx_word' id='word_1_211' title='bbox 1495 3948 1893 4043; x_wconf 86' lang='lat' dir='ltr'>gravitatis</span> <span class='ocrx_word' id='word_1_212' title='bbox 1953 3956 2026 4023; x_wconf 92' lang='lat' dir='ltr'>et</span> <span class='ocrx_word' id='word_1_213' title='bbox 2063 3947 2350 4024; x_wconf 90' lang='lat' dir='ltr'>consilii</span> <span class='ocrx_word' id='word_1_214' title='bbox 2399 3948 2582 4038; x_wconf 88' lang='lat' dir='ltr'>viro,</span> 
     </span>
     <span class='ocr_line' id='line_1_30' title="bbox 323 4071 2574 4172; baseline 0 -26"><span class='ocrx_word' id='word_1_215' title='bbox 323 4071 684 4147; x_wconf 85' lang='lat' dir='ltr'>Mathiam</span> <span class='ocrx_word' id='word_1_216' title='bbox 720 4074 799 4147; x_wconf 92' lang='lat' dir='ltr'>id</span> <span class='ocrx_word' id='word_1_217' title='bbox 833 4096 1051 4148; x_wconf 92' lang='lat' dir='ltr'>unum</span> <span class='ocrx_word' id='word_1_218' title='bbox 1088 4074 1556 4172; x_wconf 90' lang='lat' dir='ltr'>potissimum</span> <span class='ocrx_word' id='word_1_219' title='bbox 1594 4075 1883 4171; x_wconf 90' lang='lat' dir='ltr'>agitare</span> <span class='ocrx_word' id='word_1_220' title='bbox 1923 4075 2238 4168; x_wconf 88' lang='lat' dir='ltr'>solitum,</span> <span class='ocrx_word' id='word_1_221' title='bbox 2278 4098 2425 4172; x_wconf 89' lang='lat' dir='ltr'>qua</span> <span class='ocrx_word' id='word_1_222' title='bbox 2462 4098 2574 4147; x_wconf 89' lang='lat' dir='ltr'>ra·</span> 
     </span>
     <span class='ocr_line' id='line_1_31' title="bbox 321 4198 2585 4298; baseline -0 -26"><span class='ocrx_word' id='word_1_223' title='bbox 321 4199 542 4293; x_wconf 91' lang='lat' dir='ltr'>tione,</span> <span class='ocrx_word' id='word_1_224' title='bbox 583 4200 995 4297; x_wconf 89' lang='lat' dir='ltr'>quibusque</span> <span class='ocrx_word' id='word_1_225' title='bbox 1053 4200 1289 4274; x_wconf 89' lang='lat' dir='ltr'>modis</span> <span class='ocrx_word' id='word_1_226' title='bbox 1358 4202 1609 4275; x_wconf 81' lang='lat' dir='ltr'>&#39;Putea</span> <span class='ocrx_word' id='word_1_227' title='bbox 1665 4200 1903 4275; x_wconf 91' lang='lat' dir='ltr'>hostis</span> <span class='ocrx_word' id='word_1_228' title='bbox 1944 4225 2037 4274; x_wconf 92' lang='lat' dir='ltr'>ex</span> <span class='ocrx_word' id='word_1_229' title='bbox 2098 4202 2405 4298; x_wconf 89' lang='lat' dir='ltr'>Europa</span> <span class='ocrx_word' id='word_1_230' title='bbox 2460 4198 2585 4271; x_wconf 89' lang='lat' dir='ltr'>de-</span> 
     </span>
     <span class='ocr_line' id='line_1_32' title="bbox 315 4325 2576 4423; baseline 0 -24"><span class='ocrx_word' id='word_1_231' title='bbox 315 4326 741 4422; x_wconf 86' lang='lat' dir='ltr'>pelleretur,</span> <span class='ocrx_word' id='word_1_232' title='bbox 784 4328 1092 4423; x_wconf 91' lang='lat' dir='ltr'>ejusque</span> <span class='ocrx_word' id='word_1_233' title='bbox 1151 4325 1463 4401; x_wconf 87' lang='lat' dir='ltr'>consilia</span> <span class='ocrx_word' id='word_1_234' title='bbox 1518 4326 1968 4422; x_wconf 87' lang='lat' dir='ltr'>gravissima</span> <span class='ocrx_word' id='word_1_235' title='bbox 2016 4333 2239 4423; x_wconf 90' lang='lat' dir='ltr'>atque</span> <span class='ocrx_word' id='word_1_236' title='bbox 2278 4325 2576 4423; x_wconf 88' lang='lat' dir='ltr'>sapien-</span> 
     </span>
     <span class='ocr_line' id='line_1_33' title="bbox 313 4449 2586 4550; baseline 0 -27"><span class='ocrx_word' id='word_1_237' title='bbox 313 4449 604 4525; x_wconf 87' lang='lat' dir='ltr'>tissima</span> <span class='ocrx_word' id='word_1_238' title='bbox 642 4472 890 4526; x_wconf 89' lang='lat' dir='ltr'>secum</span> <span class='ocrx_word' id='word_1_239' title='bbox 931 4453 1367 4550; x_wconf 90' lang='lat' dir='ltr'>concepisse</span> <span class='ocrx_word' id='word_1_240' title='bbox 1406 4450 2019 4549; x_wconf 86' lang='lat' dir='ltr'>decrevisseque;</span> <span class='ocrx_word' id='word_1_241' title='bbox 2062 4450 2160 4525; x_wconf 66' lang='lat' dir='ltr'>‘in</span> <span class='ocrx_word' id='word_1_242' title='bbox 2198 4454 2404 4546; x_wconf 80' lang='lat' dir='ltr'>quus</span> <span class='ocrx_word' id='word_1_243' title='bbox 2444 4473 2586 4524; x_wconf 85' lang='lat' dir='ltr'>me·</span> 
     </span>
     <span class='ocr_line' id='line_1_34' title="bbox 321 4577 2584 4673; baseline 0.002 -22"><span class='ocrx_word' id='word_1_244' title='bbox 321 4577 699 4671; x_wconf 84' lang='lat' dir='ltr'>ditatione,</span> <span class='ocrx_word' id='word_1_245' title='bbox 739 4586 813 4653; x_wconf 89' lang='lat' dir='ltr'>et</span> <span class='ocrx_word' id='word_1_246' title='bbox 869 4587 1174 4673; x_wconf 88' lang='lat' dir='ltr'>matura,</span> <span class='ocrx_word' id='word_1_247' title='bbox 1199 4581 1266 4653; x_wconf 91' lang='lat' dir='ltr'>si</span> <span class='ocrx_word' id='word_1_248' title='bbox 1308 4578 1637 4670; x_wconf 88' lang='lat' dir='ltr'>vixisset,</span> <span class='ocrx_word' id='word_1_249' title='bbox 1697 4581 2154 4673; x_wconf 87' lang='lat' dir='ltr'>executione,</span> <span class='ocrx_word' id='word_1_250' title='bbox 2212 4579 2388 4654; x_wconf 87' lang='lat' dir='ltr'>fatis</span> <span class='ocrx_word' id='word_1_251' title='bbox 2427 4588 2584 4656; x_wconf 86' lang='lat' dir='ltr'>tan·</span> 
     </span>
    </p>
   </div>
  </div>
 </body>
</html>
