3293 5219
2321 331 2474 410 143

272 571 566 624 cesssum
586 550 783 626 ultra
805 574 1095 625 amnem
1120 549 1404 626 Muram
1424 558 1558 642 est,
1580 557 1817 626 strato
1837 557 2061 650 ponte
2090 575 2320 649 penes
2360 574 2482 626 va-

272 677 436 769 dum,
493 676 603 750 cui
661 699 754 750 ex
794 677 1113 752 obscura
1169 674 1428 750 villula
1483 675 1787 770 Legrad
1835 684 1951 762 est
2004 699 2290 753 nomen.
2329 677 2481 754 Ubi

273 804 503 878 mirum
562 812 841 901 quanta
877 803 1101 878 fuerit
1134 803 1596 901 perturbatio
1636 825 2035 895 carrorum,
2058 804 2322 902 quibus
2357 805 2483 877 im-

268 930 659 1028 pedimenta
713 928 1202 1019 vehebantur,
1261 935 1484 1025 atque
1523 929 1877 1020 confusio,
1918 930 2085 1007 dnm
2126 913 2368 1029 quivis
2406 941 2486 1008 ut

268 1065 487 1154 potest
521 1058 989 1134 tumultuarie
1043 1057 1339 1156 praeire
1379 1065 1703 1150 conatur,
1760 1067 2335 1157 perventumque
2390 1059 2486 1134 ad

265 1181 476 1260 locum
497 1209 671 1261 sera
708 1192 921 1260 nocte
941 1193 1073 1260 est.
1116 1185 1366 1258 Turca
1403 1191 1483 1259 ut
1502 1167 1686 1280 quie
1722 1185 1998 1261 nostris
2054 1187 2277 1260 rebus
2317 1209 2484 1260 con-

266 1308 483 1386 silium
576 1327 1144 1408 successumque
1219 1312 1591 1408 captabat,
1648 1311 1774 1392 ubi
1828 1311 1908 1384 id
1946 1311 2495 1416 animadvertit„

268 1437 592 1513 resumtis
649 1436 912 1513 animis
966 1415 1415 1532 pertinacior
1471 1458 1642 1510 esse
1706 1436 1981 1535 incipit,
2038 1440 2487 1527 consultans,

262 1587 414 1639 num
449 1565 845 1641 exercitum
901 1563 1257 1662 principis
1315 1564 1684 1663 persequi,
1725 1587 1822 1638 an
1857 1565 2105 1658 locum
2166 1563 2489 1662 aliquem

264 1691 630 1783 obsidione
669 1691 972 1788 cingere
1010 1692 1109 1766 sit
1173 1716 1213 1765 e
1291 1713 1372 1765 re
1411 1692 1653 1788 magis
1701 1692 2059 1787 futurum;
2096 1700 2486 1768 tentasset-

263 1840 391 1913 que
424 1818 623 1893 haud
661 1818 879 1893 dubie
919 1817 1217 1915 aliquid,
1256 1819 1398 1894 nisi
1457 1807 1765 1913 annona,
1807 1843 1997 1918 quae
2035 1820 2486 1919 pervastatis

262 1945 450 2038 agris
488 1953 563 2019 et
601 1946 982 2044 superiore
1022 1952 1097 2020 et
1134 1947 1510 2043 praesenti
1549 1970 1764 2039 anno,
1804 1948 2060 2043 gravis
2099 1946 2482 2022 admodum

262 2092 417 2144 esse
454 2073 848 2170 coepisset,
888 2096 1051 2148 eum
1091 2098 1159 2147 a.
1171 2073 1553 2171 proposito
1592 2075 2143 2151 absterruisset.

459 2195 821 2295 Princeps
858 2222 1001 2295 quo
1041 2207 1115 2273 et
1151 2207 1386 2274 metus
1407 2199 1652 2274 labem
1673 2208 2049 2298 purgaret,
2071 2210 2147 2275 et
2181 2200 2486 2293 hostem,

265 2324 735 2420 ambiguitate
804 2322 1066 2422 praelii
1146 2326 1576 2423 perplexum
1651 2326 2013 2415 redderet,
2088 2328 2486 2425 copiasque

265 2451 414 2544 ejus
472 2451 967 2545 distraheret„
998 2462 1300 2550 postero
1358 2452 1477 2528 die
1533 2461 1828 2562 pontem
1885 2455 2144 2546 Dravo
2179 2454 2489 2529 insterni

256 2577 479 2672 Jubet,
520 2599 789 2676 sparso
819 2580 978 2675 jam
1018 2587 1191 2654 ante
1210 2601 1524 2671 rumore,
1548 2587 1835 2678 partem
1876 2581 2246 2682 exercitus
2286 2577 2489 2656 Scla-

267 2704 549 2779 voniam
606 2706 1019 2803 petituram,
1082 2714 1300 2804 atque
1363 2706 1469 2780 ibi
1521 2714 1602 2782 ut
1642 2707 1979 2804 quodque
2021 2707 2490 2783 castellorum

264 2829 630 2907 hostilium
704 2834 999 2910 obvium
1054 2833 1294 2924 fuerit,
1370 2834 1818 2927 invasuram‚
1877 2843 2486 2933 oppugnaturam,

263 2955 691 3057 flammaque
729 2966 803 3035 et
840 2960 1037 3036 ferro
1077 2943 1319 3035 omnia
1392 2960 1836 3037 deleturam:
1879 2947 2164 3060 partem
2199 2964 2278 3037 iu
2333 2960 2485 3038 Un-

265 3087 542 3181 gariam
579 3083 1079 3184 Vesprimium
1100 3109 1384 3178 versus,
1407 3088 1721 3188 locaque
1760 3088 1829 3162 ei
1866 3088 2107 3162 vicina
2142 3090 2308 3187 pari
2347 3098 2493 3164 stu-

239 3213 381 3287 dio
415 3214 934 3312 repetituram:
992 3214 1407 3313 principem
1433 3216 1671 3313 ipsum
1714 3239 1873 3289 cum
1912 3218 2179 3295 robore
2218 3217 2495 3303 exerci-

271 3348 406 3434 tus,
450 3365 596 3439 quo
633 3342 1078 3418 commodius
1117 3368 1158 3419 e
1197 3343 1362 3440 pari
1401 3365 1633 3442 prope
1673 3344 1917 3442 spatio
1963 3345 2252 3440 utrique
2293 3367 2499 3419 exer-

269 3468 453 3560 citui,
492 3469 559 3542 si
595 3469 786 3543 forte
825 3491 1011 3567 opus
1068 3469 1185 3561 sit,
1261 3477 1667 3559 succurrat,
1727 3470 1801 3542 in
1858 3470 2021 3544 loco
2079 3491 2501 3567 permansu-

268 3618 459 3691 rum3
556 3594 671 3670 sin
729 3594 979 3671 Turca
1017 3595 1385 3695 penitiora
1457 3595 1783 3692 regionis
1819 3594 2196 3687 invaserit,
2235 3593 2500 3693 tripar-

266 3723 392 3800 tito
449 3724 1046 3815 circumveniant,
1123 3732 1529 3823 apertoque
1608 3746 1769 3799 cum
1846 3744 1934 3798 eo
1991 3730 2223 3797 marte
2280 3721 2500 3820 depu-

271 3861 511 3944 gnent.
568 3853 924 3950 Imposito
979 3852 1230 3948 itaque
1288 3851 1383 3924 ad
1440 3851 1774 3925 Dravum
1828 3855 2070 3948 ponte,
2128 3847 2347 3923 tertio
2386 3848 2503 3922 die

270 3999 509 4055 comes
531 3974 823 4052 Zrinius
845 4000 1007 4052 cum
1028 3976 1263 4074 copiis
1283 3973 1892 4074 provincialibus,
1933 3994 2238 4070 quorum
2276 3994 2505 4070 supra

268 4096 969 4206 meminimus,}levis
1026 4103 1429 4200 gravisque
1488 4110 1907 4178 armaturae
1963 4123 2058 4174 ex
2097 4099 2502 4198 composito

269 4229 339 4304 in
375 4230 846 4308 Sclavoniam
868 4232 1164 4329 trajicit.
1190 4230 1578 4307 Palatinus
1601 4237 1919 4305 econtra
1940 4251 2104 4302 cum
2144 4249 2251 4315 eo,
2292 4250 2506 4324 quem

271 4359 399 4435 sub
474 4361 807 4436 Babocia
880 4383 1125 4436 secum
1182 4359 1456 4451 habuit,
1516 4357 1744 4433 milite
1799 4380 2109 4452 ungaro,
2170 4364 2243 4430 et
2335 4379 2499 4450 ger-

274 4509 476 4562 mano
551 4484 903 4562 Canisam
975 4507 1238 4560 versus
1314 4484 1764 4559 transmittit.
1845 4485 2096 4558 Turca
2150 4480 2504 4581 principis

272 4614 694 4690 reversione
792 4614 1114 4709 cognita,
1174 4611 1429 4687 eodem
1494 4611 1608 4684 die
1690 4609 1939 4685 Cazon
2009 4611 2339 4695 bassam,
2389 4610 2505 4683 cui
