3293 5219
2347 330 2503 414 383

244 554 461 631 nulla
485 553 850 631 charitate
911 554 1033 632 ille
1074 555 1552 655 perpetravit3
1593 579 1783 652 quae
1825 555 2013 629 enim
2059 550 2387 633 charitas
2426 561 2499 634 in

246 685 545 757 scelere
587 707 757 758 6886
796 685 1084 782 potest!
1145 682 1293 759 Sed
1330 706 1526 758 vana
1564 689 1844 757 tantum
1880 680 2277 777 inflatione,
2318 687 2500 761 mire

244 810 702 886 ambitiosus
763 819 838 884 et
895 811 1156 904 elatus,
1215 810 1598 907 indignum
1658 832 1827 883 esse
1901 809 2093 885 inter
2167 822 2499 889 secretos

253 958 649 1010 sermones
680 936 1094 1033 jactitarat,
1124 945 1205 1010 ut
1245 959 1380 1010 sua
1420 938 1684 1031 conjux
1721 960 2040 1032 unquam
2079 939 2170 1011 ab
2210 939 2357 1015 alio
2397 948 2502 1014 at-

241 1068 718 1135 tractaretur.
778 1060 959 1136 Ideo
999 1083 1173 1136 rara
1232 1068 1305 1135 et
1343 1061 1673 1136 inaudita
1744 1061 1902 1135 fere
1941 1062 2286 1139 barbarie
2323 1089 2500 1140 nun-

246 1211 476 1282 quam
508 1187 580 1260 in
603 1187 1016 1262 convivium
1040 1187 1349 1262 alterius
1390 1187 1743 1278 adhibuit,
1785 1210 2021 1284 neque
2061 1190 2280 1265 etiam
2319 1215 2497 1267 suae

251 1313 613 1409 propriae
671 1336 1012 1403 mensae,
1069 1338 1434 1411 nunquam
1514 1338 1674 1388 cum
1735 1313 1890 1387 viro
1949 1314 2186 1412 loqui,
2262 1342 2497 1415 neque

251 1439 480 1512 etiam
520 1439 790 1513 intueri
831 1462 1126 1536 passus,
1184 1460 1419 1535 neque
1458 1439 1806 1514 fenestris
1854 1463 2170 1537 unquam
2210 1446 2495 1543 prospi-

249 1588 446 1653 cere,
491 1588 678 1661 quas
719 1566 995 1639 absens
1038 1588 1325 1661 quoque
1366 1565 1669 1661 signare
1709 1564 2040 1659 solebat,
2098 1590 2330 1666 usque
2370 1572 2495 1646 ad·

246 1714 339 1764 eo
403 1692 518 1765 sui
576 1691 1007 1764 aestimator
1047 1691 1428 1782 maximus,
1451 1691 1763 1765 aliorum
1802 1713 1978 1766 vero
2019 1702 2492 1793 contemptor,

244 1828 328 1893 ut
368 1841 534 1893 cum
573 1818 887 1914 quodam
926 1825 1257 1916 tempore
1297 1842 1524 1915 aeger
1566 1818 2056 1906 decumberet,
2116 1829 2190 1896 et
2224 1820 2377 1916 illa,
2414 1832 2494 1900 ut

243 1953 412 2019 erat
449 1946 596 2044 pia,
655 1953 729 2019 et
767 1945 1062 2019 curiosa
1121 1944 1319 2020 circa
1356 1944 1718 2036 maritum,
1760 1946 2123 2042 quendam
2163 1949 2485 2025 nobilem

241 2072 796 2148 adolescentem
854 2069 1305 2169 Stephanum
1363 2069 1675 2172 Semsey
1732 2081 1941 2148 veste
1980 2080 2262 2151 tantum
2301 2077 2491 2152 forte

243 2198 711 2294 contigisset,
766 2198 872 2271 ita
927 2199 1040 2272 ira
1097 2199 1540 2289 efferbuerit,
1603 2206 1684 2272 ut
1722 2222 1882 2273 eam
1924 2203 2280 2278 conviciis
2318 2206 2492 2279 affe-

240 2334 438 2400 ctam
477 2324 672 2397 intra
710 2322 1037 2421 parietes
1058 2324 1304 2398 vivam
1344 2324 1859 2399 defodiendam
1934 2336 2006 2401 et
2043 2331 2489 2405 enecandam

240 2452 443 2526 fame
482 2448 987 2539 mandaverit,
1046 2449 1121 2523 ni
1160 2451 1256 2524 ab
1296 2443 1791 2527 familiaribus
1831 2475 2059 2548 aegre
2101 2447 2489 2531 dissvasus

235 2579 530 2653 fuisset.
555 2574 858 2650 Nobilis
898 2575 1194 2672 quidem
1248 2575 1374 2651 ille
1413 2576 1854 2652 adolescens
1894 2585 2176 2677 captus,
2200 2589 2275 2656 et
2309 2605 2487 2679 pau·

247 2705 325 2779 lo
366 2710 541 2803 post
579 2724 861 2776 veneno
902 2686 1241 2778 sublatus
1283 2711 1414 2776 est.

457 2827 1038 2926 Christophorus
1115 2828 1377 2925 Orzag
1430 2830 1556 2903 vix
1656 2855 1695 2905 e
1753 2831 2072 2928 pueritia
2102 2857 2487 2932 egressus,

238 2978 520 3047 80111110,
577 2956 751 3045 otio,
812 2979 1078 3030 venere
1135 2964 1357 3053 atque
1415 2957 1723 3055 crapula
1800 2967 2147 3058 corrupta
2182 2963 2493 3060 primum

239 3083 588 3174 sanitate,
634 3103 802 3155 mox
841 3082 1105 3179 pedum
1145 3107 1629 3182 manuumque
1673 3109 1877 3160 usum
1918 3088 2184 3179 amisit,
2208 3091 2491 3168 etintra

236 3209 555 3306 primam
596 3209 1173 3284 adolescentiam
1210 3232 1539 3285 unacum
1578 3211 1861 3286 familia
1900 3214 2309 3291 exstinctus
2351 3226 2485 3292 est.

237 3334 628 3430 Georgius
647 3336 1007 3425 Bebecus,
1051 3342 1265 3433 patre
1340 3337 1748 3411 Francisco
1807 3346 2033 3430 ortus,
2071 3364 2206 3438 per
2245 3342 2487 3417 omnia

230 3463 601 3536 vitiorum
661 3469 880 3558 atque
937 3460 1292 3536 scelerum
1352 3486 1632 3558 genera
1686 3465 2265 3563 corruptissimo,
2306 3467 2487 3541 vitia

231 3589 476 3688 patris
534 3611 681 3662 non
752 3586 989 3663 solum
1047 3591 1415 3696 aequavit,
1485 3591 1618 3665 sed
1691 3593 2093 3691 superavit.
2173 3591 2482 3669 Omnem

236 3717 430 3791 enim
487 3722 815 3792 aetatem
877 3715 1202 3814 rapinis,
1263 3717 1655 3811 caedibus,
1714 3718 2251 3817 proditionibus
2312 3721 2484 3815 egit.

249 3843 525 3920 Partes
552 3844 858 3939 reginae
881 3844 1254 3919 Isabellae
1276 3852 1628 3941 sequutus
1649 3847 2088 3921 revertentis
2117 3847 2190 3922 in
2213 3848 2494 3921 Trans-

242 3971 637 4046 silvaniam
695 3969 982 4061 defecit,
1058 3977 1491 4068 patremque
1555 3971 1749 4046 omni
1807 3971 2080 4047 ditione
2117 3973 2490 4048 exclusum

238 4099 335 4173 ad
382 4120 739 4172 summum
777 4118 1185 4172 moerorem
1228 4105 1301 4172 et
1338 4097 1661 4196 inopiam
1701 4098 2011 4195 redegit.
2062 4098 2488 4174 Exercitum

241 4226 353 4299 Fe
370 4222 739 4313 rdinandi,
811 4222 992 4298 duce
1051 4223 1527 4322 Wolffgango
1588 4222 2094 4301 Puechamero
2152 4227 2484 4303 alemano

237 4352 691 4452 profligavit,
714 4351 1081 4449 ademptis
1102 4352 1438 4462 omnibus
1474 4353 2038 4452 impedimentis,
2078 4363 2300 4451 atque
2339 4362 2483 4429 tor-

231 4481 524 4572 mentiS,
567 4502 755 4576 quae
797 4484 869 4553 et
908 4477 1141 4553 multa
1193 4486 1266 4553 et
1305 4482 1554 4577 magni
1591 4479 1873 4572 valoris
1914 4488 2145 4557 erant.
2204 4480 2482 4557 Postea

231 4630 412 4683 vero
455 4606 529 4679 in
569 4628 655 4680 eo
727 4605 1036 4703 praelio,
1058 4628 1200 4703 quo
1258 4607 1642 4683 Emericus
1684 4609 2114 4707 Telequesy
2152 4631 2481 4705 ungarus
