3293 5219
757 258 916 338 334

758 500 940 574 que:
981 474 1429 571 Stephanum
1486 477 1804 574 Dersffy.
1831 478 2027 574 apud
2065 477 2383 553 Nitriam
2437 484 2687 553 castra
2732 472 3012 551 haben-

759 614 906 682 tem
947 630 1107 681 cum
1147 605 1384 680 tribus
1424 605 1749 681 millibus
1806 627 2253 701 ungarorum
2292 605 2613 702 equitum
2648 602 3012 702 peditum·

758 755 899 829 que
935 732 1263 822 totidem,
1342 731 2137 809 transdanubianorum
2175 734 2534 808 baronum
2574 756 2664 807 ac
2699 730 3011 806 comita-

753 866 972 933 tuum.
1066 859 1117 934 J
1122 881 1239 932 am
1332 881 1566 954 neque
1657 859 1711 934 J
1715 858 1951 934 aurini
2079 867 2382 957 praeter
2477 880 2746 949 muros,
2842 858 3013 931 leve

756 984 851 1058 ad
924 1004 1276 1060 summam
1352 983 1459 1057 rei
1564 992 2002 1059 momentum
2058 984 2524 1076 commodine,
2581 983 3010 1060 Danubium

759 1110 1064 1186 eundem
1139 1133 1329 1185 6886.
1390 1110 1597 1184 Etsi
1673 1111 1895 1185 dubia
1931 1111 2380 1208 praeliorum
2456 1110 2720 1185 evitari
2757 1110 3009 1207 place-

761 1245 892 1331 ret,
969 1261 1138 1314 esse
1180 1239 1493 1313 insulam
1534 1238 1882 1313 Danubio
1922 1246 2201 1314 tantum
2241 1240 2636 1314 discretam
2654 1220 2686 1330 ,²
2708 1238 3010 1313 foecun-

756 1365 923 1439 dam
963 1363 1357 1464 copiarum,
1414 1365 1838 1440 ulteriorem
1859 1365 2270 1461 Ungariam
2308 1389 2453 1442 non
2488 1367 2770 1463 procul,
2812 1389 3008 1462 quae

755 1498 1201 1566 commeatus
1258 1492 1787 1588 suppeditaret,
1853 1493 2149 1567 navium
2198 1494 2729 1569 multitudinem
2776 1492 3008 1567 fabri-

754 1618 986 1693 cando
1026 1615 1251 1714 ponti.
1309 1617 1684 1710 Italorum,
1722 1641 1890 1691 nam
1929 1625 2001 1691 et
2038 1618 2114 1690 111
2155 1617 2491 1711 6611811111,
2529 1619 2786 1695 eadem
2829 1641 3008 1699 sen-

750 1743 1003 1833 tentia,
1040 1740 1184 1814 nisi
1232 1739 1427 1838 quod
1464 1740 1863 1837 imperator
1901 1742 1952 1817 J
1957 1743 2310 1833 aurinum,
2370 1743 2841 1817 Ferdinando
2881 1767 3008 1818 cu·

751 1894 837 1944 ra
890 1868 1069 1943 belli
1127 1868 1539 1954 commissa,
1634 1876 1849 1943 extra
1904 1869 2234 1965 pericula
2307 1871 2486 1943 belli
2541 1870 3003 1945 concederet.

752 1995 902 2071 Sed
932 1992 1347 2084 Germanis,
1388 1993 1612 2067 etiam
1633 1995 2014 2090 egregium
2036 1996 2436 2089 consilium,
2475 1998 2669 2094 quod
2706 1996 2817 2071 illi
2856 2017 3004 2068 non

748 2122 1192 2211 attulissent,
1234 2121 1649 2218 displicere.
1731 2120 2149 2219 Appetente
2189 2147 2370 2219 ergo
2413 2147 2737 2221 vespera
2776 2126 3004 2197 tubae

746 2249 1100 2341 cecinere,
1138 2254 1213 2320 et
1266 2248 1557 2322 XVIII.
1600 2245 1905 2322 Calend.
1949 2247 2253 2323 Octobr.
2292 2272 2433 2325 uno
2491 2250 2606 2325 die
2663 2232 3002 2337 reditum,

747 2377 940 2474 quod
977 2375 1260 2449 duobus
1279 2381 1451 2448 ante
1489 2373 1899 2448 confectum
1936 2375 2197 2450 fuerat.
2241 2374 2512 2450 Castra
2547 2377 2735 2469 urbi,
2774 2384 2848 2450 et
2885 2402 3004 2450 ca·

747 2507 925 2582 stris
980 2502 1254 2579 vallum
1310 2504 1664 2599 fossaque
1722 2504 2210 2600 circumjecta.
2253 2505 2420 2579 Duo
2477 2512 2723 2580 autem
2762 2505 3008 2580 latera

740 2632 1128 2710 Danubius
1167 2638 1241 2705 et
1282 2631 1495 2706 Raba
1534 2626 1858 2729 (Arrabo
1900 2627 2103 2729 olim)
2143 2634 2600 2729 protegebat.

957 2758 1337 2832 Hactenus
1376 2756 1579 2854 prior
1655 2757 2053 2851 exercitus,
2133 2782 2344 2855 quem
2424 2758 2889 2856 Besprimum
2932 2769 3006 2833 et

746 2886 1017 2961 Tatam
1116 2906 1592 2981 expugnasse
1687 2884 2023 2975 diximus,
2117 2884 2190 2958 in
2269 2884 2563 2959 stativis
2675 2860 3002 2968 habitus,

740 3017 791 3091 J
797 3013 1123 3088 aurinum
1164 2989 1588 3094 ,revocatus
1684 3019 1817 3103 est,
1931 3019 2243 3107 quatuor
2315 3011 2608 3085 vexillis
2687 3008 3004 3086 Germa-

741 3163 995 3216 norum
1050 3146 1348 3236 praeter
1402 3145 1799 3213 veteranos
1855 3160 1989 3236 pro
2048 3139 2420 3237 praesidio
2475 3139 2778 3214 relictis.
2848 3138 3000 3211 An-

743 3269 965 3343 dreae
1005 3265 1392 3358 Quilmano
1447 3266 1824 3361 praesecto
1847 3267 2191 3340 mandata
2246 3267 2439 3356 data,
2479 3266 2545 3338 si
2581 3266 2820 3360 hostis
2861 3263 3000 3340 Co-

741 3419 1019 3470 marum
1058 3398 1555 3490 oppugnatum
1593 3392 1898 3486 veniret,
1937 3399 2017 3466 ut
2053 3392 2395 3498 oppidum
2432 3393 2884 3482 incenderet,
2925 3401 2998 3466 et

743 3544 985 3596 arcem
998 3520 1330 3594 omnibus
1353 3518 1636 3592 viribus
1659 3518 2103 3592 defenderet.
2129 3518 2504 3618 Oppidani
2524 3520 2995 3596 lacrimantes

743 3648 1140 3723 exercitum
1178 3652 1672 3722 revertentem
1711 3647 2124 3747 inspexere:
2185 3649 2305 3744 qui
2348 3641 2428 3723 86
2470 3674 2514 3722 8
2555 3657 2749 3723 1116111
2789 3649 2992 3747 prius

746 3775 1139 3849 liberatum
1194 3773 1285 3845 iri
1343 3772 1844 3866 crediderant,
1904 3797 2095 3848 nunc
2146 3774 2484 3850 hostibus
2542 3798 2997 3872 exponeren-

746 3909 883 3976 tur.
923 3900 1070 3975 Per
1108 3921 1240 3973 sex
1333 3907 1406 3974 et
1442 3899 1940 3996 quadraginta
1995 3900 2152 3975 dies
2193 3922 2377 3998 quos
2415 3901 2521 3975 illi
2560 3903 2843 4006 frustra
2877 3899 3002 3975 tri-

743 4051 940 4118 vere,
982 4026 1235 4100 morbo
1276 4032 1495 4123 atque
1537 4027 1631 4101 ab
1672 4027 1885 4101 hoste
1908 4027 2240 4124 plerique
2280 4028 2665 4125 absumpti.
2691 4028 2880 4103 Nam
2918 4027 2997 4099 in

741 4157 998 4229 vineas
1036 4155 1256 4250 paulo
1286 4155 1715 4230 remotiores
1737 4162 2250 4246 commeanteS,
2271 4155 2664 4251 gregarius
2685 4165 2760 4231 et
2796 4156 2998 4230 lixae

742 4281 973 4372 mixti,
1010 4279 1214 4355 nulla
1252 4288 1414 4356 erat
1451 4281 1633 4374 dies,
1692 4283 1864 4379 quin
1905 4284 2110 4358 multi
2168 4285 2705 4381 exciperentur3
2747 4304 2985 4378 neque

745 4431 826 4481 se
868 4406 1092 4480 armis
1151 4407 1565 4502 defendere,
1623 4416 1703 4484 ut
1731 4434 1889 4484 mos
1945 4410 2270 4502 militum,
2327 4410 2460 4484 sed
2516 4411 2777 4505 fugere
2848 4407 2976 4480 ubi

742 4534 1668 4634 hostem-conspexissent,
1725 4545 1851 4613 aut
1905 4537 2216 4634 abjectis
2256 4538 2483 4613 armis
2538 4559 2797 4634 preces
2852 4558 2986 4607 va-
