3293 5219
2358 341 2509 424 381

264 567 559 642 omnino
616 568 1031 666 praestitit,
1072 545 1632 665 maluitqueJUt
1667 568 1863 644 filius
1901 563 2347 666 Byzantium
2393 588 2513 641 au-

260 696 605 788 ferretur,
669 705 744 772 et
799 721 1032 787 arces,
1093 696 1582 771 munitissima
1635 696 1850 793 regni
1892 697 1988 770 ab
2030 695 2301 769 amisso
2341 693 2513 767 Bel-

258 823 495 917 grado
552 825 1130 922 propugnacula,
1175 824 1271 898 ad
1326 824 1534 921 ripas
1593 822 1925 899 Danubii
1965 823 2058 897 ab
2101 820 2502 919 Solymano

260 958 888 1048 expugnarentur,
915 974 1131 1048 quam
1172 950 1451 1050 aliquid
1493 951 1581 1024 de
1620 950 1916 1024 immani
1957 947 2356 1046 cupiditate
2393 970 2506 1021 re-

262 1078 617 1151 mitteret.
641 1077 955 1153 Praeter
995 1078 1183 1153 enim
1224 1076 1684 1175 amplissima
1721 1076 2161 1175 patrimonia
2201 1083 2274 1150 et
2292 1075 2507 1148 uber·

268 1203 437 1277 rimi
478 1205 619 1278 soli
662 1205 1029 1297 ditionem,
1074 1228 1290 1304 quam
1329 1180 1829 1281 Johannes'in
1870 1204 2215 1281 Inferiori
2254 1201 2510 1299 Unga-

258 1330 394 1418 ria,
452 1334 660 1429 'cujus
719 1332 1189 1428 praecipuum
1252 1341 1366 1407 est
1426 1330 2064 1407 Saros-Patakum
2140 1330 2508 1430 oppidum,

259 1456 710 1550 donaverat,
769 1458 1178 1534 latissimas
1237 1467 1310 1534 et
1349 1459 1981 1535 fructuosissimas
2040 1457 2355 1532 ditiones
2414 1458 2509 1531 ab

253 1584 471 1659 clade
510 1584 892 1660 mohacina
935 1595 1455 1684 occupaverat,
1495 1585 2167 1683 Zalonquemenum
2205 1591 2278 1657 et
2302 1581 2504 1657 Petri

259 1710 724 1785 Varadinum
764 1714 974 1809 regia
1033 1713 1333 1811 oppida.
1416 1713 1792 1788 Praefecti
1851 1712 2041 1786 enim
2082 1711 2309 1785 diffisi
2350 1709 2504 1783 suis

260 1836 570 1924 viribus,
594 1835 798 1911 Petri
819 1837 1112 1912 Perenii
1135 1839 1389 1936 copias
1411 1837 1769 1936 praesidii
1799 1860 2025 1911 causa
2049 1842 2505 1934 receperant.

259 1966 530 2059 Itaque
586 1964 733 2039 sibi
787 1966 1084 2041 tandem
1138 1973 1589 2041 reservarat.
1631 1988 1820 2063 quae
1862 1965 2002 2039 duo
2045 1981 2228 2038 sane
2268 1963 2504 2038 vicem

257 2090 1029 2187 propugnaculorum,
1086 2091 1192 2166 uti
1245 2090 1694 2188 Belgradum
1735 2091 1941 2184 olim,
1998 2091 2504 2189 praestabant,

257 2239 351 2288 ne
466 2216 663 2289 intra
770 2217 1185 2313 penetralia
1296 2218 1509 2313 regni
1619 2216 1913 2292 Turcae
2004 2222 2503 2314 penetrarent.

258 2340 548 2432 Quibus
587 2343 902 2435 amissiS,
963 2345 1027 2419 si
1069 2369 1257 2441 quae
1295 2345 1510 2441 regni
1549 2344 1865 2440 alicujus
1907 2344 2285 2419 obtinendi
2326 2364 2502 2441 spes

259 2466 502 2542 adhuc
538 2469 694 2560 fuit,
732 2477 878 2544 tum
914 2473 1068 2567 jam
1112 2480 1312 2547 certe
1354 2471 1694 2546 concidit.
1737 2470 2017 2562 Quodsi
2056 2470 2387 2544 homines
2430 2476 2504 2543 et

258 2617 409 2668 non
466 2594 711 2694 potius
751 2604 1078 2672 monstra
1126 2598 1528 2693 teterrima,
1569 2599 1666 2674 ad
1703 2596 2151 2697 perdendam
2188 2595 2504 2694 patriam

260 2727 463 2812 nata,
507 2744 756 2826 omnes
807 2723 903 2795 ad
943 2724 1331 2798 sanitatem
1375 2725 1516 2799 sibi
1555 2725 1699 2823 ipsi
1738 2725 2068 2800 rationes
2106 2745 2252 2797 non
2289 2743 2500 2820 repu-

260 2847 622 2939 diassent,
677 2855 826 2923 tum
885 2851 1105 2924 etiam
1162 2852 1257 2924 ad
1295 2852 1760 2927 tolerabilem
1801 2858 2072 2925 statum
2110 2848 2356 2924 redire
2391 2872 2505 2924 re·

260 2999 485 3071 gnum
522 2976 906 3072 potuisset,
948 2985 1021 3050 et
1061 2977 1379 3075 aliquam
1405 2979 1720 3075 patriam
1753 2978 1971 3053 nobis
2012 2977 2291 3052 habere
2329 2977 2505 3051 licu-

258 3101 464 3192 isset,
508 3101 649 3176 nisi
690 3102 882 3177 forte
922 3104 1134 3177 fatali
1179 3104 1497 3201 quadam
1534 3104 1891 3180 furiarum
1949 3105 2305 3178 malarum
2346 3102 2502 3199 agi-

255 3227 534 3301 tatione
574 3228 669 3301 ad
693 3228 1057 3304 excidium
1095 3252 1350 3328 usque,
1382 3229 1870 3327 ingratissimi
1895 3228 2500 3322 civeS,teterrimi

260 3354 675 3430 mortalium
712 3357 1045 3443 omnium,
1088 3356 1404 3432 delirare
1443 3357 1875 3432 voluissent.
1899 3354 2000 3430 At
2037 3355 2367 3430 Perenus
2407 3355 2505 3428 ad

262 3481 826 3575 Ferdinandum,
860 3484 1235 3558 immemor
1256 3483 1614 3574 beneficii,
1658 3506 1817 3558 cum
1861 3482 2105 3557 statim
2147 3477 2501 3557 descivis-

269 3614 405 3699 set,
430 3606 695 3683 deinde
718 3609 813 3683 ab
838 3609 1202 3684 Michaffle
1226 3611 1607 3686 Kessereo
1627 3610 1960 3709 palatino
1984 3609 2199 3705 regni
2237 3615 2498 3707 eaptus

261 3741 375 3809 est
429 3758 573 3808 una
632 3758 789 3809 cum
829 3760 1081 3828 uxore,
1123 3743 1198 3811 et
1237 3745 1458 3836 caput
1511 3759 1964 3833 uxoremque
2005 3758 2323 3810 coronae
2362 3759 2489 3832 pa·

256 3862 493 3937 ctione
549 3863 877 3939 redemit.
936 3867 1053 3940 Ita
1109 3888 1385 3941 corona
1410 3867 1672 3942 iterum
1731 3865 1828 3939 ad
1868 3864 1918 3941 J
1925 3863 2281 3940 ohannem
2323 3862 2492 3937 red·

255 3987 339 4062 iit
357 3986 458 4079 *).
517 3988 903 4066 Postremo
968 3998 1215 4066 tamen
1269 4015 1407 4067 nec
1481 3993 1681 4091 apud
1737 3991 2292 4066 Ferdinandum
2330 3988 2483 4086 qui·

466 4361 526 4433 *)
556 4364 797 4422 Istvanfi
813 4366 1099 4438 jegyzete=
1125 4369 1209 4424 Az
1236 4370 1482 4428 koromit
1503 4370 1660 4427 Prini
1691 4369 1957 4427 Peterrel
1986 4371 2333 4443 egyetembe
2362 4384 2493 4425 nem

260 4451 482 4509 Kesers
534 4453 715 4510 Mihal
742 4453 905 4527 fogta
930 4459 1049 4512 volt
1093 4478 1242 4532 meg,
1296 4460 1355 4513 ki
1385 4459 1562 4533 regen
1588 4458 1791 4516 immar
1833 4457 2091 4533 megholt
2118 4459 2262 4528 volt,
2289 4458 2498 4515 hanem

257 4541 355 4613 igy
375 4549 543 4612 esett,
582 4545 735 4618 hogy
779 4545 939 4602 Prini
988 4546 1164 4604 Peter
1212 4549 1427 4616 latvau,
1475 4551 1630 4624 hogy
1693 4548 1896 4605 immar
1941 4549 2125 4621 Valpo
2177 4546 2406 4604 Soklios
2435 4547 2499 4605 es

261 4631 447 4703 egyeb
476 4630 751 4690 varaiban
780 4652 911 4708 meg
964 4654 1091 4692 nem
1119 4639 1435 4711 maradhat,
1464 4642 1637 4697 akart
1677 4638 2100 4714 Stin-ospatakra
2144 4636 2333 4695 menni
2363 4636 2500 4700 fele·
