3293 5219
834 251 987 330 118

834 471 1461 569 praecipitemque
1479 470 1556 545 in
1577 470 1831 547 fossas
1853 490 2108 566 agere;
2126 476 2504 567 postremo
2523 471 2651 546 ubi
2669 494 2809 547 nec
2824 471 3085 571 ignem

832 597 1254 692 reprimere,
1279 621 1416 671 nec
1452 597 1799 695 oppidum
1838 595 2181 694 amplum,
2222 604 2297 669 et
2331 596 2841 694 frequentibus
2879 599 3091 683 bom·

835 725 1229 800 bardarum
1265 724 1534 799 ictibus
1574 725 1919 814 lacerum,
1976 722 2137 797 sine
2194 746 2466 819 magna
2521 745 2820 802 suorum
2860 725 3085 801 clade

833 851 1144 927 ulterius
1221 850 1619 925 defendere
1693 871 1920 947 posse
1995 849 2610 943 animadvertunt,
2678 874 2826 949 qua
2881 853 3091 928 hosti

833 982 1177 1059 introitus
1233 975 1525 1052 facilior
1568 977 2002 1075 putabatur,
2064 975 2371 1075 pulvere
2408 978 2917 1072 tormentario,
2975 1002 3096 1055 ce-

834 1121 1145 1206 teraque
1181 1105 1258 1179 id
1295 1126 1531 1200 genus
1598 1103 2003 1202 sulphurea
2057 1102 2371 1178 materia
2423 1102 2902 1203 inspergunt,
2965 1107 3096 1182 de-

841 1260 1083 1333 super,
1110 1254 1251 1331 quo
1274 1232 1512 1306 visum
1530 1231 1900 1322 fallerent,
1922 1230 2351 1306 stramentis
2374 1239 2792 1329 contegunt;
2830 1233 3100 1332 fugam

844 1362 1015 1437 inde
1073 1358 1392 1434 subitam
1451 1358 1527 1432 in
1587 1379 1838 1432 arcem
1887 1356 2256 1443 simulant,
2337 1380 2428 1431 ac
2503 1349 2848 1433 hostibus
2905 1360 3094 1435 libe-

840 1511 998 1563 rum
1038 1485 1315 1560 aditum
1352 1483 1803 1582 permittunt.
1865 1480 2081 1573 Quod
2116 1482 2227 1558 illi
2265 1481 2943 1560 animadvertentes
2985 1486 3096 1561 in·

837 1610 1171 1689 credibili
1210 1610 1597 1718 confestim
1632 1610 1910 1707 impetu
1947 1610 2396 1708 irrumpunt3
2433 1616 2832 1708 postquam
2875 1612 3094 1711 peni-

838 1749 956 1815 tus
1011 1740 1085 1812 in
1143 1737 1457 1812 medium
1531 1739 1892 1813 substrati
1946 1737 2147 1834 ignis
2204 1738 2788 1837 processissent,
2847 1741 3096 1820 nostri

837 1865 1221 1942 materiam
1259 1866 1503 1940 subito
1559 1864 2053 1942 inflammant,
2115 1867 2355 1962 gradu
2403 1865 2666 1941 deinde
2703 1889 3097 1951 converso,

837 1993 1318 2068 infestissimo
1354 1993 1430 2066 in
1469 1994 1756 2069 hostem
1815 1993 2108 2087 agmine
2143 1974 2462 2086 irruunt;
2500 1994 2630 2069 ille
2667 1995 2941 2092 partim
2986 1996 3086 2071 ob

842 2120 1365 2196 circumdatum
1400 2120 1673 2216 ignem,
1708 2121 1976 2218 partim
2009 2127 2428 2197 nostrorum
2468 2121 2703 2196 aciem
2738 2121 3094 2197 insisten-

835 2256 1003 2341 tem,
1040 2248 1118 2321 in
1152 2245 1720 2344 trepidationem
1779 2248 2157 2341 conjectus
2213 2256 2432 2343 terga
2484 2249 2729 2335 vertit,
2767 2249 3091 2325 nostris·

838 2398 978 2471 que
1014 2373 1600 2472 pertinacissime
1624 2372 2203 2470 insequentibus,
2226 2374 2592 2470 insignem
2614 2375 2705 2450 de
2742 2397 2825 2450 se
2863 2397 3090 2473 prae-

842 2500 999 2573 buit
1053 2499 1458 2573 victoriam.
1553 2497 1859 2573 Periere
1917 2499 2058 2572 hac
2114 2501 2666 2599 oppugnatione
2722 2525 2815 2576 ex
2851 2502 3094 2576 turcis

840 2628 1135 2702 circiter
1176 2627 1576 2724 quingenti,
1597 2626 1804 2701 multi
1826 2626 2227 2703 lethalibus
2249 2628 2678 2704 vulneribus
2718 2630 3077 2727 acceptis,

839 2751 1072 2827 saucii
1127 2759 1519 2849 postquam
1576 2753 2087 2842 revertissent,
2163 2751 2476 2850 periere.
2584 2754 2734 2830 Ubi
2804 2756 3083 2831 ceteris

843 2878 1131 2976 quidem
1172 2900 1265 2951 ex
1321 2877 1539 2951 animi
1597 2878 1969 2953 sententia
2023 2879 2609 2965 succedentibus,
2671 2904 2891 2956 unum
2949 2905 3082 2956 no-

840 3003 1017 3079 stris
1054 3024 1328 3099 magno
1384 3002 1820 3079 detrimento
1878 3005 2124 3095 cessit,
2203 3005 2393 3102 quod
2455 3006 2725 3105 oppido
2785 3008 3082 3083 absum-

838 3139 937 3222 to‚
1011 3131 1085 3203 in
1143 3151 1384 3202 arcem
1461 3153 1621 3204 cum
1679 3130 2031 3207 universa
2084 3130 2472 3217 hominum,
2560 3155 2743 3230 quos
2810 3135 3086 3231 partim

847 3265 1080 3345 aetas,
1138 3255 1410 3354 partim
1470 3258 1815 3333 valetudo
1870 3258 2312 3357 impotentes
2366 3260 2915 3335 tractandorum
2975 3285 3091 3337 ar·

840 3405 1120 3459 morum
1213 3381 1534 3473 fecerat,
1629 3383 2090 3458 multitudine
2182 3384 2739 3476 concedendum,
2836 3386 3092 3485 ibique

837 3512 912 3584 in
971 3506 1273 3583 summis
1350 3530 1591 3582 rerum
1671 3510 1983 3584 omnium
2077 3510 2442 3606 angustiis
2530 3519 2863 3587 extrema
2939 3515 3088 3589 cui·

839 3658 981 3734 que
1037 3655 1206 3709 sors
1264 3635 1769 3732 exspectanda
1843 3643 2026 3710 erat.
2085 3635 2252 3711 Hoc
2322 3660 2567 3712 rerum
2625 3645 2824 3713 statu
2886 3639 3085 3737 apud

843 3760 1303 3858 Sigetienses
1371 3762 1799 3850 exsistente,
1858 3763 2142 3837 exactis
2198 3764 2573 3862 palatinus
2629 3766 2824 3864 apud
2864 3763 3086 3840 Oani-

840 3912 1000 3963 sam
1035 3908 1321 3975 novem,
1361 3894 1443 3961 ut
1494 3888 1982 3984 praemissum
2037 3896 2173 3975 est,
2234 3888 2513 3980 diebus,
2553 3890 2836 3965 decimo
2875 3914 3083 3967 coac-

845 4015 942 4088 tis
980 4014 1055 4086 in
1092 4034 1310 4086 unum
1352 4014 1687 4088 omnibus
1725 4015 2100 4090 nationum
2147 4023 2295 4090 tam
2337 4017 2823 4113 equestribus,
2864 4039 3081 4115 quam

841 4137 1314 4239 pedestribus
1355 4140 1587 4237 copiis
1626 4141 1769 4215 iter
1826 4142 2252 4237 ingressuS,
2313 4143 2598 4238 quartis
2653 4142 3085 4219 Babocham

842 4288 1113 4356 arcem,
1151 4266 1350 4340 hosti
1389 4290 1578 4341 anno
1617 4269 2021 4365 praeterito
2054 4294 2100 4343 a
2134 4270 2410 4344 nostris
2451 4268 2788 4361 deditam,
2811 4272 3082 4346 castris

840 4396 977 4470 sub
1034 4392 1408 4468 meridiem
1484 4395 1859 4492 pervenit,
1934 4393 2438 4493 repulsisque,
2498 4395 2620 4492 qui
2676 4396 3081 4472 levioribus

840 4521 1145 4620 praeliis
1184 4542 1344 4593 cum
1382 4524 1657 4598 nostris
1679 4523 2121 4598 decertaturi
2162 4523 2456 4600 obviam
2497 4525 3075 4624 processissent,
