3293 5219
2283 280 2434 359 105

236 505 630 574 onustorum
684 496 1124 596 Byzantium
1180 498 1503 571 miserat.
1593 494 1748 594 Aly
1781 498 2013 572 bassa
2064 497 2318 574 mirari
2357 520 2442 575 se

239 626 345 716 ait,
365 631 641 700 tantum
683 625 778 697 ab
799 623 1150 701 moderno
1173 623 1557 721 praefecto
1588 624 1777 720 cogi,
1817 624 1942 720 qui
1977 623 2143 722 ipse
2181 624 2448 700 duode-

228 750 343 825 cim
383 751 593 826 annis
612 749 1160 848 praefecturam
1179 758 1456 842 tenens,
1494 756 1808 846 quatuor
1846 758 1919 823 et
1956 749 2222 846 viginti
2258 773 2447 825 sum-

227 899 390 949 mam
432 875 796 950 excedere
852 898 997 949 non
1037 873 1398 971 potuerit3
1464 896 1645 970 ergo
1686 874 2048 970 reliquum
2085 899 2219 974 per
2258 899 2444 951 sum-

234 1024 400 1074 mam
437 1001 899 1076 subditorum
937 1000 1282 1097 injuriam
1325 1004 1775 1073 contractum
1817 1022 2007 1073 esse.
2058 998 2329 1075 Amhat
2365 1023 2449 1075 se

229 1126 551 1221 judicium
588 1127 841 1202 facere
880 1149 1025 1201 non
1091 1148 1317 1225 posse
1374 1124 1776 1223 respondit,
1855 1149 2016 1201 cum
2089 1125 2452 1202 hactenus

232 1274 270 1323 a
301 1275 669 1350 quoquam
707 1250 1097 1351 peculatus
1155 1258 1544 1326 accusatus
1584 1274 1730 1325 non
1788 1260 2009 1344 esset,
2064 1276 2303 1350 neque
2353 1253 2450 1328 ad

231 1373 679 1476 Solymanum
756 1383 929 1452 ante
986 1399 1070 1450 se
1107 1377 1407 1450 referre.
1484 1374 1640 1474 Aly
1698 1376 1990 1472 quando
2027 1378 2190 1475 ipse
2238 1376 2442 1471 nolit,

235 1527 306 1578 se
368 1504 767 1579 relaturum
824 1503 1231 1602 profitetur.
1341 1500 1661 1576 Peracto
1717 1499 1986 1577 divano
2062 1503 2158 1577 ad
2235 1500 2449 1600 Soly-

230 1654 498 1705 manum
536 1630 860 1722 veniunt,
938 1635 1011 1703 et
1048 1653 1185 1727 pro
1242 1650 1446 1703 more
1513 1626 1809 1719 Amhat,
1871 1649 2061 1724 quae
2117 1628 2191 1701 in
2250 1628 2456 1703 diva-

229 1777 309 1829 no
349 1762 512 1829 acta
568 1755 739 1846 sint,
816 1754 1064 1845 refert,
1123 1750 1276 1851 Aly
1332 1752 1528 1843 item,
1582 1774 1781 1847 quae
1839 1774 2066 1849 supra
2104 1751 2439 1827 diximus.

229 1877 434 1955 Paulo
510 1887 683 1979 post
739 1881 1003 1954 iterum
1061 1876 1506 1975 Solymanus
1547 1883 1893 1973 equestre
1934 1875 2315 1952 consilium
2367 1878 2442 1952 in

234 2030 466 2105 campo
538 2031 675 2106 pro
754 2029 977 2097 more,
1037 2004 1231 2102 quod
1271 2004 1346 2078 in
1402 2002 1809 2101 maJoribus
1865 2003 2090 2078 rebus
2164 2009 2457 2079 tantum

233 2140 294 2205 et
349 2131 726 2229 sigillatim
804 2130 1124 2206 vezirios
1181 2130 1666 2227 colloquendo
1723 2128 1886 2203 fieri
1963 2129 2177 2219 solet,
2252 2129 2445 2225 agit3

231 2262 294 2329 et
343 2254 649 2331 Amhato
708 2256 1128 2332 mandatum
1188 2253 1335 2347 dat,
1374 2262 1454 2330 ut
1508 2254 2019 2330 Dobricenses
2071 2252 2450 2351 utriusque

233 2402 450 2470 sexus,
489 2383 872 2479 omnisque
931 2382 1204 2457 aetatis
1264 2381 1359 2455 ad
1396 2404 1616 2456 unum
1674 2402 1910 2476 usque
1963 2379 2222 2454 ultimo
2281 2402 2450 2479 sup-

230 2506 428 2604 plicio
449 2507 806 2599 afficeret,
826 2516 1247 2607 propterea,
1271 2508 1465 2606 quod
1487 2506 2292 2604 Pseudo-Mustapham
2309 2528 2455 2581 non

236 2632 428 2708 modo
479 2634 915 2732 receperint,
973 2633 1111 2708 sed
1166 2634 1385 2708 etiam
1444 2633 1677 2732 copiis
1716 2633 2068 2730 juverint.
2129 2633 2271 2707 Ille
2307 2631 2452 2707 sibi

225 2760 476 2853 justum
512 2782 658 2834 non
696 2758 934 2833 videri
975 2759 1098 2850 ait,
1134 2765 1216 2832 ut
1251 2758 1571 2833 feminae
1591 2782 1681 2833 ac
1716 2758 1949 2856 pueri,
1988 2755 2288 2832 imbelle
2326 2781 2453 2855 ge-

235 2905 372 2974 nus,
455 2884 1022 2977 trucidarentur,
1080 2883 1212 2957 sed
1304 2883 1355 2956 ii
1394 2884 1556 2976 soli,
1613 2884 1739 2980 qui
1787 2884 1881 2956 ob
1939 2884 2245 2959 allatum
2285 2905 2456 2980 qua-

233 3008 561 3109 lecunque
619 3010 1027 3085 subsidium
1083 3034 1229 3085 non
1304 3011 1664 3085 immerito
1724 3010 2015 3108 culpam
2070 3010 2451 3099 haberent,

235 3158 310 3209 ac
340 3159 638 3234 poenam
700 3138 793 3212 ob
829 3136 907 3210 id
944 3143 1446 3230 mererentur3
1524 3145 1596 3212 et
1652 3132 1971 3232 subjecit
2024 3137 2166 3213 hoc
2221 3138 2457 3214 consi-

236 3260 391 3337 lium
427 3266 517 3338 ab
554 3263 990 3339 mulieribus
1031 3264 1438 3360 profectum
1496 3287 1577 3338 se
1636 3287 2064 3361 agnoscere.
2119 3261 2459 3361 Solyma-

234 3409 354 3461 nus
388 3389 562 3463 nihil
599 3390 697 3462 ad
736 3413 844 3482 ea,
901 3388 1174 3463 tacitus
1233 3413 1360 3464 ore
1400 3397 1623 3487 atque
1680 3399 1919 3486 gestu,
1958 3391 2453 3488 perturbatus.

241 3512 330 3585 At
381 3513 447 3587 in
500 3515 837 3612 proximo
898 3515 1164 3589 divano
1222 3515 1587 3611 ingressis
1626 3515 1722 3588 ad
1774 3538 1855 3588 se
1914 3513 2190 3606 viziris,
2265 3535 2453 3588 sum-

116 3625 121 3630 ’
236 3660 340 3712 mo
375 3639 837 3715 ostiariorum
913 3641 1402 3737 (capy-agam
1455 3637 1746 3736 vocant)
1815 3637 2176 3714 accersito
2240 3638 2457 3736 jubet

240 3761 392 3855 quid
444 3763 603 3839 fieri
659 3761 859 3855 velit,
918 3764 1042 3860 qui
1118 3762 1517 3839 Amhatum
1578 3767 1972 3840 abeuntem
2027 3788 2229 3839 more
2287 3786 2453 3838 con-

243 3893 431 3961 sveto
467 3911 614 3963 ase
637 3888 980 3964 celeriter
1019 3899 1342 3982 revocat,
1383 3898 1456 3965 et
1493 3914 1661 3966 mox
1701 3891 2144 3989 strangulat.
2187 3887 2452 3965 Modus

235 4008 341 4083 hic
366 4020 471 4088 est
511 4015 894 4090 occidendi
917 4041 935 4101 ς
993 4015 1403 4113 proximam
1425 4016 1522 4091 ad
1544 4015 2029 4114 Solymanum
2055 4014 2452 4090 habitatio-

239 4157 381 4210 nem
397 4141 565 4216 muti
586 4148 663 4215 et
681 4140 903 4216 iidem
942 4141 1254 4216 eunuchi
1296 4142 1645 4235 obtinent,
1670 4165 1757 4216 ac
1775 4139 2181 4215 ministeria
2201 4137 2412 4214 dome
2427 4187 2452 4198 -

246 4260 409 4337 stica
428 4265 814 4340 conficiunt
835 4292 851 4359 ς
877 4267 950 4340 in
975 4266 1303 4341 secunda
1321 4275 1540 4364 porta
1559 4266 1891 4366 proxime
1911 4288 2210 4358 murum,
2232 4263 2451 4338 sedes

245 4392 346 4457 est
377 4388 464 4461 ad
517 4414 672 4465 eam
712 4416 868 4466 rem
929 4391 1315 4491 disposita,
1370 4400 1449 4467 ut
1505 4392 1916 4488 quicunque
1974 4390 2069 4465 ad
2125 4413 2287 4464 eam
2326 4389 2461 4464 de-·

247 4507 480 4588 ductus
513 4516 751 4609 fuerit,
793 4518 1283 4595 certissimum
1341 4518 1438 4593 sit
1475 4517 1791 4615 amplius
1831 4539 1978 4592 non
2016 4538 2442 4610 evasurum3
