3293 5219
806 299 963 385 206

802 532 1033 600 tatum
1091 531 1208 598 est
1242 520 1533 616 magnis
1587 520 1872 595 viribus
1932 528 2006 595 et
2061 545 2335 616 magna
2391 521 2773 596 amborum
2812 516 3078 596 caede.

799 649 1086 726 Eodem
1143 670 1432 745 quoque
1486 644 1605 720 die
1687 648 1963 721 vallum
2020 645 2584 721 christianorum
2673 653 3075 742 utrumque

805 781 1309 873 oppugnatum
1376 780 1511 845 est.
1589 771 1871 846 Verum
1946 779 2194 846 tamen
2267 771 2732 846 incumbente
2809 768 3071 845 hostili

804 899 1134 975 exercitu
1201 900 1414 995 jubet
1490 896 1816 973 Alvarus
1865 896 2136 971 milites
2213 898 2491 973 sensim
2546 897 3071 1005 retrocedere3

796 1049 1027 1124 quare
1066 1026 1350 1100 vallum
1395 1023 1582 1098 illud
1616 1022 2036 1114 rotundum,
2080 1024 2274 1119 quod
2292 1031 2555 1120 puteos
2595 1023 3073 1115 defendebat,

801 1160 876 1226 et
929 1152 1164 1240 fossa,
1229 1173 1448 1246 quam
1506 1148 1844 1241 diximus,
1904 1146 2124 1224 simul
2197 1148 2533 1225 hostibus
2610 1149 2862 1224 cessit.
2946 1151 3069 1223 Ita

801 1277 1205 1373 aquatione
1232 1278 1391 1370 jam
1422 1275 1727 1372 ‚perdita
1783 1274 1881 1348 ad
1920 1275 2308 1365 cisternas,
2347 1274 2641 1371 magnis
2700 1274 3068 1350 custodiis

807 1402 1183 1496 adhibitis,
1206 1410 1322 1476 est
1342 1408 1655 1477 ventum.
1680 1399 2176 1477 Germanicae
2196 1387 2491 1497 qnidam
2528 1401 2875 1493 nationis,
2916 1401 3071 1475 dul·

805 1551 931 1604 ces
972 1550 1210 1625 aquas
1251 1550 1422 1602 sese
1459 1536 1890 1625 reperturos
1948 1536 2409 1626 receperunt,
2467 1549 2606 1604 nec
2641 1551 2920 1624 magno
2962 1524 3065 1600 la·

802 1655 985 1729 bore
1013 1658 1460 1750 aperuerunt
1479 1675 1713 1729 venas
1736 1638 1975 1750 aquae
1996 1676 2251 1728 verum
2264 1652 2864 1729 salsae.Parcius
2880 1676 3065 1746 ergo

798 1801 1011 1876 aqua
1050 1785 1259 1852 certa
1315 1800 1663 1854 mensura
1718 1779 1794 1853 in
1832 1778 2081 1875 capita
2146 1778 2752 1869 distribuebatur,
2793 1785 2876 1852 ut
2916 1801 3061 1853 uno

811 1904 929 1978 die
1004 1903 1299 1979 sirocho
1357 1904 1877 1985 ardentissimo
1951 1903 2215 1996 flante,
2312 1904 2580 2002 spiritu
2626 1901 2932 1977 tabifico
2994 1912 3069 1976 61

809 2027 937 2105 siti
975 2050 1296 2127 corpora
1321 2030 1895 2122 resolverentur,
1937 2029 2345 2125 mortuique
2395 2051 2624 2126 supra
2661 2027 3067 2123 sexaginta

808 2153 1100 2228 fuerint.
1178 2153 1417 2245 Quam
1481 2156 1576 2229 ob
1633 2177 1788 2229 rem
1862 2153 2319 2230 trierarchae
2397 2162 2711 2251 quatuor
2747 2153 3068 2228 triremi-

803 2304 944 2373 um,
985 2303 1176 2377 quae
1215 2281 1290 2356 in
1328 2291 1618 2380 portum
1681 2283 2072 2377 ingressae
2151 2304 2234 2356 se
2264 2281 2782 2372 salvaverant,
2821 2280 3065 2379 prius·

806 2430 1028 2504 quam
1067 2430 1263 2505 aqua
1337 2417 1411 2484 et
1467 2432 1659 2506 pane
1736 2409 2031 2484 nautico
2092 2407 2686 2499 destituerentur,
2745 2430 2883 2504 per
2924 2432 3064 2482 me-

809 2532 1009 2607 diam
1067 2534 1383 2611 classem
1443 2535 1765 2611 evadere
1815 2541 2254 2628 statuerunt,
2315 2534 2439 2631 qui
2475 2535 2552 2609 in
2590 2533 2924 2609 secunda
2961 2534 3063 2605 vi-

801 2658 989 2755 gilia
1045 2660 1389 2759 Neptuno
1448 2684 1532 2736 se
1591 2662 2125 2738 committentes
2180 2662 2257 2735 in
2329 2668 2582 2754 tutum,
2658 2667 3065 2757 antequam

803 2783 1406 2881 persentirentur,
1443 2793 1976 2892 pervaserunt,
1999 2807 2309 2881 quarum
2340 2792 2588 2859 tamen
2624 2806 2771 2859 una
2809 2784 2911 2857 ab
2953 2806 3065 2858 ce-

801 2909 984 2983 teris
1062 2915 1413 3006 aquatum
1504 2908 1885 3005 proficisci
1959 2916 2217 2985 coacta
2272 2909 2347 2982 in
2436 2909 2606 3005 ipsa
2661 2909 3062 3005 aquatione

807 3042 1030 3132 capta
1069 3042 1207 3129 est,
1265 3034 1644 3111 redierunt
1678 3036 2013 3133 reliquae
2049 3036 2124 3109 in
2162 3034 2800 3110 christianitatem.
2877 3035 3067 3109 Tur·

805 3159 913 3234 cis
952 3181 1132 3233 vero
1152 3183 1246 3235 ex
1266 3158 1530 3235 Africa
1551 3160 1832 3236 affatim
1854 3160 2304 3259 suppetebat
2334 3182 2648 3254 annona,
2667 3159 2805 3234 sed
2840 3183 3060 3258 prae-

800 3284 1055 3360 sertim
1132 3285 1740 3361 subministrante
1779 3307 1959 3383 rege
2016 3294 2391 3379 tunetano,
2469 3295 2544 3360 et
2578 3284 3055 3384 promittente

802 3418 1149 3507 quantum
1187 3433 1423 3508 usque
1485 3413 1583 3488 ad
1621 3412 1896 3489 exitum
1953 3411 2135 3486 belli
2195 3419 2316 3487 sat
2348 3412 2564 3487 foret.
2604 3411 2658 3487 J
2662 3434 2783 3485 am
2823 3414 3056 3488 multa

805 3544 1021 3611 erant
1074 3538 1272 3613 facta
1309 3540 1620 3636 praelia,
1650 3547 1727 3614 et
1797 3537 2181 3613 tormentis
2256 3560 2390 3634 per
2447 3537 2695 3612 omnia
2747 3538 2918 3611 loca
2953 3539 3056 3611 fe-

814 3661 1218 3757 riebantur,
1257 3663 1449 3739 muri
1485 3664 1706 3739 etiam
1742 3662 2213 3760 undiquaque
2252 3661 2711 3739 validissime
2749 3682 3060 3758 quassa-

800 3787 1095 3880 bantur,
1152 3788 1287 3863 sed
1325 3790 1568 3865 omnia
1621 3790 1957 3887 pericula
2015 3791 2425 3888 superabat
2480 3811 2718 3885 aquae
2775 3788 3056 3886 inopia,

811 3936 999 4010 quae
1056 3922 1137 3990 ut
1192 3914 1467 3991 diutius
1526 3916 1869 4010 duraret,
1957 3916 2286 3992 Alvarus
2328 3913 2644 3990 sollicite
2723 3915 3056 3989 curabat.

798 4038 1031 4116 Forte
1068 4040 1522 4116 intellectum
1560 4049 1677 4117 est
1716 4041 1811 4116 ab
1852 4065 1939 4117 eo
2017 4041 2382 4140 quendam
2421 4039 2751 4131 siculum,
2789 4061 3056 4117 nomen

797 4172 962 4241 erat
1037 4165 1481 4242 Sebastiano
1542 4166 1632 4241 de
1690 4166 2013 4259 Pollere,
2072 4166 2503 4263 promittere
2548 4165 2915 4240 facturum
2973 4187 3054 4239 se

798 4316 892 4368 ex
949 4316 1146 4391 aqua
1201 4294 1489 4369 marina
1547 4273 1852 4387 dulcem,
1913 4303 1987 4370 et
2043 4293 2272 4370 nihilo
2332 4291 2773 4367 deteriorem
2835 4315 3053 4388 quam

793 4419 933 4496 fuit
968 4427 1353 4519 puteorum
1408 4421 1867 4498 amissorum.
1926 4420 2258 4498 Alvarus
2335 4419 2698 4495 accersito
2739 4418 3054 4508 homine,

799 4545 866 4618 si
905 4552 1190 4621 tantum
1234 4570 1471 4644 aquae
1503 4548 1872 4646 praebere
1893 4555 2177 4647 posset,
2220 4554 2567 4644 quantum
2605 4549 3055 4643 suppeteret,
