3293 5219
2361 302 2525 385 207

273 530 350 598 ut
391 520 678 620 quidem
720 515 881 619 ipse
918 520 1328 618 pollicetur,
1391 507 1764 599 dimidium
1803 524 2120 600 omnium
2156 525 2512 601 bonorum

265 670 566 723 suorum
604 647 1036 723 donaturum
1076 649 1312 737 offert,
1355 657 1430 723 et
1467 648 1564 721 ab
1604 672 1786 745 rege
1822 651 2215 725 maximam
2233 674 2511 727 recom-

261 797 569 869 pensam
591 783 1084 873 accepturum.
1155 777 1445 850 Inventi
1485 798 1773 873 quoque
1796 786 1965 853 sunt
1986 778 2346 867 Alemani,
2388 779 2509 875 qui

263 900 668 975 alembicos
685 902 1043 975 conficere
1060 899 1363 997 scirent3
1389 909 1463 976 et
1484 902 1919 998 conquisitis
1958 904 2323 979 lebetibus
2345 903 2514 979 ahe-

261 1027 424 1101 neis
445 1025 760 1100 confecti
781 1034 952 1100 sunt
1008 1026 1430 1118 octodecim,
1472 1027 1741 1124 quibus
1763 1028 2292 1104 extrahebatur
2314 1052 2508 1126 aqua

262 1151 358 1225 ad
371 1151 769 1227 bibendum
782 1152 1161 1228 commoda
1174 1160 1247 1227 et
1266 1153 1545 1249 puteali
1559 1155 1911 1252 sapidior;
1932 1178 2078 1229 non
2096 1162 2390 1253 poterat
2405 1163 2511 1230 ta-

263 1300 428 1351 men
439 1280 814 1374 praestari
833 1287 1040 1354 tanta
1051 1280 1187 1371 vis,
1207 1288 1555 1377 quantam
1566 1282 2029 1376 promiserat.
2042 1282 2335 1354 Etenim
2364 1303 2507 1354 uno

262 1402 403 1491 die,
479 1403 772 1499 quando
811 1404 1201 1500 plurimum
1237 1406 1538 1497 faceret,
1570 1407 1890 1503 quinque
1930 1414 2003 1481 et
2040 1406 2349 1502 triginta
2383 1430 2508 1480 va-

261 1550 348 1601 sa
385 1530 684 1604 nautica
757 1530 1227 1626 adimplebat,
1249 1531 1619 1606 ordinarie
1672 1554 1845 1606 vero
1905 1532 2223 1628 quinque
2279 1539 2353 1605 et
2409 1531 2509 1603 vi·

264 1652 472 1746 giuti,
514 1676 660 1728 non
717 1657 1054 1753 amplius.
1079 1657 1571 1732 Nihilominus
1667 1682 1938 1755 magno
1995 1658 2134 1731 fuit
2189 1655 2504 1747 auxilio;

260 1799 574 1873 namque
613 1780 1069 1876 singulorum
1090 1780 1372 1857 dierum
1410 1805 1605 1879 aqua
1640 1780 2051 1879 purificata,
2089 1782 2263 1856 item
2305 1780 2505 1876 quin-

263 1905 621 1999 quaginta
659 1929 846 1981 vasa
883 1929 1119 2004 aquae
1161 1905 1412 1981 salsae
1447 1915 1839 2004 puteorum
1869 1908 1944 1981 in
1982 1929 2153 1981 arce
2193 1928 2506 1980 excava-

257 2044 520 2125 torum,
579 2024 689 2132 ac}
743 2040 1026 2108 centum
1085 2055 1178 2107 ex
1253 2034 1577 2107 cisterna
1616 2033 2116 2108 miscebantur
2173 2032 2366 2105 inter
2404 2052 2508 2123 se,

262 2182 450 2255 quae
492 2159 723 2233 mixta
758 2157 962 2256 potui
998 2165 1364 2255 utcunque
1421 2157 1839 2234 tolerabilis
1906 2180 2041 2253 pro
2080 2155 2215 2232 illa
2252 2179 2505 2231 neces-

262 2286 485 2361 sitate
544 2285 959 2361 videbatur.
1021 2285 1345 2376 Etenim,
1407 2285 1601 2382 quod
1638 2284 1819 2360 nulli
1876 2306 2197 2380 unquam
2235 2290 2501 2356 morta-

262 2411 435 2487 lium
476 2410 729 2504 defuit,
767 2411 844 2484 id
933 2418 1085 2485 tum
1143 2409 1604 2485 carissimum
1642 2410 1800 2484 fuit.
1879 2408 2172 2484 Nobilis
2213 2406 2508 2504 quidam

262 2538 397 2612 fuit
437 2538 893 2626 lombardus,
934 2536 1058 2634 qui
1106 2535 1621 2634 patrimonium
1653 2544 1882 2612 totum
1921 2535 2312 2611 multorum
2350 2533 2506 2607 mil-

263 2663 436 2738 lium
476 2663 854 2755 donasset,
895 2661 1020 2759 qui
1074 2662 1219 2737 sibi
1256 2671 1538 2738 tantum
1559 2663 1702 2739 soli
1743 2683 2008 2759 aquam
2029 2661 2125 2736 ad
2163 2658 2508 2740 saturita-

257 2789 801 2868 temobsidione
825 2789 1133 2864 durante
1152 2789 1646 2885 praebuisset.
1671 2787 1843 2863 Una
1882 2808 2225 2861 mensura
2264 2797 2505 2880 aquae

263 2917 556 3007 mixtae,
600 2916 797 3013 quod
853 2924 1017 2991 erat
1071 2923 1375 3009 tantum,
1398 2923 1748 3013 quantum
1768 2937 1910 2989 uno
1933 2922 2109 3013 potu
2130 2904 2506 2987 exhauriri

259 3050 571 3140 poterat,
609 3042 787 3117 lixis
883 3066 972 3116 ac
1010 3042 1397 3118 calonibus
1455 3042 1728 3116 viritim
1778 3040 2114 3130 dabatur,
2154 3036 2506 3141 militibus

262 3169 579 3267 duplum.
642 3169 972 3266 Tempus
1008 3168 1085 3243 in
1177 3167 1510 3245 canicula
1564 3164 2177 3255 ardentissimum,
2233 3169 2307 3237 et
2345 3166 2507 3235 erat

263 3304 480 3370 noctu
516 3293 1023 3385 laborandum,
1082 3292 1399 3368 interdiu
1454 3293 1530 3366 in
1571 3293 1730 3367 sole
1785 3288 2332 3366 ferventissimo
2370 3309 2499 3385 pu-

265 3421 679 3518 gnandum3
720 3420 936 3515 panis
995 3441 1190 3515 aqua
1252 3421 1457 3494 salsa
1514 3425 1796 3510 coctus3
1856 3417 2208 3492 alimenta
2263 3412 2506 3487 omnia

263 3550 489 3638 salsa,
527 3552 783 3644 utpote
822 3567 1109 3636 carnes,
1148 3545 1418 3642 pisces,
1463 3555 1727 3619 caseus
1750 3567 1839 3618 ac
1877 3542 2272 3639 legumina,
2315 3559 2505 3635 quae

263 3671 527 3747 elixati
565 3672 768 3748 nullo
790 3670 1002 3745 modo
1061 3677 1427 3769 poterant.
1489 3670 1660 3745 Non
1709 3668 1924 3743 modo
1967 3689 2145 3763 ergo
2185 3664 2331 3756 siti,
2370 3662 2504 3738 sed

264 3799 480 3873 etiam
519 3799 718 3874 fame
795 3797 1282 3887 laborabant3
1344 3804 1417 3870 et
1473 3804 1719 3870 tamen
1756 3816 1849 3868 ne
1909 3792 2108 3866 sitim
2148 3795 2510 3885 augerent

259 3947 348 3997 ex
388 3922 627 3998 edulio
667 3945 913 3997 rerum
949 3921 1351 4010 salitarum‚
1407 3922 1651 4021 potius
1688 3921 1960 3994 famem
1993 3915 2494 4015 patiebantur3

265 4049 612 4147 multique
669 4049 997 4147 quotidie
1054 4049 1575 4141 moriebantur,
1635 4056 1710 4122 et
1769 4044 1999 4140 aliqui
2055 4038 2502 4117 ambulando

265 4176 334 4250 in
375 4184 643 4252 terram
684 4179 1015 4268 ruebant,
1058 4201 1147 4251 ac
1183 4184 1361 4272 potu
1417 4197 1655 4271 aquae
1694 4171 2249 4262 reficiebantur3
2286 4165 2504 4264 pleri-

263 4324 401 4398 que
467 4313 713 4379 tamen
752 4304 1393 4400 extinguebantur.
1459 4299 1581 4375 Ad
1617 4301 1806 4375 haec
1862 4317 2113 4372 omnes
2151 4293 2374 4368 duces
2415 4315 2503 4364 ac

266 4432 684 4525 praefectos
708 4438 1174 4505 sacramento
1195 4429 1612 4521 obstrinxit,
1637 4449 1807 4501 sese
1835 4430 2085 4523 justas
2124 4421 2505 4520 portiones

265 4577 397 4650 pro
455 4578 754 4632 numero
805 4557 1108 4634 militum
1157 4562 1631 4655 accepturos3
1693 4561 2018 4629 attamen
2076 4548 2504 4646 urgentissi-
