3293 5219
813 260 1146 333 LXXXII

817 478 999 562 suae
1038 455 1228 546 fidei,
1273 464 1491 551 atque
1532 452 1990 551 integritatis
2044 454 2482 528 documenta
2521 450 2772 537 multa,
2815 458 2891 528 et
2928 464 3077 524 ma·

813 585 1013 659 xima
1052 583 1570 673 constituendi,
1605 584 1952 657 fortunae
1980 582 2296 680 posthac
2320 582 2393 655 in
2421 582 2623 656 illum
2666 578 3081 656 bacchandi

812 711 1132 786 facultas
1175 709 1380 784 nulla
1419 708 1641 783 facile
1681 716 1990 807 pateret.
2060 707 2211 781 lam
2271 706 2466 804 quod
2513 706 2693 781 mihi
2730 704 3075 801 gratissi-

815 861 1001 912 mum
1066 836 1334 911 accidit
1393 836 1484 910 (le
1542 833 1880 909 instituta
1937 834 2084 908 iam
2134 833 2418 931 pridem
2458 834 2749 909 ratione
2788 831 3079 925 Forga·

811 964 995 1038 tiani
1035 961 1316 1057 negotii
1355 960 1675 1034 certiora
1715 960 2087 1056 affirmas3
2148 960 2343 1055 quod
2401 959 2579 1034 mihi
2617 958 2896 1034 >indicio
2937 965 3080 1046 est,

811 1089 1057 1163 adhuc
1094 1087 1349 1181 vigere
1407 1085 1601 1184 apud
1660 1086 2152 1160 clarissimum
2191 1085 2450 1176 virum,
2493 1094 2569 1159 et
2606 1108 2819 1181 quem
2860 1083 3078 1157 unice

813 1238 979 1289 amo
1039 1220 1261 1310 atque
1337 1213 1682 1303 observ0,
1738 1212 2164 1288 memoriam
2221 1212 2385 1286 mei.
2471 1211 2664 1286 Nam
2724 1211 2922 1307 quod
2983 1210 3076 1283 de

813 1339 1222 1414 conditione
1263 1338 1452 1433 agis,
1492 1361 1714 1412 unum
1772 1362 1914 1434 ego
1976 1337 2313 1434 spectavi
2368 1360 2661 1435 semper
2718 1359 2928 1411 meae
2968 1335 3079 1409 in-

815 1465 1145 1541 dustriae
1202 1466 1536 1557 fructum,
1596 1472 1676 1540 ut
1732 1489 1823 1541 ea
1882 1488 2184 1560 agerem
2244 1488 2434 1563 quae
2476 1465 2544 1538 ei
2583 1463 2746 1539 usui
2804 1463 3078 1551 futura,

814 1602 1037 1688 atque
1077 1599 1509 1667 ornamento
1551 1600 1907 1690 putarem,
1950 1592 2075 1689 qui
2130 1592 2293 1688 ipse
2328 1615 2443 1665 me
2483 1589 2794 1665 amando
2853 1596 2929 1662 et
2970 1588 3075 1660 fo-

816 1718 1054 1793 vendo
1114 1740 1386 1812 magno
1446 1716 1620 1790 mihi
1681 1726 1885 1792 esset
1940 1719 2227 1792 futurus
2284 1724 2715 1792 ornamento
2808 1714 2896 1787 Id
2954 1714 3081 1788 ubi

813 1858 1054 1919 essem
1113 1851 1523 1928 assecutus,
1562 1850 1711 1917 tum
1769 1867 1884 1916 me
1941 1844 2319 1919 crederem
2381 1843 2568 1917 satis
2608 1844 2704 1915 ab
2745 1864 2833 1915 eo
2873 1841 3074 1914 lucu-

812 1970 1053 2044 lenter
1093 1994 1182 2044 ac
1239 1967 1527 2064 prolixe
1565 1979 1968 2067 acceptum.
2032 1969 2316 2043 Eadem
2381 1993 2557 2044 vero
2619 1967 2792 2041 mihi
2856 1966 3076 2041 video

812 2095 1147 2193 proponi.
1212 2118 1403 2191 quae
1463 2103 1630 2170 octo
1686 2095 1827 2168 iam
1891 2095 1987 2169 ab
2045 2096 2216 2169 hinc
2253 2095 2490 2185 annis,
2531 2114 2689 2168 cun]
2732 2093 3076 2168 Venetiis

813 2244 1135 2318 agerem.
1204 2221 1317 2292 De
1374 2221 1639 2316 quibus
1699 2221 1879 2295 nihil
1935 2222 2223 2311 mutari,
2266 2221 2459 2306 addi,
2501 2221 2726 2295 minui
2781 2219 3074 2316 placet:

810 2350 882 2423 in
940 2370 1104 2435 un0,
1162 2354 1243 2421 ut
1298 2346 1473 2419 mihi
1532 2347 2050 2444 prospiciatur,
2111 2371 2256 2421 non
2316 2349 2475 2444 ipse
2534 2348 2798 2441 magite,
2854 2369 3061 2441 quan,

813 2496 1134 2548 mearum
1177 2494 1418 2545 rerum
1461 2472 1653 2545 ratio
1692 2472 2019 2569 requirit,
2059 2482 2135 2545 ut
2174 2496 2363 2568 quae
2403 2473 2715 2570 pecunia
2752 2480 2903 2545 tum
2945 2470 3073 2543 sti-

811 2598 1060 2698 pendii
1101 2596 1322 2672 annui
1362 2598 1673 2687 nomine,
1715 2608 1864 2673 tum
1898 2597 1971 2672 in
1997 2598 2287 2672 itineris
2327 2608 2689 2696 sumptum
2732 2597 2904 2671 mihi
2948 2619 3072 2670 cu-

811 2724 1045 2799 randa
1086 2722 1425 2797 Venetiis
1467 2733 1691 2813 esset,
1736 2723 2073 2800 Lutetiae
2114 2732 2735 2821 repraesentetur.
2787 2725 2874 2798 Id
2914 2724 3073 2820 qui-

813 2850 975 2923 dem
1016 2848 1334 2943 transigi
1372 2848 1725 2922 facillime
1765 2856 1900 2946 per
1940 2858 2387 2926 mercatores
2446 2857 2718 2947 potest,
2761 2871 3071 2945 quorum

812 2984 1048 3073 aeque
1107 2977 1180 3049 in
1241 2972 1497 3049 Gallia
1555 2982 1628 3051 et
1684 2976 2021 3051 Venetiis
2076 2977 2378 3073 negotia
2442 2976 2670 3051 multa
2728 2982 2803 3050 et
2839 2977 3070 3050 maxi-

812 3126 931 3175 ma
972 3110 1307 3197 aguntur.
1365 3103 1481 3175 Ita
1523 3111 1762 3176 autem
1805 3104 1898 3176 ab
1946 3127 2194 3178 eorum
2254 3103 2858 3201 procuratoribus
2910 3127 3072 3177 eam

815 3227 988 3302 mihi
1043 3229 1398 3326 pecuniae
1455 3252 1808 3303 summam
1868 3232 2234 3304 numerari
2293 3233 2501 3322 volo,
2557 3241 2666 3318 ut,
2709 3254 2798 3304 ea
2855 3240 3072 3327 parte

815 3355 1130 3454 dempta,
1173 3379 1319 3451 qua
1359 3380 1493 3452 pro
1535 3356 1806 3431 viatico
1847 3366 1918 3431 et
1957 3358 2442 3434 instrumento
2506 3359 2645 3432 erit
2702 3358 3072 3449 utendum,

812 3505 1000 3578 quae
1041 3491 1328 3554 centum
1369 3483 1906 3578 quinquaginta
1962 3486 2274 3559 talerum
2329 3506 2611 3559 summa
2667 3484 3068 3582 praefinita

807 3616 943 3696 est,
984 3605 1205 3680 annui
1244 3605 1590 3702 stipendii
1631 3629 1914 3682 summa
1952 3609 2244 3707 reliqua
2283 3612 2375 3684 iis
2417 3612 2641 3685 rebus
2684 3610 3067 3710 parandiS,

806 3757 944 3831 par
1001 3754 1129 3805 eos
1210 3731 1416 3828 ipsos
1495 3732 2025 3829 suppeditetur,
2088 3759 2394 3832 quarum
2470 3738 2790 3813 facultas
2868 3738 3068 3834 apud

805 3857 1354 3934 Transilvanos
1412 3878 1555 3930 non
1615 3867 1747 3946 est,
1789 3859 1908 3932 hic
1964 3883 2238 3957 magna
2277 3864 2796 3961 opportunitas
2834 3865 3063 3938 habe-

804 3994 943 4058 tur.
1008 3983 1256 4079 Atque
1314 3981 1407 4056 iis
1454 3981 1663 4078 ipsis.
1701 4008 1836 4083 per
1876 4008 2061 4080 quos
2101 3987 2276 4060 mihi
2317 3989 2627 4083 pecunia
2664 3989 3065 4079 curabitur,

805 4109 968 4183 dari
1006 4109 1379 4202 negotium
1425 4108 1618 4182 volo.
1662 4118 1741 4184 ut
1780 4135 1970 4207 quae
2010 4136 2099 4186 ea
2139 4136 2422 4189 summa
2460 4123 2901 4204 coementur‚
2942 4117 3061 4208 iis,

806 4235 931 4330 qui
971 4243 1313 4307 vecturas
1352 4235 1426 4307 in
1471 4232 1976 4329 Germaniam,
2036 4249 2257 4335 atque
2316 4263 2445 4315 eas
2485 4242 2831 4337 regiones
2881 4243 3059 4316 faci-

803 4367 954 4448 unt,
1000 4383 1145 4434 una
1202 4381 1360 4432 cum
1424 4384 1586 4436 mea
1644 4363 2094 4461 supellectili
2140 4373 2213 4439 et
2259 4366 2712 4442 bibliotheca
2766 4368 3061 4442 tradan-

801 4494 940 4577 tur,
981 4494 1061 4559 ut
1098 4509 1239 4559 non
1300 4485 1475 4557 mihi
1533 4490 1763 4585 prius,
1805 4513 2023 4587 quam
2082 4491 2258 4565 illuc
2293 4516 2728 4586 pervenero,
2775 4495 2926 4569 sint
2964 4495 3063 4570 ad
