3293 5219
2314 327 2466 414 371

230 567 417 644 equo
430 549 727 639 rediret,
744 542 839 623 ab
863 550 1145 646 aliquot
1176 549 1542 645 equitibus
1561 553 1926 649 expeditis
1942 554 2475 632 circumventus

230 683 302 748 et
340 676 674 773 sclopeto
704 679 1064 772 traJectus
1091 682 1225 750 est.
1282 675 1712 775 Eodemque
1750 686 2080 778 tempore
2120 678 2479 780 Orumpa-

229 799 436 875 chius
476 812 897 900 comparato
935 802 1182 879 valido
1204 803 1531 899 equitatu
1556 829 1650 882 ex
1681 807 2082 905 improviso
2105 807 2488 885 civitatem.

236 928 779 1025 Virceburgam
797 932 1101 1024 invadit,
1141 938 1501 1037 capitque;
1525 936 1914 1035 oppidanis
1954 960 2042 1014 ac
2098 938 2321 1030 clero,
2361 934 2487 1032 qui

235 1078 551 1150 magnus
609 1064 683 1131 et
721 1062 1110 1156 opulentus
1149 1065 1373 1140 isthic
1412 1072 1546 1153 est,
1605 1064 1855 1139 statim‘
1893 1087 2237 1160 magnam
2273 1084 2487 1158 pecu·

232 1180 429 1255 niam
467 1183 800 1280 imperat,
841 1195 915 1262 et
954 1192 1198 1266 omnia
1253 1193 1594 1283 minatur,
1635 1191 1710 1263 ni
1750 1192 2119 1289 extemplo
2160 1189 2310 1264 sibi
2348 1210 2485 1262 sua

236 1308 430 1383 bona
467 1309 889 1388 reddantur.
931 1317 1049 1390 Ita
1082 1319 1323 1393 omnia
1343 1320 1537 1393 bona
1575 1320 2077 1413 restituuntur3
2118 1317 2251 1393 sed
2291 1314 2484 1412 apud

237 1455 606 1509 cameram
626 1437 1080 1534 imperialem
1103 1452 1491 1519 accusatus
1511 1450 1775 1543 postea
1794 1468 1883 1518 ac
1922 1443 2305 1518 damnatus
2345 1453 2480 1538 est,

240 1566 589 1656 tanquam
630 1561 973 1659 publicae
1018 1569 1224 1665 pacis
1264 1570 1602 1644 violator.
1648 1567 2183 1667 Grumpachius
2221 1577 2468 1647 tamen

233 1708 395 1760 cum
436 1689 832 1767 autoritate
871 1694 1167 1770 militari
1207 1698 1593 1794 plurimum
1633 1698 1968 1796 polleret,
2008 1697 2228 1772 facile
2266 1721 2466 1773 rece-

234 1820 522 1910 ptorem
543 1813 821 1889 invenit
840 1817 892 1892 J
898 1819 1260 1927 ohannem
1300 1821 1758 1897 Fridericum
1781 1820 2038 1900 ducem
2077 1820 2471 1917 Saxoniae,

232 1938 465 2015 filium
503 1940 722 2034 illius,
758 1946 881 2040 qui
920 1971 967 2021 a
1005 1944 1278 2025 Carolo
1302 1950 1395 2026 V.
1437 1952 1636 2027 bello
1659 1960 1918 2049 captus
1956 1950 2112 2027 fuit.
2155 1950 2300 2043 Qui
2324 1954 2482 2049 jam

236 2075 407 2141 ante
485 2068 581 2142 ob
690 2072 1131 2148 translatam
1223 2077 1819 2173 septemviralem
1896 2076 2335 2171 dignitatem
2408 2076 2486 2150 in

236 2192 699 2286 Mauritium,
812 2196 1152 2295 Augusto
1264 2204 1682 2279 successori
1783 2204 2031 2301 palam
2141 2201 2481 2278 inimicus

239 2327 421 2394 erat.
520 2320 757 2417 Igitur
847 2324 921 2399 in
1014 2328 1417 2423 praeterito
1492 2335 1876 2421 conventU,
1952 2329 2027 2403 in
2103 2350 2246 2425 quo
2324 2328 2504 2403 Ma-·

242 2446 622 2522 ximiliano
698 2449 978 2526 auxilia
1051 2452 1124 2527 in
1180 2454 1451 2529 bellum
1524 2454 1894 2553 promissa
1950 2461 2180 2547 erant,
2220 2454 2482 2529 adver-

244 2597 371 2650 sus
391 2571 959 2673 Orumpachium
970 2587 1044 2655 et
1057 2589 1559 2680 receptatores
1575 2584 1640 2679 ej
1651 2605 1738 2657 us
1757 2578 2024 2686 bellum
2046 2580 2480 2676 decernitur3

244 2705 548 2803 ejusque
562 2727 809 2780 curam
823 2706 1204 2802 Augustus
1228 2708 1370 2783 sibi
1407 2710 1774 2807 impetrat.
1790 2709 1998 2804 Ergo
2014 2708 2475 2783 Fridericum

243 2831 316 2907 in
356 2833 629 2931 oppido
671 2830 906 2909 Gotta
944 2833 1403 2932 Thuringiae
1441 2835 1929 2912 munitissimo
1970 2837 2280 2912 obsedit.

461 2961 894 3037 Fridericus
932 2984 1109 3036 vero
1186 2963 1489 3059 egregie
1529 2985 1611 3038 se
1642 2960 1986 3053 defendit,
2063 2964 2208 3039 imo
2248 2985 2484 3038 novas

245 3109 390 3180 res,
446 3108 859 3188 novumque
880 3088 1153 3165 bellum
1193 3113 1281 3164 ac
1317 3092 1633 3186 longum,
1693 3090 2238 3166 confoederatis
2297 3089 2488 3164 inter

245 3235 325 3288 se
360 3216 697 3313 plurimis
756 3218 1213 3315 principibus
1252 3216 1711 3292 moliebatur.
1754 3216 1964 3307 Quae
2006 3215 2483 3292 confoedera-

244 3341 344 3415 tio
405 3343 581 3418 talis
618 3344 790 3419 fuit:
847 3353 928 3419 ut
965 3344 1422 3420 Fridericum
1485 3343 1873 3418 obsidione
1929 3341 2355 3430 liberarent,
2398 3364 2487 3416 ae

242 3470 833 3566 septemviralem
927 3470 1356 3567 dignitatem
1411 3468 1526 3543 illi
1580 3467 2073 3560 restituerent,
2149 3467 2483 3543 Braban·

241 3595 441 3688 tiam,
498 3596 951 3692 Flandriam,
1025 3605 1247 3695 atque
1293 3596 1716 3671 universam
1776 3590 2256 3668 Germaniam
2292 3594 2487 3670 Infe-

242 3723 539 3798 riorem.
581 3723 657 3798 in
711 3725 1137 3800 societatem
1212 3722 1673 3820 acciperent:
1758 3744 1948 3816 quae
2019 3720 2187 3817 ipsa
2228 3717 2485 3795 adver-

242 3872 370 3926 sus
406 3849 810 3956 Hispanos,
850 3852 1044 3949 quod
1062 3852 1115 3926 ii
1134 3848 1688 3926 acerbissimam
1706 3845 2246 3944 inquisitionem
2285 3868 2490 3921 exer-

246 3983 498 4053 cerent
531 3977 609 4052 in
644 3977 1028 4072 religione,
1072 3976 1544 4068 exacerbata,
1584 3997 1819 4049 novas
1874 3995 1996 4049 res
2059 3973 2488 4071 spectabat:

247 4113 619 4202 postremo
677 4129 942 4182 novum
1008 4106 1529 4204 imperatorem
1578 4104 2094 4201 designarent;
2162 4103 2235 4177 in
2274 4123 2486 4200 quem

250 4234 591 4307 effectum
631 4233 904 4309 milites
962 4256 1251 4331 quoque
1298 4231 1579 4332 passim
1620 4230 2296 4308 conscribebantur.
2338 4227 2487 4305 Sed

253 4359 441 4434 haec
480 4359 791 4435 consilia
826 4360 1145 4458 proditio
1211 4359 1423 4434 unius
1481 4358 1896 4433 antevertit.
1921 4354 2298 4454 Siquidem
2336 4356 2483 4430 dux

246 4485 572 4584 peditum
610 4485 1062 4562 aFriderico
1102 4485 1530 4578 accersitus,
1552 4492 1774 4581 atque
1831 4483 1921 4557 de
1960 4483 2485 4582 praesentibus

247 4610 769 4709 interrogatus,
792 4613 914 4710 qui
951 4614 1405 4711 praedictam
1442 4610 2155 4687 confoederationem
2192 4609 2485 4706 ignora-

2021 4735 2165 4812 24*
