3293 5219
2324 292 2475 374 497

253 536 510 592 versus
551 514 802 613 (quem
855 521 1145 613 portum
1201 512 1649 592 coturnicum
1670 510 1737 613 *)
1796 510 2085 615 vocant)
2146 517 2477 612 aliquan-

249 653 396 718 tum
434 641 952 741 praecedente3
994 639 1129 715 hoc
1167 636 1419 717 ordine
1477 665 1708 717 naves
1748 643 2068 718 turcicae
2107 642 2171 716 L
2209 664 2478 740 passus

250 793 296 844 a
330 792 503 846 sese
532 770 891 846 distantes
929 770 1445 868 procedebant,
1469 793 1556 845 eo
1596 771 1926 863 consili0,
1950 795 2039 846 ne
2080 770 2146 843 si
2185 769 2484 844 densati

250 896 548 971 ordines
584 897 845 987 forent,
889 897 1245 973 certiores
1303 896 1871 973 bombardarum
1928 898 2113 972 ictus
2176 897 2250 970 in
2290 896 2480 972 clas-

251 1046 406 1098 sem
442 1023 864 1115 inciderent,
904 1033 982 1098 ut
1019 1025 1250 1121 priori
1287 1024 1570 1122 praelio
1632 1024 1922 1122 experti
1959 1026 2287 1118 fuerant,
2329 1031 2478 1098 tum

248 1156 330 1223 ut
381 1149 576 1223 intra
640 1150 932 1224 navium
1005 1157 1206 1225 certa
1245 1151 1490 1247 spatia
1546 1151 1855 1225 hostiles
1912 1150 2345 1248 reciperent,
2408 1157 2482 1223 et

249 1273 636 1372 pauciores
675 1300 720 1350 a
755 1273 1087 1371 pluribus
1127 1274 1341 1349 simul
1384 1276 2096 1369 circumvenirentur,
2155 1299 2313 1350 cum
2352 1298 2481 1350 nu-

251 1425 452 1477 mero
472 1402 692 1499 longe
712 1412 1168 1500 superarent.
1191 1404 1471 1478 Eodem
1512 1426 1691 1500 ergo
1717 1402 1926 1478 modo
1969 1411 2110 1478 eta
2150 1402 2485 1478 christia-

251 1530 367 1605 nis
405 1528 703 1604 ordines
741 1530 1133 1626 exaequati
1170 1538 1356 1604 sunt.
1379 1530 1476 1603 Et
1514 1530 1639 1604 ubi
1680 1552 1906 1606 cornu
1945 1530 2321 1605 sinistrum
2357 1527 2484 1602 ho-

254 1652 447 1729 stilis
487 1655 750 1729 classis
806 1656 1110 1753 propius
1151 1656 1487 1748 accessit,
1547 1653 2063 1754 Superancius,
2126 1655 2248 1754 qui
2305 1656 2479 1730 dex·

149 1762 156 1769 ’
256 1790 371 1858 tro
486 1781 740 1856 cornui
832 1790 1215 1877 praeerat,
1346 1806 1505 1858 cum
1582 1784 1897 1859 duabus·
1960 1782 2318 1881 galeaeiis
2412 1788 2485 1856 et

254 1907 570 1985 XXXiI
607 1908 1025 1983 triremibus
1067 1909 1400 1984 dextrum
1440 1932 1663 1984 cornu
1721 1911 2101 2008 promovit.
2142 1907 2323 1985 Cum
2364 1932 2484 1982 ve-

252 2059 335 2111 ro
392 2043 560 2131 post
631 2043 1150 2112 tormentorum
1207 2046 1492 2111 mutuas
1532 2037 2028 2135 displosiones
2101 2044 2253 2112 tam
2320 2058 2487 2134 pro-

254 2185 348 2260 pe
429 2146 740 2237 invicem
805 2163 1316 2255 accessissent,
1425 2172 1505 2238 ut
1599 2187 1850 2239 omnes
1943 2164 2265 2239 cominus
2359 2185 2487 2261 pu-

257 2288 625 2384 gnandum
660 2288 804 2363 sibi
842 2289 1242 2381 crederent,
1296 2313 1525 2381 ‚cornu
1579 2289 1854 2366 hostile
1893 2298 2196 2388 repente
2237 2312 2318 2364 se
2376 2312 2487 2364 re-

267 2416 460 2514 cepit
498 2443 516 2489 z
565 2412 1013 2513 Superancio
1054 2415 1433 2491 ardentius
1488 2416 1939 2512 insequente,
1979 2440 2139 2492 cum
2180 2437 2346 2491 sero
2384 2416 2489 2489 in-

260 2541 546 2619 tellexit
582 2563 665 2616 se
721 2564 880 2617 cum
916 2540 1071 2617 VII
1126 2543 1439 2618 navibus
1478 2541 1834 2635 relictum,
1911 2550 1985 2618 et
2031 2566 2289 2642 parum
2364 2541 2487 2617 ab·

263 2668 506 2761 suerit,
586 2667 758 2765 quin
812 2669 888 2742 in
943 2668 1096 2743 XX
1170 2669 1480 2744 hostiles
1539 2669 1899 2764 inciderit,
1976 2693 2164 2767 quae
2214 2677 2486 2745 cetera·

265 2816 423 2871 rum
494 2803 710 2890 terga
794 2794 1270 2889 claudebant;
1366 2796 1560 2871 aliae
1654 2798 1843 2872 enim
1917 2795 2347 2895 praecipitis
2385 2795 2493 2870 fu-

268 2945 409 3021 gae
447 2922 719 2996 nullam
758 2920 999 3013 aliam,
1059 2945 1275 3020 quam
1334 2922 1598 3015 dolum,
1661 2931 1737 2998 ut
1776 2933 1955 3016 erat,
2020 2947 2325 2999 causam
2356 2921 2496 2997 rati

268 3046 565 3145 longius
602 3047 889 3144 insequi
924 3048 1335 3123 timuerunt.
1379 3050 1678 3123 Interea
1715 3049 1957 3123 media
1995 3049 2197 3124 acies
2236 3057 2310 3124 et
2330 3070 2490 3123 cor-

269 3199 362 3252 nu
403 3177 736 3251 dextrum
770 3174 1126 3268 hostium,
1167 3177 1260 3251 ab
1302 3177 1540 3252 media
1579 3178 1757 3268 acie,
1818 3185 1893 3251 et
1931 3199 2154 3251 cornu
2194 3178 2492 3252 sinistro

271 3301 829 3379 christianorum
905 3324 1062 3376 cum
1098 3305 1355 3400 procul
1396 3304 1714 3394 abesset,
1792 3302 1914 3401 qui
1953 3303 2047 3377 ob
2089 3302 2489 3399 galeacias,

272 3430 644 3526 navesque
683 3427 1064 3502 onerarias
1102 3427 1297 3503 lente
1337 3428 1723 3503 admodum
1760 3428 2296 3526 procedebant:
2338 3451 2495 3504 ver-

273 3576 400 3630 sus
457 3554 833 3630 sinistrum
893 3576 1100 3628 suum
1159 3561 1233 3629 et
1287 3553 1619 3630 dextrum
1672 3553 2233 3632 christianorum
2271 3575 2496 3629 cornu

272 3681 414 3756 iter
449 3679 769 3774 infiexit3
809 3680 1272 3779 receptisque
1309 3682 1385 3755 in
1426 3682 1751 3758 ordinem
1793 3682 1966 3773 suis,
1989 3682 2175 3757 duae
2212 3688 2498 3779 praeto-

274 3808 428 3883 riae
467 3807 878 3905 insignibus
935 3806 1305 3882 funalibus
1365 3807 1826 3905 conspicuae,
1866 3831 2022 3883 cum
2064 3806 2343 3905 aliquot
2375 3805 2500 3882 tri-

275 3935 598 4010 remibus
642 3935 738 4008 ad
773 3929 1233 4028 recipiendas
1288 3934 1363 4009 X
1403 3934 1763 4028 triremes,
1818 3957 2006 4033 quae
2044 3935 2499 4030 speculatum

279 4061 658 4159 profectae
715 4059 874 4136 sine
928 4060 1204 4138 auxilio
1265 4068 1674 4137 ceterarum
1711 4070 1864 4138 tuto
1904 4061 2178 4136 reverti
2218 4068 2291 4137 et
2329 4082 2497 4136 con·

267 4186 483 4283 jungi
541 4208 682 4262 non
739 4194 1096 4285 poterant,
1155 4188 1657 4264 occurrebant.
1720 4187 2048 4280 Quarum
2092 4186 2496 4286 praetoria·

491 4577 550 4646 ἰ)
577 4579 816 4636 Ῑεηνέηίί
835 4583 1104 4650 jegyzete
1135 4600 1146 4634 :
1190 4578 1360 4637 Porto
1403 4583 1550 4638 delle
1597 4584 1844 4654 quaglie.
1878 4586 2189 4640 Videndum
2221 4584 2495 4654 quomodo

286 4671 463 4729 latine
493 4671 729 4728 dicatur.

387 4829 588 4864 flom-
622 4827 783 4865 BUUG.
805 4828 940 4863 mar.
974 4827 1168 4862 neum.
1189 4826 1297 4863 xvl.
2082 4789 2183 4864 32
