3293 5219
837 291 982 369 192

824 534 984 583 cum
1020 508 1391 606 plerisque
1465 508 1836 605 peditibus
1879 507 2149 580 mauris
2227 514 2443 604 atque
2481 510 2710 584 turcis
2747 535 2875 610 pro
2912 536 3034 587 ma·

814 635 964 731 jori
1002 643 1214 734 parte
1274 634 1741 733 sclopetariis
1797 634 1870 706 in
1911 628 2380 730 conspectum
2417 635 2737 724 veniunt?
2799 647 3035 713 etcum

824 761 1170 837 velitibus
1212 761 1774 835 christianorum
1816 766 2028 832 extra
2085 757 2409 832 ordinem
2451 760 2867 836 constitutis
2889 764 3036 837 veli-

833 899 993 964 tare
1070 886 1430 987 praelium
1506 887 1883 983 incipiunt.
1961 883 2122 975 Quo
2182 908 2354 958 vero
2415 889 2654 981 magis
2732 912 3040 964 numerus

832 1016 1146 1093 hostium
1250 1016 1891 1114 multiplicabatur,
1987 1011 2343 1110 praelium
2439 1014 2679 1108 magis
2738 1015 3040 1090 incende-

830 1146 1087 1219 batur:
1216 1166 1525 1240 namque
1632 1149 1932 1240 praeter
1971 1140 2256 1236 equites
2366 1139 2511 1213 tria
2618 1142 2848 1216 millia
2931 1143 3043 1216 cir·

836 1271 1017 1346 citer
1125 1271 1446 1369 peditum
1521 1292 1936 1345 maurorum
2029 1276 2103 1342 et
2172 1275 2533 1340 turcarum
2663 1278 2892 1355 erant,
2942 1271 3043 1366 qui

833 1397 1049 1472 simul
1126 1422 1282 1473 cum
1325 1397 1693 1494 equitibus
1787 1394 2078 1493 quando
2188 1417 2404 1468 uuum
2481 1417 2724 1474 cornu,
2781 1396 3044 1493 quando

831 1524 1051 1616 aliud,
1110 1524 1400 1621 quando
1438 1547 1654 1599 unum
1698 1523 1814 1598 vel
1855 1522 2162 1596 alterum
2222 1522 2419 1595 latus
2475 1520 2938 1604 invadebant,
2988 1529 3045 1596 et

829 1653 1094 1726 iterum
1130 1650 1295 1750 pari
1335 1676 1491 1725 cum
1534 1650 1904 1747 equitibus
1928 1647 2308 1722 celeritate
2331 1648 2829 1737 recurrebant,
2872 1659 3048 1724 tanta

836 1776 1124 1874 quidem
1161 1776 1422 1874 pedum
1464 1776 1919 1875 pernicitate,
1960 1783 2038 1849 ut
2058 1797 2188 1869 per
2220 1796 2480 1849 novem
2521 1773 2768 1867 horas,
2809 1776 3046 1875 quibus

840 1912 913 1977 et
987 1902 1358 2000 aquationi
1422 1902 1932 1978 deservierunt
1989 1908 2061 1974 et
2134 1924 2289 1973 cum
2390 1901 2729 1976 hostibus
2801 1926 3050 2002 pugna·

836 2036 1026 2119 runt,
1060 2051 1148 2102 ne
1190 2051 1401 2103 unum
1460 2029 1751 2126 quidem
1809 2028 2050 2101 vivum
2091 2048 2356 2123 capere
2414 2036 2805 2124 potuerunt
2865 2028 3050 2103 Duas

839 2162 1009 2229 ante
1101 2154 1281 2228 solis
1341 2177 1677 2230 occasum
1801 2155 2025 2229 horas
2137 2153 2207 2226 in
2284 2153 2598 2228 classem
2656 2178 2906 2231 omnes
2957 2179 3048 2229 10·

840 2288 1238 2356 vertuntur.
1314 2282 1608 2357 Turcae
1663 2288 1822 2355 tota
1892 2288 2106 2353 nocte
2177 2303 2489 2374 magnas
2547 2282 2920 2358 custodias
2975 2280 3049 2354 ad

836 2407 1086 2483 littora
1125 2415 1455 2505 egerunt,
1512 2432 1601 2482 ne
1679 2408 1774 2481 ad
1815 2407 2134 2481 classem
2174 2403 2734 2483 christianoram
2775 2409 3051 2484 nuncius

841 2534 1107 2632 aliquis
1162 2535 1602 2631 perveniret.
1659 2534 1948 2609 Etenim
1989 2534 2175 2607 duae
2233 2534 2518 2609 omniuo
2577 2545 2786 2611 erant
2821 2544 3052 2635 partes

841 2660 1145 2753 insulae,
1202 2664 1439 2737 altera
1496 2665 1838 2758 Draguto
1878 2661 2096 2735 valde
2148 2661 2485 2751 adversa,
2549 2664 2789 2738 altera
2826 2664 2891 2737 in
2935 2688 3055 2760 qua

844 2795 917 2862 et
993 2786 1375 2863 castellum
1434 2791 1777 2886 Draguto
1833 2813 2142 2887 parens3
2201 2813 2345 2886 qua
2392 2789 2482 2864 de
2540 2812 2769 2865 causa
2823 2792 2892 2865 hi
2934 2814 3056 2864 ma·

844 2937 1033 3010 guas
1072 2914 1446 2989 custodias
1486 2918 1832 3012 agebant,
1866 2940 1956 2989 ne
2014 2914 2272 2990 resciri
2309 2924 2564 3012 posset
2583 2916 2777 2992 inter
2813 2918 3055 2992 insula-

843 3043 1055 3116 lanos
1094 3041 1505 3118 discordias
1543 3066 1734 3136 esse,
1774 3052 1846 3117 01
1883 3042 2391 3138 Dragutumin
2430 3043 2748 3118 insulam
2786 3045 3056 3119 descen·

847 3167 1067 3244 disse.
1109 3171 1399 3247 Etenim
1439 3172 1631 3245 elabi
1672 3196 1815 3249 non
1835 3170 2218 3270 potuisset,
2257 3194 2495 3267 neque
2533 3172 2849 3257 interra,
2885 3170 3056 3271 quod

848 3293 1222 3372 Arabibus
1247 3293 1314 3394 ²⁸⁸)
1356 3321 1439 3373 se
1479 3299 1928 3374 committere
1951 3320 2177 3372 ausus
2217 3318 2360 3370 non
2379 3295 2666 3391 fuisset,
2702 3307 2851 3373 tum
2886 3296 3056 3396 quod

849 3432 1141 3520 pontem
1163 3447 1525 3523 occupare
1546 3425 1998 3524 potuissent3
2039 3447 2276 3520 neque
2297 3424 2503 3515 mari,
2542 3449 2709 3500 nam
2750 3427 2926 3501 duas
2960 3447 3057 3500 ro·

849 3559 1149 3644 stratas,
1173 3577 1356 3650 quas
1384 3553 1478 3629 ad
1500 3551 1903 3629 Cantaram
1929 3562 2129 3628 stare
2151 3553 2489 3650 superius
2515 3553 2850 3647 diximus,
2870 3555 2928 3628 si
2950 3553 3056 3629 ob·

846 3676 1256 3770 tinuissent,
1292 3687 1593 3777 praeter
1613 3679 1786 3754 illas
1805 3681 2012 3754 nulla
2049 3678 2218 3767 alia,
2263 3703 2408 3775 qua
2430 3679 2627 3755 elabi
2653 3679 3056 3779 potuissent,

849 3803 1283 3879 habebatur.
1297 3805 1578 3881 Harum
1591 3829 1806 3881 unam
1821 3807 2117 3902 Dragut
2132 3805 2572 3901 Byzantium
2590 3831 2751 3881 cum
2764 3804 3058 3882 Vlucha-

846 3930 926 4026 ly
942 3954 1077 4029 pro
1108 3931 1380 4008 auxilio
1405 3933 1630 4007 misit:
1655 3956 1841 4030 quae
1863 3931 1926 4006 si
1949 3941 2255 4008 exustae
2276 3942 2408 4008 aut
2447 3943 2710 4033 captae
2748 3936 3057 4025 fuissent,

850 4064 923 4130 et
940 4078 1270 4151 gemmas
1311 4058 1917 4157 pretiosissimas,
1945 4068 2015 4134 et
2071 4059 2229 4134 auri
2273 4061 2708 4158 argentique
2746 4083 3057 4160 magnam

851 4182 1016 4276 vim,
1035 4207 1222 4282 quae
1248 4183 1649 4285 Solymano
1673 4195 1745 4261 et
1766 4187 2187 4284 purpuratis
2207 4187 2658 4283 ferebantur,
2677 4190 2945 4267 lucrari
2961 4211 3059 4289 po·

848 4307 1186 4403 tuissent,
1229 4321 1301 4386 et
1325 4315 1592 4388 classis
1631 4313 1913 4388 turcica
1934 4313 2176 4388 serius
2218 4315 2600 4414 suppetias
2643 4317 3057 4392 advenisset.

853 4434 1199 4512 Profecta
1221 4440 1464 4515 classe
1488 4441 1672 4517 duos
1693 4451 1864 4540 post
1882 4441 2042 4516 dies
2065 4441 2159 4515 ad
2185 4441 2491 4517 eundem
2518 4444 2759 4520 locum
2782 4455 2941 4520 octo
2959 4468 3057 4519 ro-

995 4595 1054 4660 *)
1078 4592 1316 4647 Istvae'sufl
1340 4599 1613 4666 jegyzete
1638 4620 1651 4651 ε
1680 4598 1914 4653 Mauris.
