3293 5219
835 271 1004 346 ‘178

844 488 1061 562 Barri
1101 486 1442 586 oppidum
1503 494 1723 582 atque
1762 492 2050 582 portum
2089 485 2415 560 Henrico
2454 486 2830 561 traderet:
2873 484 3070 584 Soly-

842 635 1102 686 manus
1148 633 1324 686 vero
1365 635 1458 686 ex
1478 611 1860 704 Dalmatia
1900 621 2126 709 atque
2146 612 2399 708 Epiro,
2459 612 2649 687 unde
2702 614 2946 687 brevis
2967 622 3069 688 est

840 740 1215 834 trajectus,
1255 739 1499 811 classe
1538 760 1673 811 sua
1729 758 1959 811 naves
2014 736 2330 832 gallicas
2372 763 2460 812 ac
2513 737 2857 836 oppidum
2898 747 3071 814 tuta-

846 872 1067 938 retur.
1107 863 1319 937 Haec
1354 887 1491 959 per
1532 861 1894 958 quendam
1934 862 2323 937 Nicolaum
2345 862 2712 960 Angelum
2772 868 3070 964 apulum,

845 997 917 1064 et
994 988 1498 1063 Alexandrum
1566 989 1878 1065 Baldum
1935 988 2399 1065 florentinum
2458 992 2889 1067 missitando
2928 992 3068 1087 agi·

834 1117 1065 1190 tabat.
1123 1114 1270 1190 Sed
1309 1139 1498 1212 quae
1537 1138 1658 1189 res
1716 1115 1907 1188 inter
1946 1117 2310 1201 mulieres,
2370 1126 2444 1191 et
2494 1142 2629 1215 per
2666 1117 2941 1215 plureS,
2978 1123 3071 1187 at·

839 1263 978 1336 que
1018 1266 1065 1314 a
1103 1238 1323 1336 longe
1359 1264 1494 1338 per
1533 1240 2031 1316 internuncios
2091 1242 2216 1335 agi
2259 1244 2601 1331 debebat,
2644 1252 2934 1318 secreta
2970 1264 3070 1315 es·

838 1390 920 1440 se
959 1391 1104 1441 non
1140 1367 1397 1464 potuit.
1605 1446 1608 1449 ,

1045 1494 1234 1568 Erat
1266 1493 1463 1592 apud
1484 1480 1766 1598 Bonam
1807 1494 1854 1567 J
1865 1516 2143 1568 oannes
2182 1494 2624 1569 Laurentius
2685 1492 3070 1592 Papacoda

835 1621 1100 1695 nobilis
1195 1620 1710 1719 neapolitanus
1767 1620 1840 1692 in
1899 1643 2182 1694 summa
2240 1622 2719 1712 auctoritate,
2814 1632 2887 1696 et
2959 1619 3070 1716 qui

832 1749 1073 1822 omnia
1112 1756 1284 1846 post
1320 1747 1652 1843 reginam
1712 1748 2298 1835 administrabat,
2337 1750 2412 1822 in
2450 1758 2654 1825 tanto
2692 1774 2966 1831 amore,
3002 1758 3071 1822 ut

830 1871 1116 1974 thorum
1181 1875 1398 1950 etiam
1455 1875 1522 1949 ei
1579 1858 2187 1968 communicaret;
2249 1899 2485 1972 neque
2543 1877 2617 1951 id
2677 1878 2891 1967 clam,
2949 1877 3068 1951 sed

831 2001 1454 2091 manifestissime,
1511 2001 2049 2098 inconspectU,
2089 2001 2163 2074 in
2206 2001 2437 2075 oculis
2479 2003 2792 2076 omnium
2832 2005 2904 2077 in
2943 2002 3067 2076 Po-

830 2128 1066 2217 lonia,
1175 2128 1249 2200 in
1341 2127 1562 2202 Italia
1672 2136 1745 2200 et
1852 2136 2114 2222 postea
2191 2128 2450 2219 Barri,
2527 2135 2749 2225 atque
2806 2132 2905 2205 ad
2958 2155 3067 2204 ex-

825 2264 1062 2330 trema
1150 2276 1384 2348 usque
1491 2262 1846 2351 tempora.
1978 2253 2364 2327 Patavium
2457 2278 2616 2327 cum
2726 2257 3068 2343 venisset,

826 2378 1273 2456 comoediam
1365 2378 1498 2453 illa
1569 2386 1967 2477 praesente
2045 2387 2800 2477 repraesentaverunt
2875 2390 3066 2456 tanto

826 2505 1135 2581 artificio
1192 2504 1287 2578 ad
1341 2512 1630 2602 tempus
1688 2504 2028 2595 efficta-m,
2086 2510 2165 2577 ut
2225 2505 2318 2578 ad
2359 2512 2586 2579 totam
2646 2508 2808 2601 ejus
2850 2508 3062 2581 vitam

823 2633 1351 2732 inspiciendam
1408 2629 1589 2704 nihil
1645 2639 1943 2730 praeter
1992 2655 2385 2731 personam
2440 2633 2754 2706 deesset.
2795 2633 3064 2710 Postea

826 2758 1159 2833 Venetiis
1178 2781 1310 2856 per
1328 2756 1666 2830 triremes
1712 2766 2012 2832 venetas
2053 2757 2340 2832 domum
2381 2780 2612 2854 usque
2653 2768 2767 2832 est
2805 2760 3061 2835 condu-

823 2891 963 2958 cta.
1002 2882 1392 2979 Philippus
1448 2905 1579 2955 rex
1634 2907 1771 2980 per
1810 2884 2256 2979 vice-regem
2294 2885 2844 2982 neapolitanum
2882 2888 3062 2961 hunc

824 3008 1279 3105 aggreditur,
1320 3016 1401 3082 ut
1438 3031 1795 3083 venenum
1834 2995 2141 3103 reginae
2161 3010 2519 3106 propinet,
2561 3018 2634 3085 et
2671 3018 3058 3089 testamen-

821 3145 972 3211 tum
1010 3160 1103 3210 ex
1120 3159 1261 3212 usu
1281 3137 1485 3232 regis
1527 3135 2135 3210 conscribendum
2155 3143 2397 3231 curet;
2439 3161 2575 3210 nec
2613 3139 2839 3212 multo
2879 3148 3058 3238 post,

821 3263 1012 3360 quod
1050 3262 1124 3337 in
1162 3264 1469 3338 eandem
1511 3257 1865 3336 aestatem
1907 3262 2182 3355 incidit,
2225 3286 2505 3337 veneno
2547 3265 3056 3360 exstingvitur.

822 3390 1378 3465 Testamentum
1438 3412 1613 3464 vero
1656 3397 1818 3462 erat
1875 3388 2244 3487 scriptum,
2288 3413 2430 3486 quo
2469 3389 2808 3466 ducatum
2848 3393 3056 3467 Barri

818 3514 1163 3614 Philippo
1201 3517 1363 3611 regi
1400 3517 1745 3611 legabat;
1783 3522 2209 3590 trecentena
2264 3515 2496 3589 millia
2531 3539 2894 3592 nummum
2936 3540 3051 3593 au-

814 3658 1019 3716 reum
1076 3641 1547 3738 sigismundo
1606 3639 1945 3735 Augusto
1994 3640 2188 3733 filio,
2264 3648 2552 3717 centum
2609 3643 2842 3718 millia
2904 3648 3052 3720 Isa-

815 3771 1061 3845 bellae
1119 3771 1357 3865 filiae3
1423 3794 1612 3866 quae
1654 3777 1809 3844 tota
1867 3792 2149 3844 summa
2204 3770 2277 3844 in
2333 3773 2661 3869 portorio
2735 3773 3052 3873 neapoli-

813 3903 987 3970 tano
1047 3898 1141 3970 ab
1211 3894 1484 3972 Oarolo
1547 3897 1633 3970 V.
1692 3894 2138 3992 imperatore
2215 3904 2376 3971 erat
2471 3898 2906 3994 assignata,
2979 3906 3049 3974 et

814 4021 1263 4118 quadragies
1321 4020 1550 4096 millia
1623 4045 1987 4096 nummum
2063 4046 2362 4097 aureum
2433 4023 2508 4097 in
2581 4027 2859 4099 lucrum
2933 4050 3049 4100 an·

815 4170 955 4221 nue
989 4147 1517 4247 pendebantur.
1598 4145 1921 4221 Auream
1968 4154 2190 4243 atque
2230 4157 2658 4245 argenteam
2696 4152 3046 4246 supellec

811 4271 1034 4362 tilem,
1060 4296 1364 4366 omnem,
1386 4271 1793 4368 stragulam
1816 4278 2118 4361 vestem,
2153 4297 2239 4346 ac
2260 4275 2595 4349 clenodia
2632 4284 2892 4351 cuncta
2913 4276 3044 4351 Pa·

814 4398 1187 4495 pacodae;
1227 4401 1528 4496 insuper
1568 4423 1729 4474 eum
1770 4401 2261 4473 marchionem
2300 4400 2476 4475 fecit
2513 4401 2587 4473 in
2626 4398 2936 4500 Capors,
2976 4403 3041 4474 in

812 4548 953 4620 quo
1010 4549 1167 4598 eun]
1216 4525 1595 4622 Philippus
1653 4524 2141 4617 confirmavit,
2201 4537 2272 4601 et
2327 4529 2865 4624 praefecturam
2924 4552 3040 4625 op-
