3293 5219
2364 336 2467 415 89

259 564 475 639 divino
495 582 931 658 quocunque
959 558 1262 653 judicio,
1300 565 1380 633 ut
1421 557 1759 650 diximus,
1797 579 2078 655 poenas
2116 557 2270 633 luit.
2311 552 2471 631 Cir·

250 712 325 763 ca
370 686 551 763 idem
603 696 897 784 tempus
954 694 1030 759 et
1146 682 1416 759 Petrus
1471 682 1929 759 Petrovitius
1983 683 2321 759 nuncium
2379 705 2470 756 ex

253 812 531 888 Polonia
607 812 705 886 ad
741 811 1099 910 primates
1156 809 1397 901 mittit,
1468 834 1604 908 per
1662 833 1878 907 quem
1935 809 2230 901 eadem,
2289 830 2482 905 quae

249 941 378 1036 Aly
412 938 638 1013 chaus
657 937 1088 1032 renunciat3
1117 945 1381 1025 monet,
1412 960 1505 1011 ne
1526 936 1867 1035 patriam,
1891 960 2119 1034 seque
2158 935 2480 1011 scientes

246 1090 323 1142 ac
353 1063 676 1138 volentes
712 1063 1068 1162 perdant3
1106 1062 1203 1135 ad
1240 1071 1602 1137 aestatem
1640 1063 1832 1136 enim
1891 1061 2297 1149 Rustanum
2334 1061 2483 1159 pri-

248 1190 520 1266 marium
576 1189 932 1264 vezirium
992 1195 1067 1261 et
1122 1210 1475 1283 generum
1550 1185 1958 1284 Solymani,
1995 1185 2483 1278 innumerabi-

246 1317 413 1392 libus
465 1314 702 1413 copiis
760 1314 856 1388 ad
930 1314 1402 1408 occupandas
1461 1313 1818 1410 reliquias
1858 1312 2248 1389 Inferioris
2322 1310 2474 1389 Un-

245 1444 472 1538 gariae
504 1450 577 1517 et
601 1440 1248 1517 Transsilvaniam
1268 1448 1674 1515 venturum.
1714 1440 1859 1514 His
1900 1462 2081 1537 ergo
2142 1439 2479 1514 omnibus

246 1569 574 1660 commoti,
669 1591 763 1642 ex
820 1567 1179 1642 communi
1254 1567 1561 1642 consilio
1608 1566 1900 1643 litteras
1992 1566 2086 1641 ad
2145 1562 2479 1664 Solyma-

247 1718 408 1783 nmn,
462 1696 560 1770 ad
633 1694 1160 1784 Petrovitium,
1238 1702 1313 1768 et
1383 1694 1717 1789 reginam
1774 1701 1998 1790 atque
2054 1695 2104 1772 J
2113 1693 2480 1768 ohannem

248 1821 434 1895 daut:
473 1844 646 1895 sese
702 1819 1072 1894 mandatis
1127 1819 1526 1918 parituros,
1575 1820 1642 1893 si
1679 1820 1957 1895 auxilia
2012 1818 2352 1908 viderint,
2389 1839 2481 1891 ac

243 1947 303 2020 in
336 1946 635 2022 eandem
674 1945 1115 2020 sententiam
1151 1945 1460 2041 reginae
1497 1953 1571 2019 et
1589 1946 1641 2022 J
1648 1945 1953 2035 ohanni,
2012 1952 2235 2041 atque
2289 1944 2481 2019 inter

245 2096 385 2147 sese
492 2073 711 2147 fidem
769 2095 859 2146 ac
939 2073 1457 2170 jusjurandum
1553 2073 1753 2148 dant.
1809 2071 2020 2163 Quae
2077 2094 2238 2147 cum
2330 2068 2480 2145 An-

242 2197 462 2273 dream
517 2198 867 2272 Batorem
941 2218 1087 2271 non
1140 2197 1524 2285 fallerent,
1603 2204 1678 2271 et
1733 2196 2053 2287 videret,
2134 2216 2479 2292 quorsum

239 2325 447 2400 exitus
484 2345 733 2398 rerum
825 2322 1182 2414 tenderet,
1219 2323 1764 2419 praefecturam
1799 2320 2202 2412 renunciat,
2260 2343 2481 2416 quam

243 2448 727 2524 Ferdinandus
784 2445 1162 2546 Stephano
1240 2447 1539 2523 Doboni
1577 2447 1673 2521 ob
1730 2446 2043 2542 Agriam
2100 2444 2478 2520 defensam

243 2576 464 2652 tradit.
543 2573 694 2652 Sed
753 2575 928 2671 quia
983 2574 1463 2650 Franciscnm
1519 2572 1798 2665 Kendi,
1853 2572 2088 2650 virum
2145 2570 2480 2670 pecuniis

244 2713 433 2801 atque
489 2702 758 2801 opibus
819 2702 894 2775 in
977 2701 1557 2776 Transsilvania
1609 2701 1834 2796 longe
1890 2698 2483 2798 potentissimum

203 2830 684 2905 'vehementer
743 2836 1123 2919 metueret,
1183 2836 1259 2902 et
1302 2828 1851 2927 praefecturam
1891 2826 2174 2902 ambire
2232 2825 2479 2916 sciret,

241 2954 502 3030 Doboni
543 2953 914 3049 collegam
955 2953 1338 3048 adjunxit:
1379 2960 1590 3028 ratus
1628 2951 1773 3027 fide
1823 2961 2046 3049 atque
2122 2948 2481 3026 beneficio

247 3101 380 3154 eum
399 3078 730 3154 inofficio
744 3085 1231 3170 retenturum3
1254 3078 1370 3151 sin
1390 3076 1651 3170 minus,
1672 3077 2016 3152 beneficii
2037 3085 2283 3152 tamen
2320 3077 2480 3172 glo-

244 3205 398 3278 riam
426 3227 532 3296 se,
552 3204 761 3279 illum
797 3202 1153 3301 perfidiae
1173 3201 1552 3277 infamiam
1591 3210 2231 3299 consequuturum.
2270 3202 2479 3277 Inter

247 3327 404 3405 haec
457 3328 906 3427 Solymanus
984 3328 1079 3403 ad
1188 3327 1591 3403 budensem
1649 3328 1986 3420 bassam,
2061 3335 2135 3402 et
2189 3334 2477 3402 ceteros

250 3476 471 3530 omnes
529 3455 955 3553 praefectos
1013 3454 1439 3529 mandatum
1493 3453 1641 3544 dat,
1698 3461 1779 3528 ut
1834 3452 2134 3527 Petrum
2170 3451 2478 3527 redeun-

243 3591 364 3654 tem
431 3603 523 3656 ex
601 3579 918 3655 Polonia
1010 3580 1087 3654 in
1164 3578 1817 3654 Transsilvaniam
1893 3577 2126 3675 copiis
2189 3579 2476 3673 juvent.

248 3704 427 3781 Duos
461 3728 644 3782 vero
666 3706 1056 3781 comitatus
1075 3706 1334 3802 Lugas
1362 3711 1437 3779 et
1456 3701 1939 3780 Caransebes
1980 3725 2143 3778 cum
2184 3702 2478 3801 oppidis

251 3832 544 3924 ejusdem
566 3831 888 3907 nominis
912 3831 1197 3907 duobus
1218 3830 1556 3930 proxime
1578 3828 1675 3904 ad
1695 3814 2121 3905 Danubium
2166 3827 2478 3924 Belgra-

249 3954 387 4029 dnm
421 3979 683 4034 versus
759 3980 846 4031 ac
883 3957 1501 4033 Transsilvaniae
1558 3954 1911 4032 finitimos
1953 3956 2142 4029 dono
2184 3954 2331 4029 dat.
2386 3955 2477 4030 In

252 4079 351 4153 his
399 4083 867 4159 comitatibus
923 4083 1305 4175 Rasciani,
1401 4082 1658 4175 armis,
1727 4082 1931 4173 viris,
1971 4081 2319 4178 equitatu,
2358 4103 2476 4157 sa-

245 4205 327 4279 tis
359 4208 741 4302 pollentes,
779 4208 1062 4284 amisso
1103 4210 1559 4284 Temesvaro
1611 4205 1908 4300 singula
1945 4204 2177 4280 millia
2216 4229 2476 4282 aureo·

244 4353 379 4406 rum
430 4357 811 4423 nummum,
867 4335 1127 4411 tributi
1180 4335 1498 4424 nomine,
1558 4332 2041 4429 beglerbegO,
2080 4340 2160 4408 ut
2214 4356 2474 4431 pacem

245 4454 676 4550 redimerent,
734 4461 1263 4561 pependerant.
1342 4461 1626 4538 Harum
1700 4482 1943 4535 rerum
2045 4459 2314 4535 fiducia
2379 4481 2472 4536 ex

240 4576 562 4661 Poloniae
598 4587 674 4661 in
732 4586 1146 4686 Ungariam
1226 4611 1309 4663 se
1364 4587 1667 4686 recepit,
1708 4594 1783 4660 et
1819 4585 1917 4662 ad
1954 4585 2339 4663 Tibiscum
2379 4588 2472 4663 ad
