3293 5219
2361 310 2511 387 281

261 553 436 605 vero
489 530 1087 627 inexpugnabili3
1135 532 1480 629 oppidum
1500 529 1733 626 pediti
1771 530 2335 626 receptaculum,
2376 532 2520 627 pri-

258 682 378 732 ma
432 659 679 732 fronte
736 656 1225 755 capiendum3
1294 664 1552 754 aperto
1611 679 1841 731 saeva
1901 655 2139 730 hieme
2200 655 2520 752 peditem

256 807 403 859 non
468 784 901 857 consistere.
986 780 1351 857 Svendius
1402 785 1497 856 ab
1591 782 1995 857 minoribus
2064 782 2520 879 experimen-

255 919 406 985 tum
429 911 617 1007 capi.
639 908 898 984 Valuit
920 909 1279 984 Bathorei
1301 909 1691 981 sententia.
1712 908 1833 981 Ita
1857 907 2094 981 Nonis
2118 908 2511 981 Februarii

257 1039 626 1134 Tocajum
682 1044 1142 1135 perventum.
1222 1036 1338 1110 Ea
1393 1060 1530 1110 arx
1585 1035 1661 1109 in
1699 1034 2086 1132 peninsula
2125 1035 2289 1128 sita,
2352 1059 2518 1110 cou-

258 1188 483 1240 cursu
523 1164 840 1241 amnium
888 1164 1174 1240 Tibisci
1215 1187 1304 1239 ac
1332 1161 1687 1257 Bodrogi‚
1717 1185 1860 1236 uno
1902 1162 1998 1236 ab
2040 1159 2277 1236 latere
2313 1163 2522 1237 fossa

258 1294 549 1388 ingens,
605 1292 1212 1389 propugnaculis,
1274 1291 1723 1394 aggeribus,
1784 1288 2100 1385 aliisque
2158 1290 2383 1364 rebus
2444 1290 2519 1362 in

260 1422 570 1515 longum
629 1418 998 1494 obsidium
1054 1419 1372 1510 munita,
1449 1417 1515 1490 si
1592 1419 1892 1492 fortuna
1950 1437 2191 1513 aequa
2237 1416 2519 1491 fuisset.

261 1545 644 1645 Oppidum
700 1553 1001 1643 praeter
1038 1547 1315 1621 fossam
1376 1553 1450 1620 et
1517 1550 1762 1619 crates
1803 1544 1988 1619 muri
2027 1544 2279 1642 specie
2320 1544 2525 1617 mini.

257 1698 374 1748 me
433 1672 779 1747 validum.
822 1673 1273 1748 Franciscus
1313 1670 1684 1769 Nemethy
1720 1672 1920 1745 mille
1959 1671 2523 1768 quingentorum

256 1800 913 1875 selectissimorum
952 1800 1259 1875 militum
1316 1799 1692 1897 praesidio
1744 1800 2108 1873 tuebatur.
2152 1795 2517 1872 Svendius

261 1951 428 2002 cum
472 1924 736 2001 CCCC
761 1924 1182 2020 Germanis,
1223 1937 1298 2001 et
1314 1927 1623 2024 ungaris
1646 1926 2018 2022 equitibus
2056 1925 2382 2016 totidem,
2406 1948 2525 1998 ex-

257 2053 610 2151 plorandi
635 2053 823 2129 situs
851 2077 1079 2128 causa
1098 2053 1482 2153 praecedit
1504 2078 1519 2148 3
1544 2074 1728 2149 quos
1750 2051 2123 2147 Nemethy
2143 2052 2293 2125 acri
2312 2074 2523 2149 prae-

257 2180 358 2255 lio
403 2179 724 2276 excipit,
783 2203 871 2254 ac
928 2188 1149 2276 terga
1204 2187 1495 2254 vertere
1556 2178 1810 2274 cogit:
1868 2179 2002 2252 sed
2060 2177 2228 2252 aliis
2288 2200 2511 2275 super

258 2307 457 2381 alios
536 2303 811 2381 auxilio
912 2306 1403 2398 venientibus,
1480 2305 1760 2380 recedit
1835 2303 1995 2379 sine
2072 2304 2355 2397 damn0,
2432 2326 2523 2376 ex

258 2433 545 2507 nostris
615 2432 856 2508 caesis
941 2432 1240 2529 aliquot.
1316 2431 1501 2506 Post
1535 2429 1897 2529 praelium
1938 2429 2264 2504 secunda
2301 2452 2525 2527 oppu-

256 2558 643 2656 gnationis
702 2558 820 2634 die
860 2558 1209 2658 oppidum
1246 2565 1619 2657 receptum
1651 2615 1666 2650 ,
1725 2578 1997 2653 magno
2036 2556 2199 2632 usui
2237 2578 2522 2653 germa-

255 2686 377 2760 nis
477 2685 871 2784 peditibus.
953 2683 1270 2762 Gabriel
1325 2685 1686 2760 Perenius
1742 2684 2012 2758 illustri
2066 2683 2231 2759 loco
2287 2690 2524 2776 natus,

256 2813 686 2910 sumptibus
762 2812 917 2889 suis
1016 2811 1580 2909 quadringentis
1657 2808 2065 2907 equitibus,
2118 2809 2526 2908 'peditibus

259 2936 568 3031 DCCC,
585 2939 992 3016 canonibus
1013 2939 1265 3015 aeneis
1279 2938 1703 3035 ingentibus
1726 2945 2042 3034 quatuor
2080 2936 2432 3028 advectis,
2454 2937 2528 3009 in

253 3074 603 3163 tempore
679 3065 933 3141 adfuit.
1009 3066 1367 3142 Nicolaus
1406 3065 1824 3140 Bathoreus
1889 3063 2201 3137 Echetio
2243 3061 2529 3160 equites

254 3191 416 3286 CO,
460 3213 784 3267 canones
825 3192 1008 3269 duos
1066 3192 1283 3267 misit.
1344 3190 1717 3268 Cassovia
1756 3193 1900 3267 duo
1942 3210 2265 3265 canones
2290 3196 2364 3263 et
2403 3209 2526 3263 co-

254 3318 608 3395 lubrinae
645 3326 800 3394 tres
844 3327 1296 3417 assumptae,
1315 3319 1612 3397 Vienna
1650 3319 1810 3393 XII
1864 3317 2148 3392 minora
2165 3318 2529 3390 tormenta

253 3445 631 3520 subvecta
747 3453 978 3520 erant.
1071 3445 1491 3521 Bathoreus
1549 3466 1713 3518 cum
1772 3441 2095 3518 Svendio
2153 3464 2527 3540 oppugna-

250 3571 539 3648 tionem
594 3571 735 3646 hoc
795 3571 1009 3647 modo
1050 3571 1478 3646 instituunt:
1573 3569 2056 3644 Melchiorem
2128 3566 2527 3643 Balassam

253 3720 430 3773 cum
450 3704 669 3796 parte
691 3697 1069 3796 copiarum
1086 3696 1609 3795 ungarioarum
1652 3695 2084 3792 duobusque
2124 3693 2528 3769 canonibus

256 3830 335 3899 et
433 3822 721 3919 aliquot
794 3823 1177 3897 tormentis
1296 3821 1701 3898 minoribus
1814 3820 2195 3895 Tibiscum
2286 3819 2530 3915 glacie

249 3950 797 4041 transmittere,
821 3957 895 4025 et
912 3949 1118 4025 illinc
1139 3973 1406 4047 urgere
1419 3950 1709 4046 Jubent3
1738 3954 2050 4046 quatuor
2072 3966 2394 4021 canones
2437 3968 2528 4018 ex

250 4082 486 4175 parte
507 4072 862 4169 Bodrogi,
887 4073 1071 4148 duos
1095 4073 1585 4164 acontinenti‚
1630 4071 2054 4147 colubrinas
2094 4068 2342 4167 tresqin
2381 4071 2529 4143 col-

249 4201 407 4277 lem
471 4200 1067 4297 quadringentos
1123 4221 1394 4298 passus
1451 4198 1885 4289 distantem,
1927 4196 2136 4294 queis
2173 4195 2531 4270 interiora

247 4334 718 4427 peterentur,
756 4326 1029 4402 locant.
1094 4324 1378 4417 Quarta
1417 4325 1534 4401 die
1574 4335 1971 4423 postquam
2008 4323 2196 4397 muri
2237 4322 2528 4420 dejecti,

248 4455 586 4531 cducunt
609 4453 931 4546 militem,
970 4451 1284 4527 miscent
1325 4453 1727 4550 praelium3
1765 4452 1841 4526 hi
1864 4469 2217 4550 superare
2255 4471 2529 4541 muros,

241 4582 407 4677 niti,
429 4582 867 4681 hostemque
890 4580 1248 4678 dejicere:
1297 4580 1747 4657 illiecontra
1768 4602 1937 4657 sese
1975 4578 2188 4673 tueri,
2232 4574 2519 4655 hostem
