3293 5219
2421 374 2571 451 125

338 592 620 690 reliquo
701 595 1067 668 exercitus
1148 595 1510 691 equestris
1569 594 1834 670 robore
1894 596 2411 690 sequebantur,
2456 618 2577 691 ap-

323 719 847 817 propinquare,
862 743 1170 817 moxque
1185 720 1383 795 nulla
1398 721 1595 794 facta
1610 743 1816 795 mora
1828 721 2191 819 intrepide
2202 723 2279 797 in
2292 722 2578 797 hostem

330 845 581 922 invehi
590 846 725 942 jub
733 854 824 922 et.
848 847 994 922 Hic
1011 854 1259 921 tantus
1279 847 1594 947 pilarum
1631 848 2275 925 bombardicarum
2294 850 2582 924 nimbus

328 973 430 1046 in*
464 994 594 1047 eos
637 996 729 1048 ex
772 996 946 1048 arce
985 970 1445 1071 hostiumque
1487 975 1757 1049 castris
1781 983 1897 1050 est
1935 976 2251 1069 effusus,
2290 984 2371 1051 ut
2397 977 2583 1072 jam-

320 1102 480 1195 jam
543 1101 927 1177 universas
984 1102 1238 1201 copias
1297 1101 1604 1176 deleturi
1644 1100 2108 1199 viderentur3
2164 1125 2301 1178 nec
2337 1110 2581 1177 tamen

338 1227 711 1324 quippiam
740 1228 883 1304 hoc
918 1252 1159 1303 rerum
1201 1227 1621 1304 discrimine
1658 1231 1893 1306 nostri
1930 1230 2149 1304 fracti
2188 1240 2376 1322 sunt,
2416 1230 2587 1327 quin

336 1361 584 1427 mutuo
662 1366 832 1431 sese
889 1355 1273 1444 cohortati,
1349 1357 1496 1430 non
1525 1358 1792 1431 banum
1830 1354 2070 1447 modo,
2106 1355 2252 1430 Dei
2290 1355 2581 1445 auxilio,

333 1478 675 1577 eripuere
696 1537 713 1572 ,
754 1481 885 1556 sed
904 1481 1188 1577 praelio
1208 1483 1615 1558 instaurato
1636 1482 1925 1557 hostem
1944 1490 2114 1582 post
2129 1483 2426 1577 longam
2483 1481 2583 1555 di—

334 1606 795 1682 micationem
833 1609 908 1683 in
928 1610 1176 1705 fugam
1202 1616 1512 1700 vertere,
1559 1609 2050 1707 bifariamque
2087 1610 2159 1684 iu
2196 1610 2363 1708 ipsa
2400 1609 2580 1704 fuga

334 1731 675 1825 divisum,
715 1734 1082 1832 partimin
1118 1735 1354 1811 amnis
1394 1735 1736 1829 vortices,
1773 1734 2047 1834 partim
2085 1735 2159 1808 in
2200 1735 2394 1809 areis
2433 1736 2575 1809 fos-

330 1882 488 1933 sam
567 1884 874 1959 pronum
947 1884 1207 1959 egere3
1283 1863 1407 1937 ubi
1464 1863 1671 1938 multi
1727 1871 2143 1939 nostrorum
2199 1863 2438 1939 studio
2477 1863 2581 1937 in-

329 1985 691 2083 sequendi
733 1988 1021 2062 avidius
1076 1990 1269 2064 ultra
1324 2014 1607 2065 amnem
1666 1991 2000 2091 provecti
2064 1992 2296 2082 fuere,
2352 1989 2475 2087 qui
2531 2014 2578 2063 a

328 2112 606 2188 Turcis
662 2114 967 2213 repulsi,
999 2117 1640 2215 profunditateque
1699 2118 1908 2193 coeni
1964 2117 2316 2215 immersi,
2372 2111 2579 2190 multi

328 2238 608 2313 ibidem
663 2240 1039 2338 oppressi,
1146 2242 1479 2340 plerique
1535 2243 1632 2316 ab
1690 2243 2059 2340 equitibus
2114 2242 2577 2338 germanicis,

330 2387 522 2462 quos
590 2364 960 2461 palatinus
1014 2369 1298 2442 interea
1354 2369 1703 2470 temporis
1761 2368 1857 2444 ad
1911 2370 2144 2468 ripam
2193 2375 2576 2459 statuerat,

330 2502 502 2568 sunt
554 2495 889 2592 protecti.
946 2495 1138 2570 Dum
1194 2497 1379 2571 haec
1432 2504 1767 2593 aguntur,
1821 2497 2071 2571 Turca
2123 2495 2338 2587 vado,
2378 2493 2573 2591 quod

329 2622 530 2696 infra
568 2630 891 2698 castrum
912 2632 1091 2716 erat,
1108 2627 1450 2721 trajecto,
1491 2614 1788 2700 nostros
1827 2650 1874 2700 a
1926 2633 2139 2721 tergo
2177 2623 2572 2698 circumve·

325 2748 472 2841 uit;
515 2749 1230 2849 conturbaveratque
1249 2750 1575 2826 nonnihil
1617 2758 1911 2827 nostros
1950 2752 2331 2847 insperata
2367 2746 2571 2823 calli-

333 2874 606 2967 ditate3
646 2885 723 2951 at
759 2876 1046 2976 pedites
1084 2879 1415 2974 germani
1455 2877 1732 2953 auxilio
1757 2885 2169 2976 ‘opportune
2209 2874 2579 2966 submissi,

205 3087 220 3102 ,
331 3025 476 3078 non
535 3003 760 3079 multo
831 3005 1129 3102 negotio
1184 3004 1357 3105 pilis
1413 3003 1914 3079 bombardicis
1971 3026 2222 3079 eorum
2280 3002 2579 3079 ordines

329 3131 888 3228 perturbavere,
934 3132 1197 3230 quibus
1249 3128 1544 3224 laxatis,
1585 3132 1872 3229 equites
1912 3156 1953 3207 e
1979 3130 2299 3228 vestigio
2337 3127 2575 3205 nostri

331 3258 653 3333 subitam
689 3282 948 3336 rursus
996 3259 1079 3333 in
1137 3282 1266 3334 eos
1320 3259 1877 3358 impressionem
1936 3259 2205 3351 fecere,
2240 3259 2579 3354 ultraque

336 3406 623 3459 amnem
707 3386 1063 3482 rejectos,
1157 3385 1529 3483 pigriores
1603 3387 1917 3484 amplius
2025 3385 2119 3460 ad
2226 3405 2579 3459 renovan-

338 3509 505 3586 dum
566 3519 940 3586 certamen
992 3512 1257 3587 fecere.
1354 3512 1500 3585 Hic
1571 3510 1741 3586 finis
1778 3534 2073 3611 pugnae
2127 3510 2286 3603 fuit,
2319 3509 2400 3584 in
2437 3531 2582 3604 qua

338 3646 688 3736 quantum
729 3662 821 3712 ex
859 3636 1214 3737 perfugis,
1237 3639 1358 3737 qui
1397 3641 1824 3736 frequentes
1861 3664 1910 3713 a
1945 3638 2330 3713 commisso
2366 3657 2578 3734 prae·

345 3765 444 3839 lio
484 3786 779 3857 venere,
841 3788 1293 3864 cognoscere
1314 3766 1555 3866 potui,
1631 3765 2150 3864 quadringenti
2188 3771 2313 3840 aut
2366 3764 2582 3859 paulo

334 3892 591 3990 plures
612 3889 930 3968 bostium
968 3895 1232 3992 partim
1270 3894 1492 3987 ferro,
1512 3893 1780 3990 partim
1801 3916 2030 3970 coeno
2071 3890 2440 3990 absumpti
2475 3890 2580 3963 in·

333 4018 647 4114 teriere;
685 4019 918 4094 saucii
973 4021 1169 4096 ultra
1223 4017 1385 4095 DC.
1425 4028 1842 4096 nostrorum
1879 4020 2190 4094 ducenta
2227 4026 2301 4094 et
2335 4023 2578 4114 septu-

338 4147 594 4244 aginta
651 4149 899 4247 capita
969 4172 1105 4248 pro
1160 4149 1478 4224 tentorio
1555 4151 1827 4223 bassae
1898 4146 2179 4246 posita,
2272 4130 2578 4240 triginta

340 4274 634 4350 circiter
674 4274 911 4374 capti;
974 4299 1065 4351 ex
1088 4274 1419 4371 Ungaris
1459 4297 1604 4349 non
1640 4274 1839 4349 ultra
1860 4272 2351 4371 quadraginta
2388 4269 2577 4347 desi-

337 4404 599 4496 derati,
649 4405 842 4479 inter
896 4426 1025 4478 eos
1061 4402 1390 4479 Jacobus
1447 4400 1924 4478 Nadasdinus
1960 4400 2192 4475 frater
2246 4397 2574 4496 pal-atini,

338 4558 618 4613 summa
657 4555 792 4631 spe
832 4532 1304 4622 adolescens,
1359 4529 1694 4606 Joannes
1751 4523 2046 4602 Ozobor
2118 4549 2262 4601 non
2337 4523 2573 4599 minus

339 4664 730 4764 praeclara
762 4659 1026 4752 indole,
1049 4683 1267 4757 quam
1285 4659 1642 4754 majorum
1683 4655 2075 4754 splendore
2115 4652 2573 4751 conspicuus,
