<?xml version="1.0" encoding="UTF-8"?>
<!DOCTYPE html PUBLIC "-//W3C//DTD XHTML 1.0 Transitional//EN"
    "http://www.w3.org/TR/xhtml1/DTD/xhtml1-transitional.dtd">
<html xmlns="http://www.w3.org/1999/xhtml" xml:lang="en" lang="en">
 <head>
  <title>
</title>
<meta http-equiv="Content-Type" content="text/html;charset=utf-8" />
  <meta name='ocr-system' content='tesseract 3.04.00' />
  <meta name='ocr-capabilities' content='ocr_page ocr_carea ocr_par ocr_line ocrx_word'/>
</head>
<body>
  <div class='ocr_page' id='page_1' title='image "./magyarhistorija00bpgoog/magyarhistorija00bpgoog_0079.png"; bbox 0 0 3293 5219; ppageno 0'>
   <div class='ocr_carea' id='block_1_1' title="bbox 2305 323 2462 389">
    <p class='ocr_par' dir='ltr' id='par_1_1' title="bbox 2305 323 2462 389">
     <span class='ocr_line' id='line_1_1' title="bbox 2305 323 2462 389; baseline 0.013 -2"><span class='ocrx_word' id='word_1_1' title='bbox 2305 323 2462 389; x_wconf 91' lang='lat' dir='ltr'>LXI</span> 
     </span>
    </p>
   </div>
   <div class='ocr_carea' id='block_1_2' title="bbox 1291 608 1390 681">
    <p class='ocr_par' dir='ltr' id='par_1_2' title="bbox 1291 608 1390 681">
     <span class='ocr_line' id='line_1_2' title="bbox 1291 608 1390 681; baseline -0.03 0"><span class='ocrx_word' id='word_1_2' title='bbox 1291 608 1390 681; x_wconf 89' lang='grc' dir='ltr'>ΙΙ.</span> 
     </span>
    </p>
   </div>
   <div class='ocr_carea' id='block_1_3' title="bbox 223 776 2463 1009">
    <p class='ocr_par' dir='ltr' id='par_1_3' title="bbox 223 776 2463 1009">
     <span class='ocr_line' id='line_1_3' title="bbox 223 776 2463 884; baseline 0.008 -36"><span class='ocrx_word' id='word_1_3' title='bbox 223 776 354 850; x_wconf 88' lang='lat' dir='ltr'>IV.</span> <span class='ocrx_word' id='word_1_4' title='bbox 423 780 607 853; x_wconf 76' lang='lat' dir='ltr'>Pius</span> <span class='ocrx_word' id='word_1_5' title='bbox 655 785 869 878; x_wconf 70' lang='lat' dir='ltr'>pdpa</span> <span class='ocrx_word' id='word_1_6' title='bbox 926 788 1338 882; x_wconf 69' lang='lat' dir='ltr'>meyerbsitb</span> <span class='ocrx_word' id='word_1_7' title='bbox 1410 782 1687 883; x_wconf 74' lang='lat' dir='ltr'>bullcija</span> <span class='ocrx_word' id='word_1_8' title='bbox 1761 788 2091 884; x_wconf 71' lang='lat' dir='ltr'>Foryciclt</span> <span class='ocrx_word' id='word_1_9' title='bbox 2151 788 2222 862; x_wconf 87' lang='lat' dir='ltr'><em>F</em></span> <span class='ocrx_word' id='word_1_10' title='bbox 2219 815 2463 865; x_wconf 74' lang='lat' dir='ltr'>erencz</span> 
     </span>
     <span class='ocr_line' id='line_1_4' title="bbox 423 906 2248 1009; baseline 0.007 -32"><span class='ocrx_word' id='word_1_11' title='bbox 423 906 885 1005; x_wconf 74' lang='lat' dir='ltr'>nayyvciradi</span> <span class='ocrx_word' id='word_1_12' title='bbox 925 908 1209 1006; x_wconf 77' lang='lat' dir='ltr'>piispb&#39;k</span> <span class='ocrx_word' id='word_1_13' title='bbox 1243 914 1539 1004; x_wconf 58' lang='lat' dir='ltr'>reszere,</span> <span class='ocrx_word' id='word_1_14' title='bbox 1586 914 1818 985; x_wconf 80' lang='lat'><em>1560.</em></span> <span class='ocrx_word' id='word_1_15' title='bbox 1843 909 2082 1009; x_wconf 71' lang='lat' dir='ltr'>jzilim</span> <span class='ocrx_word' id='word_1_16' title='bbox 2120 918 2248 989; x_wconf 83' lang='lat'>17.</span> 
     </span>
    </p>
   </div>
   <div class='ocr_carea' id='block_1_4' title="bbox 218 1102 2464 1835">
    <p class='ocr_par' dir='ltr' id='par_1_4' title="bbox 218 1102 2464 1835">
     <span class='ocr_line' id='line_1_5' title="bbox 423 1102 2460 1204; baseline 0.005 -25"><span class='ocrx_word' id='word_1_17' title='bbox 423 1102 603 1180; x_wconf 92' lang='lat' dir='ltr'>Pius</span> <span class='ocrx_word' id='word_1_18' title='bbox 641 1104 1066 1204; x_wconf 75' lang='lat' dir='ltr'>Episcopus</span> <span class='ocrx_word' id='word_1_19' title='bbox 1104 1103 1386 1181; x_wconf 86' lang='lat' dir='ltr'>Servus</span> <span class='ocrx_word' id='word_1_20' title='bbox 1414 1104 1815 1183; x_wconf 85' lang='lat' dir='ltr'>Servorum</span> <span class='ocrx_word' id='word_1_21' title='bbox 1843 1108 2010 1183; x_wconf 89' lang='lat' dir='ltr'>Dei.</span> <span class='ocrx_word' id='word_1_22' title='bbox 2036 1152 2135 1162; x_wconf 93' lang='lat'>--</span> <span class='ocrx_word' id='word_1_23' title='bbox 2160 1110 2460 1189; x_wconf 92' lang='lat' dir='ltr'>Dilecto</span> 
     </span>
     <span class='ocr_line' id='line_1_6' title="bbox 221 1226 2461 1328; baseline 0.006 -30"><span class='ocrx_word' id='word_1_24' title='bbox 221 1226 363 1304; x_wconf 85' lang='lat' dir='ltr'>filio</span> <span class='ocrx_word' id='word_1_25' title='bbox 417 1229 827 1307; x_wconf 87' lang='lat' dir='ltr'>Francisco</span> <span class='ocrx_word' id='word_1_26' title='bbox 886 1231 1239 1326; x_wconf 83' lang='lat' dir='ltr'>Forgach</span> <span class='ocrx_word' id='word_1_27' title='bbox 1297 1232 1562 1309; x_wconf 93' lang='lat' dir='ltr'>Electo</span> <span class='ocrx_word' id='word_1_28' title='bbox 1614 1232 2066 1309; x_wconf 91' lang='lat' dir='ltr'>Varadiensi</span> <span class='ocrx_word' id='word_1_29' title='bbox 2123 1235 2461 1328; x_wconf 89' lang='lat' dir='ltr'>salutem,</span> 
     </span>
     <span class='ocr_line' id='line_1_7' title="bbox 219 1356 2461 1458; baseline 0.004 -29"><span class='ocrx_word' id='word_1_30' title='bbox 219 1363 287 1429; x_wconf 89' lang='lat' dir='ltr'>et</span> <span class='ocrx_word' id='word_1_31' title='bbox 340 1356 849 1455; x_wconf 89' lang='lat' dir='ltr'>Apostolicam</span> <span class='ocrx_word' id='word_1_32' title='bbox 905 1358 1514 1435; x_wconf 79' lang='lat' dir='ltr'>benedictionem.</span> <span class='ocrx_word' id='word_1_33' title='bbox 1588 1358 2084 1458; x_wconf 90' lang='lat' dir='ltr'>Apostolatus</span> <span class='ocrx_word' id='word_1_34' title='bbox 2142 1361 2461 1439; x_wconf 83' lang='lat' dir='ltr'>officium</span> 
     </span>
     <span class='ocr_line' id='line_1_8' title="bbox 218 1483 2459 1586; baseline 0.004 -29"><span class='ocrx_word' id='word_1_35' title='bbox 218 1483 484 1558; x_wconf 86' lang='lat' dir='ltr'>meritis</span> <span class='ocrx_word' id='word_1_36' title='bbox 538 1484 717 1561; x_wconf 90' lang='lat' dir='ltr'>licet</span> <span class='ocrx_word' id='word_1_37' title='bbox 753 1485 1158 1584; x_wconf 81' lang='lat' dir='ltr'>imparibus</span> <span class='ocrx_word' id='word_1_38' title='bbox 1198 1485 1415 1562; x_wconf 89' lang='lat' dir='ltr'>nobis</span> <span class='ocrx_word' id='word_1_39' title='bbox 1455 1510 1549 1561; x_wconf 80' lang='lat' dir='ltr'>ex</span> <span class='ocrx_word' id='word_1_40' title='bbox 1589 1488 1741 1561; x_wconf 90' lang='lat' dir='ltr'>alto</span> <span class='ocrx_word' id='word_1_41' title='bbox 1787 1488 2273 1579; x_wconf 90' lang='lat' dir='ltr'>commissum,</span> <span class='ocrx_word' id='word_1_42' title='bbox 2316 1513 2459 1586; x_wconf 93' lang='lat' dir='ltr'>quo</span> 
     </span>
     <span class='ocr_line' id='line_1_9' title="bbox 219 1608 2460 1714; baseline 0.004 -30"><span class='ocrx_word' id='word_1_43' title='bbox 219 1608 711 1686; x_wconf 82' lang='lat' dir='ltr'>Ecclesiarum</span> <span class='ocrx_word' id='word_1_44' title='bbox 789 1612 1106 1688; x_wconf 92' lang='lat' dir='ltr'>omnium</span> <span class='ocrx_word' id='word_1_45' title='bbox 1178 1611 1557 1706; x_wconf 82' lang='lat' dir='ltr'>Regimini</span> <span class='ocrx_word' id='word_1_46' title='bbox 1648 1612 1902 1689; x_wconf 90' lang='lat' dir='ltr'>divina</span> <span class='ocrx_word' id='word_1_47' title='bbox 1974 1613 2460 1714; x_wconf 88' lang='lat' dir='ltr'>dispositione</span> 
     </span>
     <span class='ocr_line' id='line_1_10' title="bbox 219 1737 2464 1835; baseline 0.004 -25"><span class='ocrx_word' id='word_1_48' title='bbox 219 1737 740 1833; x_wconf 82' lang='lat' dir='ltr'>praesidemus,</span> <span class='ocrx_word' id='word_1_49' title='bbox 778 1738 1060 1815; x_wconf 86' lang='lat' dir='ltr'>utiliter</span> <span class='ocrx_word' id='word_1_50' title='bbox 1119 1738 1388 1835; x_wconf 82' lang='lat' dir='ltr'>exequi</span> <span class='ocrx_word' id='word_1_51' title='bbox 1447 1738 1936 1834; x_wconf 79' lang='lat' dir='ltr'>coadjuvante</span> <span class='ocrx_word' id='word_1_52' title='bbox 1996 1740 2307 1817; x_wconf 90' lang='lat' dir='ltr'>Domino</span> <span class='ocrx_word' id='word_1_53' title='bbox 2345 1765 2464 1818; x_wconf 93' lang='lat' dir='ltr'>cu-</span> 
     </span>
    </p>
   </div>
   <div class='ocr_carea' id='block_1_5' title="bbox 220 1862 2591 1973">
    <p class='ocr_par' dir='ltr' id='par_1_5' title="bbox 220 1862 2591 1973">
     <span class='ocr_line' id='line_1_11' title="bbox 220 1862 2591 1973; baseline 0.003 -38"><span class='ocrx_word' id='word_1_54' title='bbox 220 1862 516 1958; x_wconf 86' lang='lat' dir='ltr'>pientes,</span> <span class='ocrx_word' id='word_1_55' title='bbox 559 1864 861 1941; x_wconf 91' lang='lat' dir='ltr'>solliciti</span> <span class='ocrx_word' id='word_1_56' title='bbox 902 1865 1123 1941; x_wconf 92' lang='lat' dir='ltr'>corde</span> <span class='ocrx_word' id='word_1_57' title='bbox 1163 1864 1534 1940; x_wconf 90' lang='lat' dir='ltr'>reddimur</span> <span class='ocrx_word' id='word_1_58' title='bbox 1573 1872 1648 1939; x_wconf 92' lang='lat' dir='ltr'>et</span> <span class='ocrx_word' id='word_1_59' title='bbox 1684 1865 2021 1958; x_wconf 90' lang='lat' dir='ltr'>solertes,</span> <span class='ocrx_word' id='word_1_60' title='bbox 2061 1875 2143 1943; x_wconf 89' lang='lat' dir='ltr'>ut</span> <span class='ocrx_word' id='word_1_61' title='bbox 2169 1890 2331 1944; x_wconf 91' lang='lat' dir='ltr'>cum</span> <span class='ocrx_word' id='word_1_62' title='bbox 2370 1868 2461 1943; x_wconf 95' lang='lat' dir='ltr'>de</span> <span class='ocrx_word' id='word_1_63' title='bbox 2566 1948 2591 1973; x_wconf 88' lang='lat'><strong>.</strong></span> 
     </span>
    </p>
   </div>
   <div class='ocr_carea' id='block_1_6' title="bbox 217 1988 2462 4625">
    <p class='ocr_par' dir='ltr' id='par_1_6' title="bbox 217 1988 2462 4625">
     <span class='ocr_line' id='line_1_12' title="bbox 219 1988 2459 2091; baseline 0.003 -28"><span class='ocrx_word' id='word_1_64' title='bbox 219 1988 717 2069; x_wconf 84' lang='lat' dir='ltr'>Ecclesiamm</span> <span class='ocrx_word' id='word_1_65' title='bbox 753 1992 1079 2091; x_wconf 91' lang='lat' dir='ltr'>ipsarum</span> <span class='ocrx_word' id='word_1_66' title='bbox 1111 1991 1594 2089; x_wconf 82' lang='lat' dir='ltr'>regiminibus</span> <span class='ocrx_word' id='word_1_67' title='bbox 1624 1992 1877 2090; x_wconf 82' lang='lat' dir='ltr'>agitur</span> <span class='ocrx_word' id='word_1_68' title='bbox 1896 1994 2459 2088; x_wconf 89' lang='lat' dir='ltr'>committendis,</span> 
     </span>
     <span class='ocr_line' id='line_1_13' title="bbox 217 2118 2458 2220; baseline 0.003 -30"><span class='ocrx_word' id='word_1_69' title='bbox 217 2118 395 2193; x_wconf 85' lang='lat' dir='ltr'>tales</span> <span class='ocrx_word' id='word_1_70' title='bbox 433 2119 549 2194; x_wconf 90' lang='lat' dir='ltr'>eis</span> <span class='ocrx_word' id='word_1_71' title='bbox 587 2119 664 2194; x_wconf 92' lang='lat' dir='ltr'>in</span> <span class='ocrx_word' id='word_1_72' title='bbox 700 2126 1048 2218; x_wconf 87' lang='lat' dir='ltr'>pastores</span> <span class='ocrx_word' id='word_1_73' title='bbox 1102 2119 1514 2218; x_wconf 88' lang='lat' dir='ltr'>praeficere</span> <span class='ocrx_word' id='word_1_74' title='bbox 1572 2118 2024 2211; x_wconf 87' lang='lat' dir='ltr'>studeamus,</span> <span class='ocrx_word' id='word_1_75' title='bbox 2067 2121 2189 2217; x_wconf 92' lang='lat' dir='ltr'>qui</span> <span class='ocrx_word' id='word_1_76' title='bbox 2229 2143 2458 2220; x_wconf 92' lang='lat' dir='ltr'>popu-</span> 
     </span>
     <span class='ocr_line' id='line_1_14' title="bbox 217 2244 2460 2323; baseline 0.002 -5"><span class='ocrx_word' id='word_1_77' title='bbox 217 2244 352 2319; x_wconf 92' lang='lat' dir='ltr'>lum</span> <span class='ocrx_word' id='word_1_78' title='bbox 388 2268 573 2322; x_wconf 93' lang='lat' dir='ltr'>suae</span> <span class='ocrx_word' id='word_1_79' title='bbox 612 2269 834 2323; x_wconf 93' lang='lat' dir='ltr'>curae</span> <span class='ocrx_word' id='word_1_80' title='bbox 874 2246 1336 2323; x_wconf 92' lang='lat' dir='ltr'>commissum</span> <span class='ocrx_word' id='word_1_81' title='bbox 1377 2246 1621 2322; x_wconf 89' lang='lat' dir='ltr'>sciant</span> <span class='ocrx_word' id='word_1_82' title='bbox 1656 2269 1803 2322; x_wconf 92' lang='lat' dir='ltr'>non</span> <span class='ocrx_word' id='word_1_83' title='bbox 1843 2247 2080 2321; x_wconf 92' lang='lat' dir='ltr'>solum</span> <span class='ocrx_word' id='word_1_84' title='bbox 2121 2246 2460 2323; x_wconf 90' lang='lat' dir='ltr'>doctrina</span> 
     </span>
     <span class='ocr_line' id='line_1_15' title="bbox 223 2372 2460 2472; baseline 0.002 -27"><span class='ocrx_word' id='word_1_85' title='bbox 223 2374 435 2463; x_wconf 79' lang='lat' dir='ltr'>verbi,</span> <span class='ocrx_word' id='word_1_86' title='bbox 476 2373 618 2449; x_wconf 91' lang='lat' dir='ltr'>sed</span> <span class='ocrx_word' id='word_1_87' title='bbox 653 2374 876 2449; x_wconf 87' lang='lat' dir='ltr'>etiam</span> <span class='ocrx_word' id='word_1_88' title='bbox 915 2374 1254 2472; x_wconf 84' lang='lat' dir='ltr'>exemplo</span> <span class='ocrx_word' id='word_1_89' title='bbox 1292 2374 1468 2451; x_wconf 91' lang='lat' dir='ltr'>boni</span> <span class='ocrx_word' id='word_1_90' title='bbox 1507 2372 1757 2472; x_wconf 90' lang='lat' dir='ltr'>operis</span> <span class='ocrx_word' id='word_1_91' title='bbox 1805 2373 2229 2467; x_wconf 87' lang='lat' dir='ltr'>informare,</span> <span class='ocrx_word' id='word_1_92' title='bbox 2270 2396 2460 2450; x_wconf 93' lang='lat' dir='ltr'>com-</span> 
     </span>
     <span class='ocr_line' id='line_1_16' title="bbox 221 2496 2458 2597; baseline 0.001 -26"><span class='ocrx_word' id='word_1_93' title='bbox 221 2498 622 2597; x_wconf 87' lang='lat' dir='ltr'>missasque</span> <span class='ocrx_word' id='word_1_94' title='bbox 660 2498 805 2574; x_wconf 90' lang='lat' dir='ltr'>sibi</span> <span class='ocrx_word' id='word_1_95' title='bbox 843 2500 1232 2575; x_wconf 90' lang='lat' dir='ltr'>Ecclesias</span> <span class='ocrx_word' id='word_1_96' title='bbox 1269 2499 1347 2574; x_wconf 91' lang='lat' dir='ltr'>in</span> <span class='ocrx_word' id='word_1_97' title='bbox 1386 2508 1586 2576; x_wconf 92' lang='lat' dir='ltr'>statu</span> <span class='ocrx_word' id='word_1_98' title='bbox 1624 2496 1937 2597; x_wconf 90' lang='lat' dir='ltr'>pacifico</span> <span class='ocrx_word' id='word_1_99' title='bbox 1961 2504 2037 2573; x_wconf 92' lang='lat' dir='ltr'>et</span> <span class='ocrx_word' id='word_1_100' title='bbox 2058 2498 2458 2597; x_wconf 87' lang='lat' dir='ltr'>tranquillo</span> 
     </span>
     <span class='ocr_line' id='line_1_17' title="bbox 217 2623 2460 2722; baseline 0.001 -24"><span class='ocrx_word' id='word_1_101' title='bbox 217 2627 432 2704; x_wconf 86' lang='lat' dir='ltr'>velint</span> <span class='ocrx_word' id='word_1_102' title='bbox 485 2636 563 2704; x_wconf 93' lang='lat' dir='ltr'>et</span> <span class='ocrx_word' id='word_1_103' title='bbox 620 2628 934 2722; x_wconf 83' lang='lat' dir='ltr'>valeant,</span> <span class='ocrx_word' id='word_1_104' title='bbox 974 2636 1273 2704; x_wconf 92' lang='lat' dir='ltr'>auctore</span> <span class='ocrx_word' id='word_1_105' title='bbox 1329 2626 1671 2720; x_wconf 90' lang='lat' dir='ltr'>Domino,</span> <span class='ocrx_word' id='word_1_106' title='bbox 1712 2623 2113 2701; x_wconf 89' lang='lat' dir='ltr'>salubriter</span> <span class='ocrx_word' id='word_1_107' title='bbox 2169 2647 2460 2722; x_wconf 84' lang='lat' dir='ltr'>regere,</span> 
     </span>
     <span class='ocr_line' id='line_1_18' title="bbox 218 2750 2461 2852; baseline -0 -25"><span class='ocrx_word' id='word_1_108' title='bbox 218 2761 286 2827; x_wconf 88' lang='lat' dir='ltr'>et</span> <span class='ocrx_word' id='word_1_109' title='bbox 331 2752 651 2829; x_wconf 88' lang='lat' dir='ltr'>feliciter</span> <span class='ocrx_word' id='word_1_110' title='bbox 707 2755 1148 2852; x_wconf 86' lang='lat' dir='ltr'>gubernare.</span> <span class='ocrx_word' id='word_1_111' title='bbox 1227 2754 1522 2832; x_wconf 91' lang='lat' dir='ltr'>Dudum</span> <span class='ocrx_word' id='word_1_112' title='bbox 1579 2752 1940 2850; x_wconf 87' lang='lat' dir='ltr'>siquidem</span> <span class='ocrx_word' id='word_1_113' title='bbox 1995 2750 2461 2851; x_wconf 88' lang='lat' dir='ltr'>provisiones</span> 
     </span>
     <span class='ocr_line' id='line_1_19' title="bbox 219 2879 2462 2971; baseline -0.001 -15"><span class='ocrx_word' id='word_1_114' title='bbox 219 2880 716 2958; x_wconf 86' lang='lat' dir='ltr'>Ecclesiarum</span> <span class='ocrx_word' id='word_1_115' title='bbox 773 2881 1092 2959; x_wconf 89' lang='lat' dir='ltr'>omnium</span> <span class='ocrx_word' id='word_1_116' title='bbox 1151 2889 1325 2957; x_wconf 91' lang='lat' dir='ltr'>tunc</span> <span class='ocrx_word' id='word_1_117' title='bbox 1369 2881 1811 2971; x_wconf 87' lang='lat' dir='ltr'>vacantium,</span> <span class='ocrx_word' id='word_1_118' title='bbox 1849 2887 1927 2955; x_wconf 93' lang='lat' dir='ltr'>et</span> <span class='ocrx_word' id='word_1_119' title='bbox 1963 2879 2040 2954; x_wconf 92' lang='lat' dir='ltr'>in</span> <span class='ocrx_word' id='word_1_120' title='bbox 2077 2887 2298 2955; x_wconf 91' lang='lat' dir='ltr'>antea</span> <span class='ocrx_word' id='word_1_121' title='bbox 2335 2902 2462 2954; x_wconf 91' lang='lat' dir='ltr'>va-</span> 
     </span>
     <span class='ocr_line' id='line_1_20' title="bbox 218 3006 2459 3106; baseline -0.003 -21"><span class='ocrx_word' id='word_1_122' title='bbox 218 3017 626 3085; x_wconf 66' lang='lat' dir='ltr'>catur-arum</span> <span class='ocrx_word' id='word_1_123' title='bbox 664 3007 1109 3084; x_wconf 86' lang='lat' dir='ltr'>ordinationi</span> <span class='ocrx_word' id='word_1_124' title='bbox 1147 3016 1222 3086; x_wconf 90' lang='lat' dir='ltr'>et</span> <span class='ocrx_word' id='word_1_125' title='bbox 1258 3006 1729 3106; x_wconf 89' lang='lat' dir='ltr'>dispositioni</span> <span class='ocrx_word' id='word_1_126' title='bbox 1778 3015 2083 3083; x_wconf 90' lang='lat' dir='ltr'>nostrae</span> <span class='ocrx_word' id='word_1_127' title='bbox 2121 3026 2459 3080; x_wconf 89' lang='lat' dir='ltr'>reserva-</span> 
     </span>
     <span class='ocr_line' id='line_1_21' title="bbox 218 3130 2458 3232; baseline -0.001 -25"><span class='ocrx_word' id='word_1_128' title='bbox 218 3134 481 3232; x_wconf 80' lang='lat' dir='ltr'>vimus3</span> <span class='ocrx_word' id='word_1_129' title='bbox 538 3134 1024 3211; x_wconf 87' lang='lat' dir='ltr'>decernentes</span> <span class='ocrx_word' id='word_1_130' title='bbox 1082 3142 1352 3211; x_wconf 81' lang='lat' dir='ltr'>extunc</span> <span class='ocrx_word' id='word_1_131' title='bbox 1405 3133 1695 3210; x_wconf 92' lang='lat' dir='ltr'>irritum</span> <span class='ocrx_word' id='word_1_132' title='bbox 1735 3140 1811 3208; x_wconf 89' lang='lat' dir='ltr'>et</span> <span class='ocrx_word' id='word_1_133' title='bbox 1855 3132 2094 3226; x_wconf 90' lang='lat' dir='ltr'>inane,</span> <span class='ocrx_word' id='word_1_134' title='bbox 2136 3130 2203 3205; x_wconf 92' lang='lat' dir='ltr'>si</span> <span class='ocrx_word' id='word_1_135' title='bbox 2239 3152 2458 3207; x_wconf 91' lang='lat' dir='ltr'>secus</span> 
     </span>
     <span class='ocr_line' id='line_1_22' title="bbox 217 3259 2454 3361; baseline -0 -26"><span class='ocrx_word' id='word_1_136' title='bbox 217 3281 425 3361; x_wconf 83' lang='lat' dir='ltr'>super</span> <span class='ocrx_word' id='word_1_137' title='bbox 463 3259 587 3337; x_wconf 91' lang='lat' dir='ltr'>his</span> <span class='ocrx_word' id='word_1_138' title='bbox 622 3285 760 3361; x_wconf 92' lang='lat' dir='ltr'>per</span> <span class='ocrx_word' id='word_1_139' title='bbox 797 3284 1291 3360; x_wconf 87' lang='lat' dir='ltr'>quoscunque,</span> <span class='ocrx_word' id='word_1_140' title='bbox 1334 3260 1599 3358; x_wconf 88' lang='lat' dir='ltr'>quavis</span> <span class='ocrx_word' id='word_1_141' title='bbox 1630 3260 2091 3353; x_wconf 89' lang='lat' dir='ltr'>auctoritate,</span> <span class='ocrx_word' id='word_1_142' title='bbox 2131 3259 2454 3335; x_wconf 90' lang='lat' dir='ltr'>scienter</span> 
     </span>
     <span class='ocr_line' id='line_1_23' title="bbox 217 3384 2455 3486; baseline -0 -27"><span class='ocrx_word' id='word_1_143' title='bbox 217 3384 324 3463; x_wconf 86' lang='lat' dir='ltr'>vel</span> <span class='ocrx_word' id='word_1_144' title='bbox 375 3389 817 3486; x_wconf 87' lang='lat' dir='ltr'>ignoranter</span> <span class='ocrx_word' id='word_1_145' title='bbox 872 3387 1333 3485; x_wconf 86' lang='lat' dir='ltr'>contingeret</span> <span class='ocrx_word' id='word_1_146' title='bbox 1398 3387 1903 3486; x_wconf 90' lang='lat' dir='ltr'>attemperari.</span> <span class='ocrx_word' id='word_1_147' title='bbox 1979 3384 2455 3462; x_wconf 91' lang='lat' dir='ltr'>Postmodum</span> 
     </span>
     <span class='ocr_line' id='line_1_24' title="bbox 218 3510 2457 3608; baseline -0 -22"><span class='ocrx_word' id='word_1_148' title='bbox 218 3534 379 3591; x_wconf 86' lang='lat' dir='ltr'>vero</span> <span class='ocrx_word' id='word_1_149' title='bbox 435 3515 787 3592; x_wconf 88' lang='lat' dir='ltr'>Ecclesia</span> <span class='ocrx_word' id='word_1_150' title='bbox 821 3515 1342 3608; x_wconf 89' lang='lat' dir='ltr'>Varadiensis,</span> <span class='ocrx_word' id='word_1_151' title='bbox 1399 3514 1516 3591; x_wconf 92' lang='lat' dir='ltr'>cui</span> <span class='ocrx_word' id='word_1_152' title='bbox 1571 3514 1815 3589; x_wconf 92' lang='lat' dir='ltr'>bonae</span> <span class='ocrx_word' id='word_1_153' title='bbox 1861 3511 2260 3587; x_wconf 90' lang='lat' dir='ltr'>memoriae</span> <span class='ocrx_word' id='word_1_154' title='bbox 2298 3510 2457 3585; x_wconf 90' lang='lat' dir='ltr'>Ma-</span> 
     </span>
     <span class='ocr_line' id='line_1_25' title="bbox 218 3636 2455 3742; baseline -0.001 -29"><span class='ocrx_word' id='word_1_155' title='bbox 218 3639 400 3717; x_wconf 87' lang='lat' dir='ltr'>thias</span> <span class='ocrx_word' id='word_1_156' title='bbox 440 3641 863 3742; x_wconf 90' lang='lat' dir='ltr'>Episcopus</span> <span class='ocrx_word' id='word_1_157' title='bbox 883 3642 1379 3721; x_wconf 90' lang='lat' dir='ltr'>Varadiensis</span> <span class='ocrx_word' id='word_1_158' title='bbox 1419 3642 1588 3718; x_wconf 93' lang='lat' dir='ltr'>dum</span> <span class='ocrx_word' id='word_1_159' title='bbox 1626 3641 1914 3715; x_wconf 88' lang='lat' dir='ltr'>viveret</span> <span class='ocrx_word' id='word_1_160' title='bbox 1951 3636 2455 3737; x_wconf 90' lang='lat' dir='ltr'>praesidebat,</span> 
     </span>
     <span class='ocr_line' id='line_1_26' title="bbox 219 3762 2456 3866; baseline -0.001 -24"><span class='ocrx_word' id='word_1_161' title='bbox 219 3787 338 3861; x_wconf 87' lang='lat' dir='ltr'>per</span> <span class='ocrx_word' id='word_1_162' title='bbox 373 3768 656 3844; x_wconf 89' lang='lat' dir='ltr'>obitum</span> <span class='ocrx_word' id='word_1_163' title='bbox 693 3767 1023 3866; x_wconf 90' lang='lat' dir='ltr'>ejusdem</span> <span class='ocrx_word' id='word_1_164' title='bbox 1079 3768 1413 3845; x_wconf 90' lang='lat' dir='ltr'>Mathiae</span> <span class='ocrx_word' id='word_1_165' title='bbox 1469 3765 1853 3865; x_wconf 90' lang='lat' dir='ltr'>Episcopi,</span> <span class='ocrx_word' id='word_1_166' title='bbox 1893 3765 2019 3863; x_wconf 88' lang='lat' dir='ltr'>qui</span> <span class='ocrx_word' id='word_1_167' title='bbox 2056 3773 2272 3841; x_wconf 81' lang='lat' dir='ltr'>extra</span> <span class='ocrx_word' id='word_1_168' title='bbox 2307 3762 2456 3839; x_wconf 89' lang='lat' dir='ltr'>Ro-</span> 
     </span>
     <span class='ocr_line' id='line_1_27' title="bbox 220 3889 2455 3990; baseline -0.001 -24"><span class='ocrx_word' id='word_1_169' title='bbox 220 3913 489 3969; x_wconf 87' lang='lat' dir='ltr'>manam</span> <span class='ocrx_word' id='word_1_170' title='bbox 548 3890 850 3969; x_wconf 84' lang='lat' dir='ltr'>Curiam</span> <span class='ocrx_word' id='word_1_171' title='bbox 908 3894 1233 3971; x_wconf 86' lang='lat' dir='ltr'>debitum</span> <span class='ocrx_word' id='word_1_172' title='bbox 1289 3901 1604 3969; x_wconf 91' lang='lat' dir='ltr'>naturae</span> <span class='ocrx_word' id='word_1_173' title='bbox 1660 3891 2068 3990; x_wconf 87' lang='lat' dir='ltr'>persoluit‚</span> <span class='ocrx_word' id='word_1_174' title='bbox 2124 3889 2455 3988; x_wconf 88' lang='lat' dir='ltr'>pastoris</span> 
     </span>
     <span class='ocr_line' id='line_1_28' title="bbox 221 4013 2456 4114; baseline -0.002 -20"><span class='ocrx_word' id='word_1_175' title='bbox 221 4020 470 4095; x_wconf 82' lang='lat' dir='ltr'>solatio</span> <span class='ocrx_word' id='word_1_176' title='bbox 511 4020 889 4096; x_wconf 88' lang='lat' dir='ltr'>destituta.</span> <span class='ocrx_word' id='word_1_177' title='bbox 933 4019 1095 4097; x_wconf 86' lang='lat' dir='ltr'>Nos</span> <span class='ocrx_word' id='word_1_178' title='bbox 1125 4019 1515 4098; x_wconf 89' lang='lat' dir='ltr'>vocatione</span> <span class='ocrx_word' id='word_1_179' title='bbox 1551 4015 1973 4114; x_wconf 92' lang='lat' dir='ltr'>hujusmodi</span> <span class='ocrx_word' id='word_1_180' title='bbox 1994 4040 2036 4092; x_wconf 99' lang='lat' dir='ltr'>e</span> <span class='ocrx_word' id='word_1_181' title='bbox 2058 4013 2456 4109; x_wconf 81' lang='lat' dir='ltr'>fidedignis</span> 
     </span>
     <span class='ocr_line' id='line_1_29' title="bbox 218 4141 2454 4246; baseline 0 -30"><span class='ocrx_word' id='word_1_182' title='bbox 218 4145 688 4223; x_wconf 86' lang='lat' dir='ltr'>relationibus</span> <span class='ocrx_word' id='word_1_183' title='bbox 724 4146 1124 4242; x_wconf 88' lang='lat' dir='ltr'>intellecta,</span> <span class='ocrx_word' id='word_1_184' title='bbox 1164 4145 1261 4224; x_wconf 90' lang='lat' dir='ltr'>ad</span> <span class='ocrx_word' id='word_1_185' title='bbox 1298 4143 1797 4246; x_wconf 84' lang='lat' dir='ltr'>provisionem</span> <span class='ocrx_word' id='word_1_186' title='bbox 1836 4141 2169 4239; x_wconf 88' lang='lat' dir='ltr'>ejusdem</span> <span class='ocrx_word' id='word_1_187' title='bbox 2194 4142 2454 4218; x_wconf 89' lang='lat' dir='ltr'>Eccle-</span> 
     </span>
     <span class='ocr_line' id='line_1_30' title="bbox 220 4268 2453 4371; baseline 0.001 -29"><span class='ocrx_word' id='word_1_188' title='bbox 220 4268 360 4347; x_wconf 87' lang='lat' dir='ltr'>siae</span> <span class='ocrx_word' id='word_1_189' title='bbox 397 4273 715 4349; x_wconf 91' lang='lat' dir='ltr'>celerem</span> <span class='ocrx_word' id='word_1_190' title='bbox 752 4282 827 4350; x_wconf 91' lang='lat' dir='ltr'>et</span> <span class='ocrx_word' id='word_1_191' title='bbox 861 4273 1175 4369; x_wconf 85' lang='lat' dir='ltr'>felicem,</span> <span class='ocrx_word' id='word_1_192' title='bbox 1205 4273 1299 4350; x_wconf 93' lang='lat' dir='ltr'>de</span> <span class='ocrx_word' id='word_1_193' title='bbox 1327 4295 1476 4371; x_wconf 88' lang='lat' dir='ltr'>qua</span> <span class='ocrx_word' id='word_1_194' title='bbox 1511 4270 1756 4346; x_wconf 90' lang='lat' dir='ltr'>nullus</span> <span class='ocrx_word' id='word_1_195' title='bbox 1794 4277 2095 4368; x_wconf 90' lang='lat' dir='ltr'>praeter</span> <span class='ocrx_word' id='word_1_196' title='bbox 2133 4291 2270 4344; x_wconf 92' lang='lat' dir='ltr'>nos</span> <span class='ocrx_word' id='word_1_197' title='bbox 2308 4270 2453 4345; x_wconf 91' lang='lat' dir='ltr'>hac</span> 
     </span>
     <span class='ocr_line' id='line_1_31' title="bbox 220 4396 2456 4499; baseline 0 -28"><span class='ocrx_word' id='word_1_198' title='bbox 220 4396 363 4475; x_wconf 83' lang='lat' dir='ltr'>vice</span> <span class='ocrx_word' id='word_1_199' title='bbox 402 4421 484 4475; x_wconf 91' lang='lat' dir='ltr'>se</span> <span class='ocrx_word' id='word_1_200' title='bbox 522 4399 1010 4476; x_wconf 87' lang='lat' dir='ltr'>intromittere</span> <span class='ocrx_word' id='word_1_201' title='bbox 1046 4400 1304 4499; x_wconf 90' lang='lat' dir='ltr'>potuit,</span> <span class='ocrx_word' id='word_1_202' title='bbox 1345 4399 1507 4474; x_wconf 90' lang='lat' dir='ltr'>sive</span> <span class='ocrx_word' id='word_1_203' title='bbox 1543 4404 1812 4496; x_wconf 88' lang='lat' dir='ltr'>potest,</span> <span class='ocrx_word' id='word_1_204' title='bbox 1837 4397 2340 4474; x_wconf 87' lang='lat' dir='ltr'>reservatione</span> <span class='ocrx_word' id='word_1_205' title='bbox 2380 4403 2456 4472; x_wconf 91' lang='lat' dir='ltr'>et</span> 
     </span>
     <span class='ocr_line' id='line_1_32' title="bbox 220 4519 2453 4625; baseline 0.001 -31"><span class='ocrx_word' id='word_1_206' title='bbox 220 4519 529 4602; x_wconf 87' lang='lat' dir='ltr'>Decreto</span> <span class='ocrx_word' id='word_1_207' title='bbox 585 4526 1121 4605; x_wconf 89' lang='lat' dir='ltr'>obsistentibus</span> <span class='ocrx_word' id='word_1_208' title='bbox 1190 4523 1677 4625; x_wconf 87' lang='lat' dir='ltr'>supradictis,</span> <span class='ocrx_word' id='word_1_209' title='bbox 1735 4546 1825 4600; x_wconf 90' lang='lat' dir='ltr'>ne</span> <span class='ocrx_word' id='word_1_210' title='bbox 1884 4523 2229 4600; x_wconf 91' lang='lat' dir='ltr'>Ecclesia</span> <span class='ocrx_word' id='word_1_211' title='bbox 2283 4524 2453 4624; x_wconf 91' lang='lat' dir='ltr'>ipsa</span> 
     </span>
    </p>
   </div>
  </div>
 </body>
</html>
