3293 5219
2412 268 2515 359 5⁷

257 492 554 568 naudus
597 489 840 567 deleto
882 493 1231 584 exercitu,
1290 491 1743 587 ducibusque
1783 488 2101 584 amissis,
2141 498 2364 589 atque
2400 498 2510 568 tot

254 618 744 710 munimentis,
778 619 1083 717 insuper
1119 617 1475 718 pecuniae
1511 616 1800 714 inopia,
1840 639 1929 690 ac
1964 613 2297 692 consiliis
2334 640 2511 695 nun·

252 766 469 842 quam
510 744 702 818 satis
740 744 1155 842 explicatis,
1193 766 1384 841 quae
1417 750 1534 818 est
1568 741 1990 841 paventium
2027 750 2313 837 natura,
2352 747 2509 844 pol-

250 869 705 947 licitationes
742 872 982 948 solum
1021 897 1109 947 ac
1144 871 1518 972 promissa
1565 871 1814 970 potius
1834 869 2249 959 addiderat,
2291 895 2511 970 quam

248 996 545 1095 aliquas
585 997 809 1072 vires.
851 998 1021 1076 Non
1060 998 1360 1074 defuere
1378 1004 1645 1089 tamen,
1687 995 1813 1094 qui
1849 996 2071 1072 etiam
2106 999 2299 1073 ultro
2340 1019 2510 1074 sese

246 1122 317 1200 in
352 1124 770 1222 periculum
827 1123 1105 1216 darent,
1183 1146 1573 1221 arcemque
1627 1122 1974 1199 tuendam
2030 1123 2505 1221 ingrederen-

245 1256 363 1325 tur
404 1278 421 1322 :
504 1247 926 1348 Gregorius
990 1251 1478 1328 Bornemisza
1530 1272 1695 1325 cum
1755 1247 2089 1325 ducentis
2147 1250 2502 1349 quinqua-

238 1374 450 1472 ginta
490 1375 889 1475 peditibus,
931 1375 1227 1476 Caspar
1262 1375 1541 1452 Pethe6
1573 1399 1664 1451 ac
1703 1373 2131 1474 Stephanus
2188 1374 2486 1477 Zoltay,

244 1524 404 1581 cum
426 1502 941 1602 quadragenis
963 1505 1353 1604 equitibus.
1386 1503 1925 1599 Intelligebant
1946 1501 2138 1578 enim
2176 1525 2268 1578 ea
2287 1503 2505 1579 amis·

244 1653 327 1708 sa
361 1652 616 1729 neque
671 1630 910 1707 locum
947 1632 1170 1708 alium
1221 1629 1675 1710 consistendi
1728 1630 1910 1721 fore,
1948 1651 2087 1705 nec
2142 1627 2504 1729 reliquias

242 1758 540 1858 patriae
584 1759 841 1836 salvas
881 1783 1051 1837 esse
1089 1783 1339 1861 posse.
1416 1758 1723 1835 Auxilia
1779 1757 2271 1852 comitatuum,
2330 1758 2504 1834 civi·

235 1891 468 1960 tatum
529 1885 760 1983 (quas
797 1888 1077 1964 liberas
1136 1889 1469 1979 vocant),
1521 1893 1595 1961 et
1655 1907 2065 1982 procerum,
2120 1906 2499 1962 numerum

233 2008 839 2107 octingentorum
904 2022 979 2089 et
1033 2011 1540 2110 undetriginta
1601 2010 1932 2110 peditum
1990 2010 2498 2110 complevere3

234 2134 770 2233 chirurgorum‚
861 2140 1240 2216 fabrorum
1297 2138 1532 2215 omnis
1589 2137 1910 2235 generis,
1989 2145 2065 2213 et
2137 2137 2499 2215 laniorum

234 2263 444 2342 fuere
484 2261 634 2341 duo
674 2272 750 2339 et
787 2267 1301 2364 quadraginta,
1341 2265 1751 2363 agrestium
1775 2271 2063 2366 centum
2102 2270 2176 2339 et
2211 2286 2496 2358 novem,

246 2411 431 2487 quos
476 2412 766 2466 summo
806 2392 1049 2468 studio
1091 2417 1182 2470 ac
1237 2392 1629 2492 prudentia
1666 2390 2268 2490 conquisiverant
2302 2390 2500 2466 inve·

237 2523 673 2614 xerantque,
693 2540 788 2594 ne
809 2518 983 2618 quid
1003 2519 1100 2595 ad
1118 2541 1330 2595 usum
1348 2519 1472 2595 vel
1492 2518 1826 2609 militum,
1848 2518 1973 2593 vel
1993 2515 2190 2592 arcis
2230 2515 2497 2593 deesse

238 2650 501 2742 posset
524 2666 543 2738 3
567 2643 1032 2722 sacerdotum
1072 2647 1213 2724 duo
1233 2652 1542 2740 tantum,
1584 2655 1660 2722 et
1693 2646 1747 2721 ii
1782 2644 2206 2745 peregrini,
2248 2667 2497 2746 quam-

239 2791 459 2867 quam
548 2770 1121 2869 amplissimum,
1196 2781 1273 2849 et
1342 2772 2023 2850 numerosissimum
2105 2772 2498 2870 collegium

235 2894 505 2972 fuisset
563 2896 1065 2995 sacerdotum;
1141 2922 1553 3000 puerorum,
1591 2899 2175 2997 feminarumque
2229 2920 2496 2975 novem

238 3030 309 3096 et
385 3021 953 3121 quinquaginta.
1028 3026 1191 3102 Nec
1245 3026 1474 3102 multo
1527 3033 1703 3124 post
1741 3047 1960 3122 quam
2018 3031 2313 3124 captum
2381 3034 2496 3102 est

238 3148 658 3242 Zoluocum,
697 3146 996 3226 litterae
1032 3149 1335 3260 Amhati
1371 3150 1817 3245 afferuntur,
1853 3174 2144 3249 preces,
2181 3151 2492 3251 promis-

237 3296 322 3348 sa
340 3332 358 3367 ,
416 3275 808 3374 minasque
861 3275 1134 3353 mixtas
1209 3277 1694 3373 continentes,
1772 3301 1958 3378 quas
2013 3278 2145 3374 illi,
2202 3286 2490 3357 retento

242 3400 505 3478 nuncio
562 3401 641 3477 in
694 3402 1063 3499 vinculis,
1112 3404 1210 3481 ad
1267 3404 1818 3482 Ferdinandum
1891 3406 2202 3500 misere3
2276 3405 2491 3503 leges

237 3549 411 3606 vero
450 3550 779 3604 sanxere
815 3529 1321 3607 firmissimas:
1360 3532 1428 3607 si
1486 3531 1748 3607 deinde
1786 3532 2088 3607 litterae
2127 3530 2222 3605 ab
2261 3530 2491 3609 hosti-

248 3655 382 3731 bus
420 3655 929 3752 mitterentur,
988 3658 1257 3737 nuncio
1297 3659 1622 3735 admisso
1661 3682 1808 3735 non
1847 3658 2317 3762 recipiantur,
2355 3681 2494 3735 nec

243 3777 612 3877 legantur,
652 3781 788 3857 sed
825 3782 915 3857 in,
939 3792 1341 3885 conspectu
1380 3785 1698 3862 omnium
1733 3784 1907 3884 igne
1947 3786 2487 3862 comburantur.

242 3901 318 3979 Si
354 3905 521 4003 quis
562 3914 860 3983 secreta
898 3911 1271 4010 colloquia
1310 3933 1442 3988 seu
1481 3912 2000 3988 conventicula
2038 3911 2297 4009 egerit,
2358 3917 2486 3986 aut

240 4052 489 4107 vocem
525 4033 625 4108 ad
661 4032 922 4112 hostes
960 4037 1326 4132 emiserit,
1368 4037 1640 4115 bonam
1679 4040 2069 4130 malamve,
2108 4045 2235 4114 aut
2270 4034 2473 4120 dedi-

241 4155 461 4233 tionis
499 4158 825 4257 aliquam
862 4163 1306 4241 mentionem
1358 4164 1692 4257 moverit,
1733 4163 2050 4266 capitale
2091 4170 2273 4238 esto.
2311 4163 2488 4240 Dux

243 4285 782 4384 gregariusque
818 4288 1083 4366 iisdem
1159 4291 1457 4390 legibus
1494 4299 1806 4367 tenetor.
1846 4289 2132 4383 Quibus
2172 4312 2354 4367 sane
2392 4292 2494 4365 ef-

245 4409 596 4504 fecerant,
635 4421 716 4489 ut
742 4438 976 4505 nemo,
996 4416 1142 4492 nisi
1180 4417 1256 4493 in
1283 4417 1511 4493 armis
1549 4416 2008 4515 victoriaque
2048 4438 2255 4515 spem
2295 4415 2488 4493 salu-

248 4535 341 4615 tis
381 4539 819 4641 conciperet.
863 4539 1150 4634 Quibus
1216 4543 1676 4642 constitutis,
1712 4542 1842 4620 ubi
1870 4543 2159 4626 hostem
2194 4541 2491 4645 propin-
