3293 5219
2381 340 2536 416 273

271 557 571 631 miliano
609 579 746 653 per
787 553 1203 652 Scipionem
1261 552 1598 626 comitem
1658 553 1754 626 ab
1798 551 2045 630 Archo
2110 578 2529 654 supremum

269 683 885 758 cubiculariorum
905 680 1112 755 varie
1130 679 1712 775 interpretatum,
1737 680 1834 753 ad
1857 680 2207 777 pietatem
2248 692 2375 760 aut
2398 684 2521 758 do-

267 809 597 884 minandi
656 807 1154 905 cupiditatem.
1221 804 1775 880 Maximilianus
1855 806 2257 884 decedente
2317 822 2530 908 patre

277 936 570 1034 imperii
610 935 885 1032 excipit
921 932 1284 1027 insignia,
1339 955 1508 1006 nam
1565 932 1638 1005 in
1699 933 2276 1011 francofurtanis
2315 941 2529 1013 comi-

270 1062 416 1154 tiis,
459 1070 540 1136 ut
580 1083 810 1159 supra
847 1058 1292 1150 memoravi,
1331 1060 1438 1133 ita
1477 1067 1915 1135 conventum
1972 1071 2154 1137 erat.
2252 1066 2530 1140 Eodem

264 1212 517 1264 mense
541 1187 1034 1262 commissarii
1073 1185 1169 1259 ad
1191 1185 1538 1283 oppidum
1577 1185 1893 1263 Zeoleos
1916 1190 2401 1289 conveniunt,-
2438 1218 2528 1268 ex

270 1338 362 1388 no
376 1315 558 1390 stris
599 1322 812 1389 erant
834 1312 1256 1410 Gregorius
1279 1313 1724 1388 Bornemiza
1746 1313 2141 1412 episcopus
2193 1318 2535 1394 chanadi-

271 1441 499 1532 ensis,
522 1441 575 1517 J
580 1440 912 1516 ohannes
952 1438 1281 1535 Alaghy,
1321 1444 1396 1512 et
1422 1434 1802 1532 Georgius
1848 1438 2297 1540 Rakovsky.
2337 1440 2531 1518 Dufu

272 1565 770 1643 commissarii
789 1566 864 1640 in
885 1565 1201 1640 Zeoleos
1241 1572 1432 1655 sunt,
1455 1564 1782 1638 Balassa
1820 1566 2206 1642 castellum
2229 1568 2304 1643 in
2328 1571 2530 1667 oppi-

271 1695 362 1768 do
403 1692 658 1767 Halmi
697 1691 1015 1784 molitur,
1055 1689 1463 1779 Mucachio,
1506 1712 1698 1785 quae
1757 1714 1893 1765 arx
1933 1693 1986 1768 J
1992 1692 2305 1768 ohannis
2344 1705 2527 1785 erat,

268 1819 620 1895 milliario
680 1819 1023 1893 distante.
1083 1818 1202 1893 Ea
1258 1839 1339 1892 re
1398 1816 1816 1892 adversarii
1890 1819 2281 1916 plurimum
2338 1844 2527 1896 com·

265 1947 463 2039 moti,
503 1946 702 2045 quod
739 1967 886 2021 non
922 1952 1206 2021 tantum
1260 1951 1595 2041 tempore
1655 1946 2065 2021 octennalis
2120 1948 2354 2046 pacis,
2395 1950 2530 2025 sed

270 2074 508 2148 denuo
543 2096 679 2171 per
710 2072 1042 2167 legatum
1110 2092 1400 2166 quoque
1451 2070 1947 2166 confirmatae,
1987 2074 2062 2148 in
2100 2076 2529 2173 praesentia

267 2198 965 2289 commissariorum,
1005 2196 1308 2272 munitio
1347 2219 1542 2271 nova
1601 2197 2039 2295 erigeretur,
2079 2224 2240 2275 cum
2282 2203 2527 2278 foede-

269 2327 473 2401 ribus
512 2324 964 2423 prohibitum
1001 2324 1237 2409 foret3
1277 2323 1712 2422 protestari,
1752 2332 2028 2422 petere,
2049 2334 2129 2401 ut
2167 2326 2527 2403 distrahe-

269 2460 514 2547 retur;
564 2458 738 2527 ante
791 2474 941 2526 uon
997 2473 1079 2525 se
1120 2451 1642 2526 commissuros
1700 2451 1776 2526 in
1832 2474 2151 2528 causam.
2246 2452 2526 2529 Contra

275 2581 593 2656 Balassa
630 2578 1020 2670 obsistere,
1079 2600 1379 2675 negare,
1439 2577 1754 2674 denique
1795 2579 1888 2670 vi,
1930 2580 2179 2673 armis,
2216 2581 2528 2658 tumultu

274 2709 514 2784 omnia
561 2707 1045 2784 confundere.
1147 2707 1341 2781 Tum
1398 2703 1984 2804 Christophorus
2060 2707 2527 2807 Hagimassy

265 2836 694 2932 praefectus
745 2832 1103 2932 praesidii
1160 2832 1236 2906 in
1293 2831 1495 2906 Huzt
1533 2855 1626 2907 ex
1682 2832 2088 2931 improviso
2144 2842 2359 2910 nocte
2398 2859 2527 2933 ag-⁴

267 2959 620 3057 greditur,
668 2960 946 3056 illoque
984 2959 1164 3054 fuga
1222 2959 1504 3055 elaps0,
1565 2956 1951 3034 castellum
1998 2961 2075 3034 vi
2124 2970 2526 3059 expugnat,

269 3085 800 3183 exscinditque‚
838 3085 968 3159 ubi
1009 3082 1389 3179 Georgius
1430 3081 1707 3176 Sulioc,
1746 3084 1976 3160 nobili
2013 3094 2090 3162 et
2125 3094 2378 3163 vetere
2416 3088 2525 3162 fa·

268 3214 486 3306 milia,
510 3213 795 3288 cecidit.
825 3199 954 3288 xIta
994 3211 1482 3286 commissarii
1518 3212 1746 3287 rebus
1785 3211 2078 3288 infectis
2119 3213 2524 3304 discedunt,

271 3340 501 3414 auctis
523 3337 714 3413 odiis
733 3338 1003 3437 potius,
1020 3359 1240 3435 quam
1257 3335 1356 3411 ad
1375 3360 1634 3434 pacem
1655 3336 1812 3413 ulla
1830 3361 1914 3413 re
1933 3346 2121 3413 acta.
2136 3337 2322 3415 Post
2340 3340 2529 3414 haec

269 3466 590 3541 Balassa
649 3463 1214 3541 etFranciscus
1255 3460 1416 3559 Zay
1455 3484 1722 3535 novam
1781 3462 2322 3560 expeditionem
2362 3485 2521 3538 sus-

267 3565 574 3688 cipiunt!
591 3592 737 3667 Est
751 3587 1283 3666 monasterium
1317 3586 1811 3674 inMoldavia,
1850 3588 2262 3688 principum
2302 3589 2521 3664 dona-

267 3716 393 3791 riis
450 3718 702 3793 aureis
760 3725 985 3814 atque
1041 3713 1423 3811 argenteis
1479 3713 2138 3812 opulentissimum,
2195 3716 2268 3789 in
2330 3716 2524 3812 quod

267 3842 483 3918 bellis
520 3841 974 3942 praeteritis,
997 3841 1333 3939 plerique
1356 3839 1686 3914 cariores
1706 3863 1831 3916 res
1859 3847 2521 3939 comportaverant.

268 3966 698 4067 Proponunt
756 3968 1268 4067 diripiendum,
1334 3973 1409 4041 et
1446 3967 1904 4045 celeritatem
1944 3965 2365 4065 cumprimis
2402 3989 2524 4040 ne-

273 4095 672 4169 cessariam
728 4094 896 4187 rati,
956 4117 1177 4192 quam
1215 4094 1532 4168 maxime
1572 4094 1858 4168 occulte
1907 4093 2066 4168 dies
2122 4099 2524 4188 noctesque

270 4219 404 4295 iter
459 4221 761 4295 faciunt.
802 4219 1065 4294 Ardua
1104 4230 1179 4294 et
1214 4218 1496 4294 inculta
1553 4225 1718 4293 erat
1754 4243 1891 4317 per
1945 4216 2158 4317 alpes
2204 4218 2524 4292 rutheni-

272 4369 395 4420 cas
433 4347 580 4438 via,
623 4370 860 4445 eoque
900 4371 991 4422 ac
1029 4346 1602 4446 tempestatibus
1644 4354 1817 4421 sunt
1856 4345 2232 4443 prohibiti.
2309 4342 2525 4420 Post-

274 4492 484 4566 quam
521 4496 787 4550 caesar
839 4474 1208 4548 concessit
1228 4473 1405 4565 vita,
1430 4482 1505 4547 et
1522 4470 2077 4548 Maximilianus
2116 4494 2363 4546 rerum
2400 4493 2527 4568 po-

271 4595 439 4672 titus
496 4607 631 4690 est,
688 4599 767 4671 in
834 4598 1453 4674 consultationem
1492 4605 1733 4682 vocat,
1790 4623 1884 4671 an
1914 4598 2131 4672 trium
2170 4618 2524 4670 annorum

368 4764 572 4800 nomn.
603 4762 775 4803 mo.
807 4763 947 4800 msr.
981 4764 1182 4800 80811’2‘.
1214 4763 1331 4801 xvh
2102 4721 2200 4796 18
