<?xml version="1.0" encoding="UTF-8"?>
<!DOCTYPE html PUBLIC "-//W3C//DTD XHTML 1.0 Transitional//EN"
    "http://www.w3.org/TR/xhtml1/DTD/xhtml1-transitional.dtd">
<html xmlns="http://www.w3.org/1999/xhtml" xml:lang="en" lang="en">
 <head>
  <title>
</title>
<meta http-equiv="Content-Type" content="text/html;charset=utf-8" />
  <meta name='ocr-system' content='tesseract 3.04.00' />
  <meta name='ocr-capabilities' content='ocr_page ocr_carea ocr_par ocr_line ocrx_word'/>
</head>
<body>
  <div class='ocr_page' id='page_1' title='image "./magyarhistorija00bpgoog/magyarhistorija00bpgoog_0149.png"; bbox 0 0 3293 5219; ppageno 0'>
   <div class='ocr_carea' id='block_1_1' title="bbox 2446 277 2547 353">
    <p class='ocr_par' dir='ltr' id='par_1_1' title="bbox 2446 277 2547 353">
     <span class='ocr_line' id='line_1_1' title="bbox 2446 277 2547 353; baseline 0.01 -1"><span class='ocrx_word' id='word_1_1' title='bbox 2446 277 2547 353; x_wconf 86' lang='lat'><strong>41</strong></span> 
     </span>
    </p>
   </div>
   <div class='ocr_carea' id='block_1_2' title="bbox 281 491 2555 4271">
    <p class='ocr_par' dir='ltr' id='par_1_2' title="bbox 281 491 2555 4271">
     <span class='ocr_line' id='line_1_2' title="bbox 296 491 2549 596; baseline -0 -23"><span class='ocrx_word' id='word_1_2' title='bbox 296 520 436 591; x_wconf 83' lang='lat' dir='ltr'><strong>gns</strong></span> <span class='ocrx_word' id='word_1_3' title='bbox 458 498 817 596; x_wconf 89' lang='lat' dir='ltr'><strong>europaei</strong></span> <span class='ocrx_word' id='word_1_4' title='bbox 841 498 1210 594; x_wconf 76' lang='lat' dir='ltr'><strong>equitatus</strong></span> <span class='ocrx_word' id='word_1_5' title='bbox 1248 491 1679 593; x_wconf 75' lang='lat' dir='ltr'><strong>magister*)</strong></span> <span class='ocrx_word' id='word_1_6' title='bbox 1721 504 1795 570; x_wconf 92' lang='lat' dir='ltr'><strong>et</strong></span> <span class='ocrx_word' id='word_1_7' title='bbox 1816 494 2202 572; x_wconf 80' lang='lat' dir='ltr'><strong>Caszonus</strong></span> <span class='ocrx_word' id='word_1_8' title='bbox 2237 494 2549 572; x_wconf 90' lang='lat' dir='ltr'><strong>medium</strong></span> 
     </span>
     <span class='ocr_line' id='line_1_3' title="bbox 294 624 2552 724; baseline -0.002 -24"><span class='ocrx_word' id='word_1_9' title='bbox 294 647 680 724; x_wconf 86' lang='lat' dir='ltr'><strong>accepere.</strong></span> <span class='ocrx_word' id='word_1_10' title='bbox 707 625 857 700; x_wconf 90' lang='lat' dir='ltr'><strong>Ubi</strong></span> <span class='ocrx_word' id='word_1_11' title='bbox 879 626 1235 722; x_wconf 80' lang='lat' dir='ltr'>postremi</span> <span class='ocrx_word' id='word_1_12' title='bbox 1257 626 1546 724; x_wconf 77' lang='lat' dir='ltr'><strong>pedites</strong></span> <span class='ocrx_word' id='word_1_13' title='bbox 1586 625 1937 716; x_wconf 74' lang='lat' dir='ltr'><strong>exissent,</strong></span> <span class='ocrx_word' id='word_1_14' title='bbox 1960 624 2322 723; x_wconf 86' lang='lat' dir='ltr'><strong>principio</strong></span> <span class='ocrx_word' id='word_1_15' title='bbox 2360 625 2552 698; x_wconf 89' lang='lat' dir='ltr'><strong>inter</strong></span> 
     </span>
     <span class='ocr_line' id='line_1_4' title="bbox 293 751 2551 851; baseline 0 -26"><span class='ocrx_word' id='word_1_16' title='bbox 293 751 501 827; x_wconf 88' lang='lat' dir='ltr'><strong>acies</strong></span> <span class='ocrx_word' id='word_1_17' title='bbox 540 751 713 825; x_wconf 91' lang='lat' dir='ltr'><strong>hinc</strong></span> <span class='ocrx_word' id='word_1_18' title='bbox 756 759 830 827; x_wconf 90' lang='lat' dir='ltr'><strong>et</strong></span> <span class='ocrx_word' id='word_1_19' title='bbox 848 751 1017 827; x_wconf 87' lang='lat' dir='ltr'><strong>inde</strong></span> <span class='ocrx_word' id='word_1_20' title='bbox 1039 761 1483 850; x_wconf 88' lang='lat' dir='ltr'><strong>praetensas</strong></span> <span class='ocrx_word' id='word_1_21' title='bbox 1529 762 1752 849; x_wconf 88' lang='lat' dir='ltr'><strong>atque</strong></span> <span class='ocrx_word' id='word_1_22' title='bbox 1773 752 2275 842; x_wconf 87' lang='lat' dir='ltr'><strong>densissimas,</strong></span> <span class='ocrx_word' id='word_1_23' title='bbox 2297 752 2551 851; x_wconf 85' lang='lat' dir='ltr'><strong>paula-</strong></span> 
     </span>
     <span class='ocr_line' id='line_1_5' title="bbox 297 878 2552 980; baseline 0 -27"><span class='ocrx_word' id='word_1_24' title='bbox 297 880 426 953; x_wconf 91' lang='lat' dir='ltr'><strong>tim</strong></span> <span class='ocrx_word' id='word_1_25' title='bbox 447 878 695 975; x_wconf 85' lang='lat' dir='ltr'><strong>magis</strong></span> <span class='ocrx_word' id='word_1_26' title='bbox 737 903 828 953; x_wconf 88' lang='lat' dir='ltr'><strong>ac</strong></span> <span class='ocrx_word' id='word_1_27' title='bbox 849 878 1094 975; x_wconf 84' lang='lat' dir='ltr'><strong>magis</strong></span> <span class='ocrx_word' id='word_1_28' title='bbox 1137 880 1415 953; x_wconf 88' lang='lat' dir='ltr'><strong>arctari</strong></span> <span class='ocrx_word' id='word_1_29' title='bbox 1457 888 1880 980; x_wconf 86' lang='lat' dir='ltr'><strong>coeperunt,</strong></span> <span class='ocrx_word' id='word_1_30' title='bbox 1901 888 1976 954; x_wconf 87' lang='lat' dir='ltr'><strong>et</strong></span> <span class='ocrx_word' id='word_1_31' title='bbox 1992 879 2285 955; x_wconf 87' lang='lat' dir='ltr'><strong>taudem</strong></span> <span class='ocrx_word' id='word_1_32' title='bbox 2323 879 2552 979; x_wconf 88' lang='lat' dir='ltr'><strong>impu-</strong></span> 
     </span>
     <span class='ocr_line' id='line_1_6' title="bbox 289 1005 2551 1105; baseline -0 -26"><span class='ocrx_word' id='word_1_33' title='bbox 289 1005 540 1098; x_wconf 89' lang='lat' dir='ltr'><strong>beres,</strong></span> <span class='ocrx_word' id='word_1_34' title='bbox 598 1014 732 1081; x_wconf 86' lang='lat' dir='ltr'><strong>aut</strong></span> <span class='ocrx_word' id='word_1_35' title='bbox 782 1028 998 1102; x_wconf 91' lang='lat' dir='ltr'><strong>quem</strong></span> <span class='ocrx_word' id='word_1_36' title='bbox 1047 1007 1519 1105; x_wconf 87' lang='lat' dir='ltr'><strong>conspicuum</strong></span> <span class='ocrx_word' id='word_1_37' title='bbox 1559 1009 1797 1082; x_wconf 83' lang='lat' dir='ltr'><strong>forma</strong></span> <span class='ocrx_word' id='word_1_38' title='bbox 1834 1006 2195 1097; x_wconf 87' lang='lat' dir='ltr'><strong>viderant,</strong></span> <span class='ocrx_word' id='word_1_39' title='bbox 2236 1005 2551 1104; x_wconf 88' lang='lat' dir='ltr'><strong>abripie-</strong></span> 
     </span>
     <span class='ocr_line' id='line_1_7' title="bbox 288 1129 2552 1230; baseline 0 -26"><span class='ocrx_word' id='word_1_40' title='bbox 288 1132 492 1205; x_wconf 86' lang='lat' dir='ltr'><strong>bant.</strong></span> <span class='ocrx_word' id='word_1_41' title='bbox 532 1129 941 1230; x_wconf 90' lang='lat' dir='ltr'><strong>Postquam</strong></span> <span class='ocrx_word' id='word_1_42' title='bbox 981 1133 1204 1208; x_wconf 90' lang='lat' dir='ltr'><strong>etiam</strong></span> <span class='ocrx_word' id='word_1_43' title='bbox 1241 1155 1449 1208; x_wconf 89' lang='lat' dir='ltr'><strong>suum</strong></span> <span class='ocrx_word' id='word_1_44' title='bbox 1489 1134 1931 1229; x_wconf 82' lang='lat' dir='ltr'><strong>armigerum</strong></span> <span class='ocrx_word' id='word_1_45' title='bbox 1991 1132 2367 1207; x_wconf 85' lang='lat' dir='ltr'><strong>Andream</strong></span> <span class='ocrx_word' id='word_1_46' title='bbox 2407 1132 2552 1205; x_wconf 89' lang='lat' dir='ltr'><strong>To-</strong></span> 
     </span>
     <span class='ocr_line' id='line_1_8' title="bbox 290 1257 2552 1355; baseline -0 -23"><span class='ocrx_word' id='word_1_47' title='bbox 290 1281 504 1355; x_wconf 82' lang='lat' dir='ltr'><strong>mory</strong></span> <span class='ocrx_word' id='word_1_48' title='bbox 537 1258 864 1333; x_wconf 90' lang='lat' dir='ltr'><strong>nobilem</strong></span> <span class='ocrx_word' id='word_1_49' title='bbox 902 1258 1450 1334; x_wconf 78' lang='lat' dir='ltr'><strong>adolescentem</strong></span> <span class='ocrx_word' id='word_1_50' title='bbox 1472 1261 2019 1351; x_wconf 80' lang='lat' dir='ltr'><strong>abstraxerunt,</strong></span> <span class='ocrx_word' id='word_1_51' title='bbox 2043 1268 2117 1333; x_wconf 92' lang='lat' dir='ltr'><strong>et</strong></span> <span class='ocrx_word' id='word_1_52' title='bbox 2152 1260 2363 1333; x_wconf 90' lang='lat' dir='ltr'><strong>dolus</strong></span> <span class='ocrx_word' id='word_1_53' title='bbox 2385 1257 2552 1332; x_wconf 89' lang='lat' dir='ltr'><strong>hos-</strong></span> 
     </span>
     <span class='ocr_line' id='line_1_9' title="bbox 286 1384 2551 1485; baseline -0.001 -24"><span class='ocrx_word' id='word_1_54' title='bbox 286 1387 441 1461; x_wconf 90' lang='lat' dir='ltr'><strong>tilis</strong></span> <span class='ocrx_word' id='word_1_55' title='bbox 481 1386 765 1485; x_wconf 89' lang='lat' dir='ltr'><strong>patuit:</strong></span> <span class='ocrx_word' id='word_1_56' title='bbox 807 1384 1021 1460; x_wconf 90' lang='lat' dir='ltr'><strong>fidem</strong></span> <span class='ocrx_word' id='word_1_57' title='bbox 1062 1387 1537 1479; x_wconf 87' lang='lat' dir='ltr'><strong>turcicam,et</strong></span> <span class='ocrx_word' id='word_1_58' title='bbox 1571 1388 1906 1463; x_wconf 87' lang='lat' dir='ltr'><strong>fraudem</strong></span> <span class='ocrx_word' id='word_1_59' title='bbox 1945 1387 2099 1461; x_wconf 88' lang='lat' dir='ltr'><strong>alta</strong></span> <span class='ocrx_word' id='word_1_60' title='bbox 2118 1407 2300 1459; x_wconf 88' lang='lat' dir='ltr'><strong>voce</strong></span> <span class='ocrx_word' id='word_1_61' title='bbox 2319 1385 2551 1459; x_wconf 85' lang='lat' dir='ltr'><strong>incre-</strong></span> 
     </span>
     <span class='ocr_line' id='line_1_10' title="bbox 287 1509 2554 1611; baseline -0.002 -23"><span class='ocrx_word' id='word_1_62' title='bbox 287 1537 484 1611; x_wconf 88' lang='lat' dir='ltr'><strong>pans</strong></span> <span class='ocrx_word' id='word_1_63' title='bbox 525 1513 924 1587; x_wconf 88' lang='lat' dir='ltr'><strong>occlamat:</strong></span> <span class='ocrx_word' id='word_1_64' title='bbox 950 1510 1531 1605; x_wconf 86' lang='lat' dir='ltr'><strong>Commilitones,</strong></span> <span class='ocrx_word' id='word_1_65' title='bbox 1551 1514 1806 1611; x_wconf 73' lang='lat' dir='ltr'><strong>inquit,</strong></span> <span class='ocrx_word' id='word_1_66' title='bbox 1832 1513 2304 1587; x_wconf 90' lang='lat' dir='ltr'><strong>novissimum</strong></span> <span class='ocrx_word' id='word_1_67' title='bbox 2341 1509 2554 1609; x_wconf 91' lang='lat' dir='ltr'><strong>spiri-</strong></span> 
     </span>
     <span class='ocr_line' id='line_1_11' title="bbox 283 1637 2553 1739; baseline -0.002 -25"><span class='ocrx_word' id='word_1_68' title='bbox 283 1651 438 1715; x_wconf 86' lang='lat' dir='ltr'><strong>tum</strong></span> <span class='ocrx_word' id='word_1_69' title='bbox 461 1661 604 1739; x_wconf 89' lang='lat' dir='ltr'><strong>per</strong></span> <span class='ocrx_word' id='word_1_70' title='bbox 625 1639 966 1714; x_wconf 80' lang='lat' dir='ltr'><strong>virtutem</strong></span> <span class='ocrx_word' id='word_1_71' title='bbox 1003 1649 1084 1715; x_wconf 89' lang='lat' dir='ltr'><strong>et</strong></span> <span class='ocrx_word' id='word_1_72' title='bbox 1104 1640 1330 1737; x_wconf 81' lang='lat' dir='ltr'><strong>digna</strong></span> <span class='ocrx_word' id='word_1_73' title='bbox 1366 1648 1622 1714; x_wconf 88' lang='lat' dir='ltr'><strong>nostro</strong></span> <span class='ocrx_word' id='word_1_74' title='bbox 1663 1640 1953 1714; x_wconf 90' lang='lat' dir='ltr'><strong>nomine</strong></span> <span class='ocrx_word' id='word_1_75' title='bbox 1992 1639 2417 1719; x_wconf 89' lang='lat' dir='ltr'><strong>fortitudine</strong></span> <span class='ocrx_word' id='word_1_76' title='bbox 2454 1637 2553 1711; x_wconf 87' lang='lat' dir='ltr'><strong>ef-</strong></span> 
     </span>
     <span class='ocr_line' id='line_1_12' title="bbox 281 1765 2551 1865; baseline -0.002 -23"><span class='ocrx_word' id='word_1_77' title='bbox 281 1768 709 1842; x_wconf 78' lang='lat' dir='ltr'><strong>fundamus.</strong></span> <span class='ocrx_word' id='word_1_78' title='bbox 725 1767 887 1841; x_wconf 90' lang='lat' dir='ltr'><strong>Nec</strong></span> <span class='ocrx_word' id='word_1_79' title='bbox 906 1776 1342 1843; x_wconf 84' lang='lat' dir='ltr'><strong>cunctatum:</strong></span> <span class='ocrx_word' id='word_1_80' title='bbox 1366 1768 1589 1843; x_wconf 88' lang='lat' dir='ltr'><strong>tubae</strong></span> <span class='ocrx_word' id='word_1_81' title='bbox 1612 1792 1702 1842; x_wconf 91' lang='lat' dir='ltr'><strong>ac</strong></span> <span class='ocrx_word' id='word_1_82' title='bbox 1718 1775 2078 1865; x_wconf 84' lang='lat' dir='ltr'><strong>tympana</strong></span> <span class='ocrx_word' id='word_1_83' title='bbox 2097 1789 2430 1857; x_wconf 86' lang='lat' dir='ltr'><strong>sonuere,</strong></span> <span class='ocrx_word' id='word_1_84' title='bbox 2446 1765 2551 1863; x_wconf 89' lang='lat' dir='ltr'><strong>ip-</strong></span> 
     </span>
     <span class='ocr_line' id='line_1_13' title="bbox 284 1894 2544 1992; baseline 0.001 -26"><span class='ocrx_word' id='word_1_85' title='bbox 284 1916 525 1991; x_wconf 85' lang='lat' dir='ltr'><strong>seque</strong></span> <span class='ocrx_word' id='word_1_86' title='bbox 546 1902 720 1969; x_wconf 89' lang='lat' dir='ltr'><strong>ante</strong></span> <span class='ocrx_word' id='word_1_87' title='bbox 739 1894 928 1969; x_wconf 83' lang='lat' dir='ltr'><strong>alios</strong></span> <span class='ocrx_word' id='word_1_88' title='bbox 951 1894 1487 1969; x_wconf 88' lang='lat' dir='ltr'><strong>nobilissimum</strong></span> <span class='ocrx_word' id='word_1_89' title='bbox 1509 1894 1939 1988; x_wconf 85' lang='lat' dir='ltr'><strong>sangiacum</strong></span> <span class='ocrx_word' id='word_1_90' title='bbox 1964 1894 2284 1992; x_wconf 85' lang='lat' dir='ltr'><strong>pugione</strong></span> <span class='ocrx_word' id='word_1_91' title='bbox 2303 1901 2544 1968; x_wconf 82' lang='lat' dir='ltr'><strong>traus-</strong></span> 
     </span>
     <span class='ocr_line' id='line_1_14' title="bbox 283 2017 2551 2116; baseline 0.002 -24"><span class='ocrx_word' id='word_1_92' title='bbox 283 2021 662 2111; x_wconf 86' lang='lat' dir='ltr'><strong>verberat,</strong></span> <span class='ocrx_word' id='word_1_93' title='bbox 705 2017 1078 2094; x_wconf 85' lang='lat' dir='ltr'><strong>Simonem</strong></span> <span class='ocrx_word' id='word_1_94' title='bbox 1101 2020 1453 2116; x_wconf 86' lang='lat' dir='ltr'><strong>Forgach</strong></span> <span class='ocrx_word' id='word_1_95' title='bbox 1493 2028 1568 2094; x_wconf 91' lang='lat' dir='ltr'><strong>et</strong></span> <span class='ocrx_word' id='word_1_96' title='bbox 1588 2018 1947 2094; x_wconf 90' lang='lat' dir='ltr'><strong>Alousum</strong></span> <span class='ocrx_word' id='word_1_97' title='bbox 1987 2018 2223 2094; x_wconf 88' lang='lat' dir='ltr'><strong>Perez</strong></span> <span class='ocrx_word' id='word_1_98' title='bbox 2262 2020 2551 2097; x_wconf 85' lang='lat' dir='ltr'><strong>nomine</strong></span> 
     </span>
     <span class='ocr_line' id='line_1_15' title="bbox 285 2131 2553 2245; baseline 0 -26"><span class='ocrx_word' id='word_1_99' title='bbox 285 2147 709 2244; x_wconf 85' lang='lat' dir='ltr'><strong>appellans,</strong></span> <span class='ocrx_word' id='word_1_100' title='bbox 724 2146 847 2243; x_wconf 90' lang='lat' dir='ltr'><strong>qui</strong></span> <span class='ocrx_word' id='word_1_101' title='bbox 867 2147 1279 2244; x_wconf 82' lang='lat' dir='ltr'><strong>proximum</strong></span> <span class='ocrx_word' id='word_1_102' title='bbox 1294 2146 1579 2221; x_wconf 89' lang='lat' dir='ltr'><strong>hostem</strong></span> <span class='ocrx_word' id='word_1_103' title='bbox 1601 2148 1970 2245; x_wconf 78' lang='lat' dir='ltr'><strong>extemplo</strong></span> <span class='ocrx_word' id='word_1_104' title='bbox 1993 2146 2407 2239; x_wconf 83' lang='lat' dir='ltr'><strong>trucidavit3</strong></span> <span class='ocrx_word' id='word_1_105' title='bbox 2422 2131 2553 2220; x_wconf 67' lang='lat' dir='ltr'><strong>sied</strong></span> 
     </span>
     <span class='ocr_line' id='line_1_16' title="bbox 283 2271 2553 2372; baseline -0 -25"><span class='ocrx_word' id='word_1_106' title='bbox 283 2274 349 2347; x_wconf 90' lang='lat' dir='ltr'><strong>is</strong></span> <span class='ocrx_word' id='word_1_107' title='bbox 386 2274 470 2347; x_wconf 89' lang='lat' dir='ltr'><strong>in</strong></span> <span class='ocrx_word' id='word_1_108' title='bbox 510 2272 785 2347; x_wconf 91' lang='lat' dir='ltr'><strong>flumen</strong></span> <span class='ocrx_word' id='word_1_109' title='bbox 824 2271 1100 2348; x_wconf 85' lang='lat' dir='ltr'><strong>Cusum</strong></span> <span class='ocrx_word' id='word_1_110' title='bbox 1137 2274 1630 2372; x_wconf 88' lang='lat' dir='ltr'><strong>praecipitato</strong></span> <span class='ocrx_word' id='word_1_111' title='bbox 1652 2296 1839 2371; x_wconf 89' lang='lat' dir='ltr'><strong>equo</strong></span> <span class='ocrx_word' id='word_1_112' title='bbox 1860 2272 2108 2346; x_wconf 91' lang='lat' dir='ltr'><strong>multis</strong></span> <span class='ocrx_word' id='word_1_113' title='bbox 2127 2272 2553 2348; x_wconf 83' lang='lat' dir='ltr'><strong>vulneribus</strong></span> 
     </span>
     <span class='ocr_line' id='line_1_17' title="bbox 286 2400 2552 2500; baseline -0.001 -25"><span class='ocrx_word' id='word_1_114' title='bbox 286 2410 406 2475; x_wconf 88' lang='lat' dir='ltr'><strong>est</strong></span> <span class='ocrx_word' id='word_1_115' title='bbox 445 2402 870 2495; x_wconf 81' lang='lat' dir='ltr'><strong>confectus3</strong></span> <span class='ocrx_word' id='word_1_116' title='bbox 928 2403 1152 2477; x_wconf 88' lang='lat' dir='ltr'><strong>ceteri</strong></span> <span class='ocrx_word' id='word_1_117' title='bbox 1212 2403 1606 2500; x_wconf 83' lang='lat' dir='ltr'><strong>pugnando</strong></span> <span class='ocrx_word' id='word_1_118' title='bbox 1666 2403 1895 2476; x_wconf 83' lang='lat' dir='ltr'><strong>ferme</strong></span> <span class='ocrx_word' id='word_1_119' title='bbox 1933 2423 2187 2477; x_wconf 89' lang='lat' dir='ltr'><strong>omnes</strong></span> <span class='ocrx_word' id='word_1_120' title='bbox 2227 2400 2552 2475; x_wconf 84' lang='lat' dir='ltr'><strong>clarissi-</strong></span> 
     </span>
     <span class='ocr_line' id='line_1_18' title="bbox 286 2526 2550 2624; baseline -0.001 -22"><span class='ocrx_word' id='word_1_121' title='bbox 286 2551 485 2602; x_wconf 87' lang='lat' dir='ltr'><strong>mam</strong></span> <span class='ocrx_word' id='word_1_122' title='bbox 505 2535 816 2601; x_wconf 83' lang='lat' dir='ltr'><strong>mortem</strong></span> <span class='ocrx_word' id='word_1_123' title='bbox 846 2528 1119 2619; x_wconf 90' lang='lat' dir='ltr'><strong>obiere,</strong></span> <span class='ocrx_word' id='word_1_124' title='bbox 1161 2526 1458 2603; x_wconf 83' lang='lat' dir='ltr'><strong>Simone</strong></span> <span class='ocrx_word' id='word_1_125' title='bbox 1499 2526 1846 2624; x_wconf 85' lang='lat' dir='ltr'><strong>Forgach</strong></span> <span class='ocrx_word' id='word_1_126' title='bbox 1884 2528 2359 2602; x_wconf 86' lang='lat' dir='ltr'><strong>vehementer</strong></span> <span class='ocrx_word' id='word_1_127' title='bbox 2388 2548 2550 2600; x_wconf 89' lang='lat' dir='ltr'><strong>sau-</strong></span> 
     </span>
     <span class='ocr_line' id='line_1_19' title="bbox 287 2641 2554 2760; baseline -0.002 -30"><span class='ocrx_word' id='word_1_128' title='bbox 287 2657 400 2731; x_wconf 91' lang='lat' dir='ltr'><strong>cio</strong></span> <span class='ocrx_word' id='word_1_129' title='bbox 446 2659 526 2730; x_wconf 88' lang='lat' dir='ltr'><strong>et</strong></span> <span class='ocrx_word' id='word_1_130' title='bbox 565 2656 828 2760; x_wconf 77' lang='lat' dir='ltr'><strong>paucis</strong></span> <span class='ocrx_word' id='word_1_131' title='bbox 868 2656 1309 2753; x_wconf 88' lang='lat' dir='ltr'><strong>quibusdam</strong></span> <span class='ocrx_word' id='word_1_132' title='bbox 1353 2657 1548 2730; x_wconf 88' lang='lat' dir='ltr'><strong>vivis</strong></span> <span class='ocrx_word' id='word_1_133' title='bbox 1589 2656 1851 2754; x_wconf 83' lang='lat' dir='ltr'><strong>captis.</strong></span> <span class='ocrx_word' id='word_1_134' title='bbox 1876 2641 2289 2730; x_wconf 84' lang='lat' dir='ltr'><strong>Losoncius</strong></span> <span class='ocrx_word' id='word_1_135' title='bbox 2325 2654 2554 2729; x_wconf 84' lang='lat' dir='ltr'><strong>letha-</strong></span> 
     </span>
     <span class='ocr_line' id='line_1_20' title="bbox 283 2780 2555 2883; baseline -0.001 -25"><span class='ocrx_word' id='word_1_136' title='bbox 283 2784 489 2859; x_wconf 89' lang='lat' dir='ltr'><strong>libus</strong></span> <span class='ocrx_word' id='word_1_137' title='bbox 531 2784 960 2859; x_wconf 85' lang='lat' dir='ltr'><strong>vulneribus</strong></span> <span class='ocrx_word' id='word_1_138' title='bbox 982 2792 1266 2883; x_wconf 86' lang='lat' dir='ltr'><strong>captus,</strong></span> <span class='ocrx_word' id='word_1_139' title='bbox 1289 2784 1474 2858; x_wconf 88' lang='lat' dir='ltr'><strong>etad</strong></span> <span class='ocrx_word' id='word_1_140' title='bbox 1498 2781 1894 2857; x_wconf 88' lang='lat' dir='ltr'><strong>Amhatum</strong></span> <span class='ocrx_word' id='word_1_141' title='bbox 1929 2781 2344 2880; x_wconf 89' lang='lat' dir='ltr'><strong>perductus.</strong></span> <span class='ocrx_word' id='word_1_142' title='bbox 2368 2780 2555 2855; x_wconf 85' lang='lat' dir='ltr'><strong>&#39;Pru-</strong></span> 
     </span>
     <span class='ocr_line' id='line_1_21' title="bbox 289 2907 2551 2997; baseline -0.001 -14"><span class='ocrx_word' id='word_1_143' title='bbox 289 2911 352 2983; x_wconf 92' lang='lat' dir='ltr'><strong>ci</strong></span> <span class='ocrx_word' id='word_1_144' title='bbox 393 2910 633 2997; x_wconf 82' lang='lat' dir='ltr'><strong>vultu,</strong></span> <span class='ocrx_word' id='word_1_145' title='bbox 672 2932 802 2984; x_wconf 88' lang='lat' dir='ltr'><strong>cur</strong></span> <span class='ocrx_word' id='word_1_146' title='bbox 839 2918 949 2984; x_wconf 89' lang='lat' dir='ltr'><strong>tot</strong></span> <span class='ocrx_word' id='word_1_147' title='bbox 988 2910 1219 2984; x_wconf 88' lang='lat' dir='ltr'><strong>millia</strong></span> <span class='ocrx_word' id='word_1_148' title='bbox 1237 2908 1544 2986; x_wconf 86' lang='lat' dir='ltr'><strong>militum</strong></span> <span class='ocrx_word' id='word_1_149' title='bbox 1583 2909 2050 2994; x_wconf 80' lang='lat' dir='ltr'><strong>trucidasset,</strong></span> <span class='ocrx_word' id='word_1_150' title='bbox 2073 2919 2148 2984; x_wconf 90' lang='lat' dir='ltr'><strong>et</strong></span> <span class='ocrx_word' id='word_1_151' title='bbox 2174 2930 2316 2984; x_wconf 85' lang='lat' dir='ltr'><strong>non</strong></span> <span class='ocrx_word' id='word_1_152' title='bbox 2354 2907 2551 2982; x_wconf 92' lang='lat' dir='ltr'><strong>illico</strong></span> 
     </span>
     <span class='ocr_line' id='line_1_22' title="bbox 289 3034 2550 3135; baseline -0.001 -25"><span class='ocrx_word' id='word_1_153' title='bbox 289 3059 542 3111; x_wconf 86' lang='lat' dir='ltr'><strong>arcem</strong></span> <span class='ocrx_word' id='word_1_154' title='bbox 581 3034 1105 3132; x_wconf 81' lang='lat' dir='ltr'><strong>civitatemque</strong></span> <span class='ocrx_word' id='word_1_155' title='bbox 1142 3035 1595 3129; x_wconf 86' lang='lat' dir='ltr'><strong>tradidisset,</strong></span> <span class='ocrx_word' id='word_1_156' title='bbox 1619 3058 1873 3112; x_wconf 88' lang='lat' dir='ltr'><strong>canem</strong></span> <span class='ocrx_word' id='word_1_157' title='bbox 1895 3035 2310 3135; x_wconf 89' lang='lat' dir='ltr'><strong>appellans,</strong></span> <span class='ocrx_word' id='word_1_158' title='bbox 2331 3035 2550 3109; x_wconf 87' lang='lat' dir='ltr'><strong>iuter-</strong></span> 
     </span>
     <span class='ocr_line' id='line_1_23' title="bbox 288 3159 2549 3259; baseline -0.001 -23"><span class='ocrx_word' id='word_1_159' title='bbox 288 3161 611 3258; x_wconf 82' lang='lat' dir='ltr'><strong>rogavit.</strong></span> <span class='ocrx_word' id='word_1_160' title='bbox 629 3159 747 3236; x_wconf 90' lang='lat' dir='ltr'><strong>Ad</strong></span> <span class='ocrx_word' id='word_1_161' title='bbox 772 3185 961 3259; x_wconf 88' lang='lat' dir='ltr'><strong>quae</strong></span> <span class='ocrx_word' id='word_1_162' title='bbox 982 3162 1236 3236; x_wconf 88' lang='lat' dir='ltr'><strong>statim</strong></span> <span class='ocrx_word' id='word_1_163' title='bbox 1256 3162 1668 3238; x_wconf 90' lang='lat' dir='ltr'><strong>Losoncius</strong></span> <span class='ocrx_word' id='word_1_164' title='bbox 1687 3163 2003 3239; x_wconf 86' lang='lat' dir='ltr'><strong>infracto</strong></span> <span class='ocrx_word' id='word_1_165' title='bbox 2025 3163 2304 3238; x_wconf 85' lang='lat' dir='ltr'><strong>animo:</strong></span> <span class='ocrx_word' id='word_1_166' title='bbox 2332 3159 2549 3236; x_wconf 72' lang='grc' dir='ltr'>0111ιί-</span> 
     </span>
     <span class='ocr_line' id='line_1_24' title="bbox 290 3287 2551 3385; baseline -0.001 -23"><span class='ocrx_word' id='word_1_167' title='bbox 290 3287 695 3384; x_wconf 82' lang='lat' dir='ltr'><strong>na,inquit,</strong></span> <span class='ocrx_word' id='word_1_168' title='bbox 718 3295 972 3361; x_wconf 87' lang='lat' dir='ltr'><strong>vestra</strong></span> <span class='ocrx_word' id='word_1_169' title='bbox 1011 3287 1199 3362; x_wconf 91' lang='lat' dir='ltr'><strong>fides</strong></span> <span class='ocrx_word' id='word_1_170' title='bbox 1240 3296 1377 3377; x_wconf 91' lang='lat' dir='ltr'><strong>est,</strong></span> <span class='ocrx_word' id='word_1_171' title='bbox 1399 3295 1470 3362; x_wconf 85' lang='lat' dir='ltr'><strong>et</strong></span> <span class='ocrx_word' id='word_1_172' title='bbox 1508 3287 1573 3362; x_wconf 89' lang='lat' dir='ltr'><strong>si</strong></span> <span class='ocrx_word' id='word_1_173' title='bbox 1613 3289 1789 3385; x_wconf 89' lang='lat' dir='ltr'><strong>quid</strong></span> <span class='ocrx_word' id='word_1_174' title='bbox 1812 3296 1927 3364; x_wconf 87' lang='lat' dir='ltr'><strong>est</strong></span> <span class='ocrx_word' id='word_1_175' title='bbox 1946 3289 2293 3380; x_wconf 88' lang='lat' dir='ltr'><strong>deterius,</strong></span> <span class='ocrx_word' id='word_1_176' title='bbox 2322 3288 2551 3363; x_wconf 89' lang='lat' dir='ltr'><strong>homi-</strong></span> 
     </span>
     <span class='ocr_line' id='line_1_25' title="bbox 283 3412 2552 3512; baseline -0.001 -23"><span class='ocrx_word' id='word_1_177' title='bbox 283 3437 421 3489; x_wconf 88' lang='lat' dir='ltr'><strong>nes</strong></span> <span class='ocrx_word' id='word_1_178' title='bbox 440 3412 952 3512; x_wconf 76' lang='lat' dir='ltr'><strong>perditissimi,</strong></span> <span class='ocrx_word' id='word_1_179' title='bbox 992 3420 1068 3487; x_wconf 87' lang='lat' dir='ltr'><strong>et</strong></span> <span class='ocrx_word' id='word_1_180' title='bbox 1106 3436 1241 3487; x_wconf 89' lang='lat' dir='ltr'><strong>vos</strong></span> <span class='ocrx_word' id='word_1_181' title='bbox 1281 3436 1534 3488; x_wconf 90' lang='lat' dir='ltr'><strong>omnes</strong></span> <span class='ocrx_word' id='word_1_182' title='bbox 1571 3414 2000 3512; x_wconf 82' lang='lat' dir='ltr'><strong>turpissimi,</strong></span> <span class='ocrx_word' id='word_1_183' title='bbox 2022 3414 2323 3511; x_wconf 88' lang='lat' dir='ltr'><strong>perjuri,</strong></span> <span class='ocrx_word' id='word_1_184' title='bbox 2344 3413 2552 3509; x_wconf 81' lang='lat' dir='ltr'><strong>flagi-</strong></span> 
     </span>
     <span class='ocr_line' id='line_1_26' title="bbox 283 3539 2550 3638; baseline -0 -24"><span class='ocrx_word' id='word_1_185' title='bbox 283 3539 677 3615; x_wconf 84' lang='lat' dir='ltr'><strong>tiosissimi</strong></span> <span class='ocrx_word' id='word_1_186' title='bbox 715 3539 1153 3632; x_wconf 87' lang='lat' dir='ltr'><strong>mortalium,</strong></span> <span class='ocrx_word' id='word_1_187' title='bbox 1213 3563 1513 3638; x_wconf 88' lang='lat' dir='ltr'><strong>quorum</strong></span> <span class='ocrx_word' id='word_1_188' title='bbox 1575 3541 1909 3616; x_wconf 86' lang='lat' dir='ltr'><strong>caninam</strong></span> <span class='ocrx_word' id='word_1_189' title='bbox 1965 3541 2247 3615; x_wconf 85' lang='lat' dir='ltr'><strong>rabiem</strong></span> <span class='ocrx_word' id='word_1_190' title='bbox 2301 3541 2550 3614; x_wconf 85' lang='lat' dir='ltr'><strong>fidem-</strong></span> 
     </span>
     <span class='ocr_line' id='line_1_27' title="bbox 286 3665 2551 3764; baseline -0.001 -22"><span class='ocrx_word' id='word_1_191' title='bbox 286 3691 430 3764; x_wconf 89' lang='lat' dir='ltr'><strong>que</strong></span> <span class='ocrx_word' id='word_1_192' title='bbox 470 3665 541 3739; x_wconf 91' lang='lat' dir='ltr'><strong>si</strong></span> <span class='ocrx_word' id='word_1_193' title='bbox 579 3666 979 3758; x_wconf 86' lang='lat' dir='ltr'><strong>novissem,</strong></span> <span class='ocrx_word' id='word_1_194' title='bbox 1056 3668 1408 3763; x_wconf 87' lang='lat' dir='ltr'><strong>majorem</strong></span> <span class='ocrx_word' id='word_1_195' title='bbox 1484 3667 1699 3741; x_wconf 88' lang='lat' dir='ltr'><strong>vobis</strong></span> <span class='ocrx_word' id='word_1_196' title='bbox 1773 3669 2047 3742; x_wconf 88' lang='lat' dir='ltr'><strong>luctum</strong></span> <span class='ocrx_word' id='word_1_197' title='bbox 2084 3666 2372 3763; x_wconf 89' lang='lat' dir='ltr'><strong>meique</strong></span> <span class='ocrx_word' id='word_1_198' title='bbox 2409 3690 2551 3740; x_wconf 86' lang='lat' dir='ltr'><strong>me-</strong></span> 
     </span>
     <span class='ocr_line' id='line_1_28' title="bbox 285 3791 2548 3891; baseline -0 -23"><span class='ocrx_word' id='word_1_199' title='bbox 285 3795 600 3869; x_wconf 83' lang='lat' dir='ltr'><strong>moriam</strong></span> <span class='ocrx_word' id='word_1_200' title='bbox 637 3794 713 3866; x_wconf 90' lang='lat' dir='ltr'><strong>in</strong></span> <span class='ocrx_word' id='word_1_201' title='bbox 754 3793 1058 3868; x_wconf 84' lang='lat' dir='ltr'><strong>exitium</strong></span> <span class='ocrx_word' id='word_1_202' title='bbox 1095 3795 1329 3870; x_wconf 83' lang='lat' dir='ltr'><strong>vestri</strong></span> <span class='ocrx_word' id='word_1_203' title='bbox 1406 3793 1894 3890; x_wconf 87' lang='lat' dir='ltr'><strong>reliquissem.</strong></span> <span class='ocrx_word' id='word_1_204' title='bbox 1991 3791 2267 3869; x_wconf 89' lang='lat' dir='ltr'><strong>Amhat</strong></span> <span class='ocrx_word' id='word_1_205' title='bbox 2304 3796 2548 3891; x_wconf 87' lang='lat' dir='ltr'><strong>perju-</strong></span> 
     </span>
     <span class='ocr_line' id='line_1_29' title="bbox 287 3918 2540 4018; baseline -0.001 -23"><span class='ocrx_word' id='word_1_206' title='bbox 287 3944 412 3996; x_wconf 87' lang='lat' dir='ltr'><strong>ros</strong></span> <span class='ocrx_word' id='word_1_207' title='bbox 470 3919 683 4017; x_wconf 89' lang='lat' dir='ltr'><strong>ipsos</strong></span> <span class='ocrx_word' id='word_1_208' title='bbox 714 3974 730 4008; x_wconf 89' lang='lat'><strong>,</strong></span> <span class='ocrx_word' id='word_1_209' title='bbox 805 3920 1208 4018; x_wconf 87' lang='lat' dir='ltr'><strong>respondit,</strong></span> <span class='ocrx_word' id='word_1_210' title='bbox 1248 3919 1372 4017; x_wconf 90' lang='lat' dir='ltr'><strong>qui</strong></span> <span class='ocrx_word' id='word_1_211' title='bbox 1427 3918 1753 3996; x_wconf 89' lang='lat' dir='ltr'><strong>Uluman</strong></span> <span class='ocrx_word' id='word_1_212' title='bbox 1815 3921 2085 4016; x_wconf 82' lang='lat' dir='ltr'><strong>begum</strong></span> <span class='ocrx_word' id='word_1_213' title='bbox 2160 3920 2298 3992; x_wconf 91' lang='lat' dir='ltr'><strong>sub</strong></span> <span class='ocrx_word' id='word_1_214' title='bbox 2372 3919 2540 4017; x_wconf 89' lang='lat' dir='ltr'><strong>ipso</strong></span> 
     </span>
     <span class='ocr_line' id='line_1_30' title="bbox 289 4045 2546 4141; baseline -0 -20"><span class='ocrx_word' id='word_1_215' title='bbox 289 4045 742 4122; x_wconf 85' lang='lat' dir='ltr'><strong>sacramenti</strong></span> <span class='ocrx_word' id='word_1_216' title='bbox 781 4046 1084 4123; x_wconf 86' lang='lat' dir='ltr'><strong>foedere</strong></span> <span class='ocrx_word' id='word_1_217' title='bbox 1163 4047 1238 4121; x_wconf 90' lang='lat' dir='ltr'><strong>in</strong></span> <span class='ocrx_word' id='word_1_218' title='bbox 1297 4046 1568 4122; x_wconf 88' lang='lat' dir='ltr'><strong>itinere·</strong></span> <span class='ocrx_word' id='word_1_219' title='bbox 1619 4046 2294 4137; x_wconf 86' lang='lat' dir='ltr'><strong>circumvenissent,</strong></span> <span class='ocrx_word' id='word_1_220' title='bbox 2336 4046 2546 4141; x_wconf 88' lang='lat' dir='ltr'><strong>cujus</strong></span> 
     </span>
     <span class='ocr_line' id='line_1_31' title="bbox 288 4169 2545 4271; baseline -0 -25"><span class='ocrx_word' id='word_1_221' title='bbox 288 4175 469 4248; x_wconf 82' lang='lat' dir='ltr'><strong>facti</strong></span> <span class='ocrx_word' id='word_1_222' title='bbox 543 4193 829 4270; x_wconf 89' lang='lat' dir='ltr'><strong>poenas</strong></span> <span class='ocrx_word' id='word_1_223' title='bbox 904 4175 1002 4248; x_wconf 88' lang='lat' dir='ltr'><strong>ab</strong></span> <span class='ocrx_word' id='word_1_224' title='bbox 1074 4173 1262 4271; x_wconf 90' lang='lat' dir='ltr'><strong>ipsis</strong></span> <span class='ocrx_word' id='word_1_225' title='bbox 1300 4174 1608 4250; x_wconf 89' lang='lat' dir='ltr'><strong>canibus</strong></span> <span class='ocrx_word' id='word_1_226' title='bbox 1684 4198 1767 4249; x_wconf 90' lang='lat' dir='ltr'><strong>se</strong></span> <span class='ocrx_word' id='word_1_227' title='bbox 1807 4195 2000 4248; x_wconf 88' lang='lat' dir='ltr'><strong>nunc</strong></span> <span class='ocrx_word' id='word_1_228' title='bbox 2035 4172 2359 4269; x_wconf 85' lang='lat' dir='ltr'><strong>exigere.</strong></span> <span class='ocrx_word' id='word_1_229' title='bbox 2399 4169 2545 4263; x_wconf 81' lang='lat' dir='ltr'><strong>Qui</strong></span> 
     </span>
    </p>
   </div>
   <div class='ocr_carea' id='block_1_3' title="bbox 432 4398 2541 4477">
    <p class='ocr_par' dir='ltr' id='par_1_3' title="bbox 432 4359 2541 4477">
     <span class='ocr_line' id='line_1_32' title="bbox 432 4398 2541 4477; baseline 0.001 -21"><span class='ocrx_word' id='word_1_230' title='bbox 432 4402 502 4469; x_wconf 53' lang='grc' dir='ltr'><strong>1ὓ)</strong></span> <span class='ocrx_word' id='word_1_231' title='bbox 524 4398 769 4458; x_wconf 67' lang='grc' dir='ltr'><strong>Ιεινάῃῆ</strong></span> <span class='ocrx_word' id='word_1_232' title='bbox 786 4402 1103 4476; x_wconf 75' lang='lat' dir='ltr'><strong>jegyzete:</strong></span> <span class='ocrx_word' id='word_1_233' title='bbox 1145 4405 1274 4477; x_wconf 82' lang='lat' dir='ltr'><strong>„qui</strong></span> <span class='ocrx_word' id='word_1_234' title='bbox 1301 4409 1439 4461; x_wconf 87' lang='lat' dir='ltr'><strong>tunc</strong></span> <span class='ocrx_word' id='word_1_235' title='bbox 1460 4412 1588 4461; x_wconf 82' lang='lat' dir='ltr'><strong>erat</strong></span> <span class='ocrx_word' id='word_1_236' title='bbox 1614 4405 1930 4462; x_wconf 74' lang='lat' dir='ltr'><strong>Memhetee</strong></span> <span class='ocrx_word' id='word_1_237' title='bbox 1956 4420 2151 4477; x_wconf 76' lang='lat' dir='ltr'><strong>passa,</strong></span> <span class='ocrx_word' id='word_1_238' title='bbox 2178 4404 2275 4476; x_wconf 87' lang='lat' dir='ltr'><strong>qui</strong></span> <span class='ocrx_word' id='word_1_239' title='bbox 2303 4405 2437 4460; x_wconf 82' lang='lat' dir='ltr'><strong>dein</strong></span> <span class='ocrx_word' id='word_1_240' title='bbox 2463 4404 2541 4459; x_wconf 80' lang='lat' dir='ltr'><strong>ad</strong></span> 
     </span>
    </p>
   </div>
   <div class='ocr_carea' id='block_1_4' title="bbox 287 4490 2541 4637">
    <p class='ocr_par' dir='ltr' id='par_1_4' title="bbox 287 4490 2541 4637">
     <span class='ocr_line' id='line_1_33' title="bbox 287 4490 2541 4568; baseline 0 -22"><span class='ocrx_word' id='word_1_241' title='bbox 287 4507 527 4562; x_wconf 73' lang='lat' dir='ltr'><strong>magnos</strong></span> <span class='ocrx_word' id='word_1_242' title='bbox 583 4490 834 4549; x_wconf 84' lang='lat' dir='ltr'><strong>honores</strong></span> <span class='ocrx_word' id='word_1_243' title='bbox 882 4500 1122 4552; x_wconf 81' lang='lat' dir='ltr'><strong>evectus</strong></span> <span class='ocrx_word' id='word_1_244' title='bbox 1149 4495 1332 4567; x_wconf 84' lang='lat' dir='ltr'><strong>Sigeti</strong></span> <span class='ocrx_word' id='word_1_245' title='bbox 1360 4498 1721 4568; x_wconf 76' lang='lat' dir='ltr'><strong>expugnavit</strong></span> <span class='ocrx_word' id='word_1_246' title='bbox 1770 4494 2148 4566; x_wconf 82' lang='lat' dir='ltr'><strong>castellum“;</strong></span> <span class='ocrx_word' id='word_1_247' title='bbox 2206 4515 2243 4551; x_wconf 87' lang='lat' dir='ltr'><strong>a</strong></span> <span class='ocrx_word' id='word_1_248' title='bbox 2290 4496 2541 4567; x_wconf 86' lang='lat' dir='ltr'><strong>quodam</strong></span> 
     </span>
     <span class='ocr_line' id='line_1_34' title="bbox 290 4579 810 4637; baseline 0.012 -6"><span class='ocrx_word' id='word_1_249' title='bbox 290 4579 416 4636; x_wconf 76' lang='lat' dir='ltr'><strong>viro</strong></span> <span class='ocrx_word' id='word_1_250' title='bbox 443 4582 673 4637; x_wconf 76' lang='lat' dir='ltr'><strong>occisus</strong></span> <span class='ocrx_word' id='word_1_251' title='bbox 702 4587 810 4637; x_wconf 82' lang='lat' dir='ltr'><strong>est.</strong></span> 
     </span>
    </p>
   </div>
  </div>
 </body>
</html>
