<?xml version="1.0" encoding="UTF-8"?>
<!DOCTYPE html PUBLIC "-//W3C//DTD XHTML 1.0 Transitional//EN"
    "http://www.w3.org/TR/xhtml1/DTD/xhtml1-transitional.dtd">
<html xmlns="http://www.w3.org/1999/xhtml" xml:lang="en" lang="en">
 <head>
  <title>
</title>
<meta http-equiv="Content-Type" content="text/html;charset=utf-8" />
  <meta name='ocr-system' content='tesseract 3.04.00' />
  <meta name='ocr-capabilities' content='ocr_page ocr_carea ocr_par ocr_line ocrx_word'/>
</head>
<body>
  <div class='ocr_page' id='page_1' title='image "./magyarhistorija00bpgoog/magyarhistorija00bpgoog_0114.png"; bbox 0 0 3293 5219; ppageno 0'>
   <div class='ocr_carea' id='block_1_1' title="bbox 748 292 798 369">
    <p class='ocr_par' dir='ltr' id='par_1_1' title="bbox 748 292 798 369">
     <span class='ocr_line' id='line_1_1' title="bbox 748 292 798 369; baseline 0 0"><span class='ocrx_word' id='word_1_1' title='bbox 748 292 798 369; x_wconf 88' lang='grc'>6</span> 
     </span>
    </p>
   </div>
   <div class='ocr_carea' id='block_1_2' title="bbox 754 514 3014 1628">
    <p class='ocr_par' dir='ltr' id='par_1_2' title="bbox 754 514 3014 1628">
     <span class='ocr_line' id='line_1_2' title="bbox 755 514 3000 611; baseline -0.003 -18"><span class='ocrx_word' id='word_1_2' title='bbox 755 517 888 593; x_wconf 86' lang='lat' dir='ltr'><strong>sed</strong></span> <span class='ocrx_word' id='word_1_3' title='bbox 927 516 1246 591; x_wconf 87' lang='lat' dir='ltr'><strong>muneris</strong></span> <span class='ocrx_word' id='word_1_4' title='bbox 1284 517 1469 607; x_wconf 90' lang='lat' dir='ltr'><strong>loc0,</strong></span> <span class='ocrx_word' id='word_1_5' title='bbox 1509 523 1589 590; x_wconf 91' lang='lat' dir='ltr'><strong>ut</strong></span> <span class='ocrx_word' id='word_1_6' title='bbox 1613 515 1698 589; x_wconf 94' lang='lat' dir='ltr'><strong>L.</strong></span> <span class='ocrx_word' id='word_1_7' title='bbox 1737 516 1972 589; x_wconf 90' lang='lat' dir='ltr'><strong>millia</strong></span> <span class='ocrx_word' id='word_1_8' title='bbox 1999 515 2439 590; x_wconf 88' lang='lat' dir='ltr'><strong>florenorum</strong></span> <span class='ocrx_word' id='word_1_9' title='bbox 2475 514 3000 611; x_wconf 86' lang='lat' dir='ltr'><strong>ungaricorum</strong></span> 
     </span>
     <span class='ocr_line' id='line_1_3' title="bbox 754 643 3003 742; baseline -0.002 -23"><span class='ocrx_word' id='word_1_10' title='bbox 754 648 828 720; x_wconf 91' lang='lat' dir='ltr'><strong>in</strong></span> <span class='ocrx_word' id='word_1_11' title='bbox 868 667 1099 719; x_wconf 91' lang='lat' dir='ltr'><strong>annos</strong></span> <span class='ocrx_word' id='word_1_12' title='bbox 1138 644 1470 740; x_wconf 88' lang='lat' dir='ltr'><strong>singulos</strong></span> <span class='ocrx_word' id='word_1_13' title='bbox 1508 643 1884 742; x_wconf 81' lang='lat' dir='ltr'><strong>penderet.</strong></span> <span class='ocrx_word' id='word_1_14' title='bbox 1925 643 2074 718; x_wconf 89' lang='lat' dir='ltr'><strong>Sed</strong></span> <span class='ocrx_word' id='word_1_15' title='bbox 2111 666 2326 719; x_wconf 88' lang='lat' dir='ltr'><strong>unum</strong></span> <span class='ocrx_word' id='word_1_16' title='bbox 2367 643 2675 737; x_wconf 89' lang='lat' dir='ltr'><strong>curabit,</strong></span> <span class='ocrx_word' id='word_1_17' title='bbox 2731 667 2824 718; x_wconf 93' lang='lat' dir='ltr'><strong>ne</strong></span> <span class='ocrx_word' id='word_1_18' title='bbox 2863 664 3003 742; x_wconf 86' lang='lat' dir='ltr'><strong>per</strong></span> 
     </span>
     <span class='ocr_line' id='line_1_4' title="bbox 756 760 3005 871; baseline -0.001 -26"><span class='ocrx_word' id='word_1_19' title='bbox 756 768 1279 871; x_wconf 83' lang='lat' dir='ltr'><strong>proditionem,</strong></span> <span class='ocrx_word' id='word_1_20' title='bbox 1338 762 1472 867; x_wconf 90' lang='lat' dir='ltr'><strong>(uti</strong></span> <span class='ocrx_word' id='word_1_21' title='bbox 1501 769 1662 864; x_wconf 88' lang='lat' dir='ltr'><strong>jam</strong></span> <span class='ocrx_word' id='word_1_22' title='bbox 1710 775 1932 843; x_wconf 88' lang='lat' dir='ltr'><strong>antea</strong></span> <span class='ocrx_word' id='word_1_23' title='bbox 1965 793 2101 867; x_wconf 88' lang='lat' dir='ltr'><strong>per</strong></span> <span class='ocrx_word' id='word_1_24' title='bbox 2148 769 2435 868; x_wconf 88' lang='lat' dir='ltr'><strong>aliquos</strong></span> <span class='ocrx_word' id='word_1_25' title='bbox 2472 770 2749 844; x_wconf 89' lang='lat' dir='ltr'><strong>factum</strong></span> <span class='ocrx_word' id='word_1_26' title='bbox 2787 760 3005 864; x_wconf 89' lang='lat' dir='ltr'><strong>erat,)</strong></span> 
     </span>
     <span class='ocr_line' id='line_1_5' title="bbox 759 892 3004 994; baseline -0.002 -22"><span class='ocrx_word' id='word_1_27' title='bbox 759 896 854 973; x_wconf 85' lang='lat' dir='ltr'><strong>ad</strong></span> <span class='ocrx_word' id='word_1_28' title='bbox 895 893 1310 972; x_wconf 78' lang='lat' dir='ltr'><strong>Germanos</strong></span> <span class='ocrx_word' id='word_1_29' title='bbox 1350 892 1665 969; x_wconf 87' lang='lat' dir='ltr'><strong>defectio</strong></span> <span class='ocrx_word' id='word_1_30' title='bbox 1704 893 1936 986; x_wconf 89' lang='lat' dir='ltr'><strong>fieret,</strong></span> <span class='ocrx_word' id='word_1_31' title='bbox 1993 904 2068 969; x_wconf 90' lang='lat' dir='ltr'><strong>et</strong></span> <span class='ocrx_word' id='word_1_32' title='bbox 2105 897 2224 994; x_wconf 87' lang='lat' dir='ltr'><strong>qui</strong></span> <span class='ocrx_word' id='word_1_33' title='bbox 2266 896 2734 987; x_wconf 78' lang='lat' dir='ltr'><strong>defecissent,</strong></span> <span class='ocrx_word' id='word_1_34' title='bbox 2791 917 3004 969; x_wconf 85' lang='lat' dir='ltr'><strong>revo-</strong></span> 
     </span>
     <span class='ocr_line' id='line_1_6' title="bbox 760 1020 3005 1121; baseline -0.001 -23"><span class='ocrx_word' id='word_1_35' title='bbox 760 1030 981 1098; x_wconf 88' lang='lat' dir='ltr'><strong>caret.</strong></span> <span class='ocrx_word' id='word_1_36' title='bbox 1024 1020 1206 1097; x_wconf 84' lang='lat' dir='ltr'><strong>Cum</strong></span> <span class='ocrx_word' id='word_1_37' title='bbox 1226 1022 1433 1097; x_wconf 88' lang='lat' dir='ltr'><strong>hisce</strong></span> <span class='ocrx_word' id='word_1_38' title='bbox 1472 1021 1730 1096; x_wconf 88' lang='lat' dir='ltr'><strong>iisdem</strong></span> <span class='ocrx_word' id='word_1_39' title='bbox 1751 1022 1993 1121; x_wconf 90' lang='lat' dir='ltr'><strong>pactis</strong></span> <span class='ocrx_word' id='word_1_40' title='bbox 2029 1023 2082 1099; x_wconf 85' lang='lat' dir='ltr'>J</span> <span class='ocrx_word' id='word_1_41' title='bbox 2086 1022 2355 1097; x_wconf 88' lang='lat' dir='ltr'><strong>ohanni</strong></span> <span class='ocrx_word' id='word_1_42' title='bbox 2377 1024 2478 1097; x_wconf 94' lang='lat' dir='ltr'><strong>II.</strong></span> <span class='ocrx_word' id='word_1_43' title='bbox 2519 1021 2745 1097; x_wconf 88' lang='lat' dir='ltr'><strong>filiam</strong></span> <span class='ocrx_word' id='word_1_44' title='bbox 2767 1021 3005 1097; x_wconf 86' lang='lat' dir='ltr'><strong>Fran-</strong></span> 
     </span>
     <span class='ocr_line' id='line_1_7' title="bbox 760 1147 3008 1248; baseline -0.001 -23"><span class='ocrx_word' id='word_1_45' title='bbox 760 1149 939 1225; x_wconf 88' lang='lat' dir='ltr'><strong>cisci</strong></span> <span class='ocrx_word' id='word_1_46' title='bbox 975 1150 1177 1246; x_wconf 89' lang='lat' dir='ltr'><strong>regis</strong></span> <span class='ocrx_word' id='word_1_47' title='bbox 1228 1147 1645 1224; x_wconf 85' lang='lat' dir='ltr'><strong>Galliarum</strong></span> <span class='ocrx_word' id='word_1_48' title='bbox 1684 1171 2084 1246; x_wconf 88' lang='lat' dir='ltr'><strong>procurare</strong></span> <span class='ocrx_word' id='word_1_49' title='bbox 2125 1156 2505 1225; x_wconf 79' lang='lat' dir='ltr'><strong>statuerat.</strong></span> <span class='ocrx_word' id='word_1_50' title='bbox 2563 1149 2681 1223; x_wconf 88' lang='lat' dir='ltr'><strong>De</strong></span> <span class='ocrx_word' id='word_1_51' title='bbox 2739 1148 3008 1248; x_wconf 89' lang='lat' dir='ltr'><strong>quibus</strong></span> 
     </span>
     <span class='ocr_line' id='line_1_8' title="bbox 760 1272 3011 1374; baseline -0.001 -22"><span class='ocrx_word' id='word_1_52' title='bbox 760 1279 907 1352; x_wconf 90' lang='lat' dir='ltr'><strong>ista</strong></span> <span class='ocrx_word' id='word_1_53' title='bbox 941 1276 1159 1352; x_wconf 89' lang='lat' dir='ltr'><strong>nobis</strong></span> <span class='ocrx_word' id='word_1_54' title='bbox 1196 1277 1412 1351; x_wconf 88' lang='lat' dir='ltr'><strong>fidem</strong></span> <span class='ocrx_word' id='word_1_55' title='bbox 1450 1272 1700 1351; x_wconf 85' lang='lat' dir='ltr'><strong>facere</strong></span> <span class='ocrx_word' id='word_1_56' title='bbox 1738 1282 2087 1374; x_wconf 84' lang='lat' dir='ltr'><strong>possunt,</strong></span> <span class='ocrx_word' id='word_1_57' title='bbox 2151 1277 2344 1372; x_wconf 90' lang='lat' dir='ltr'><strong>quod</strong></span> <span class='ocrx_word' id='word_1_58' title='bbox 2381 1276 2696 1368; x_wconf 89' lang='lat' dir='ltr'><strong>Budam,</strong></span> <span class='ocrx_word' id='word_1_59' title='bbox 2754 1276 3011 1350; x_wconf 88' lang='lat' dir='ltr'><strong>Beche</strong></span> 
     </span>
     <span class='ocr_line' id='line_1_9' title="bbox 762 1400 3012 1497; baseline -0.002 -17"><span class='ocrx_word' id='word_1_60' title='bbox 762 1413 838 1479; x_wconf 88' lang='lat' dir='ltr'><strong>et</strong></span> <span class='ocrx_word' id='word_1_61' title='bbox 872 1402 1363 1480; x_wconf 89' lang='lat' dir='ltr'><strong>Bechkereke</strong></span> <span class='ocrx_word' id='word_1_62' title='bbox 1392 1402 1717 1478; x_wconf 70' lang='lat' dir='ltr'><strong>,Iohanni</strong></span> <span class='ocrx_word' id='word_1_63' title='bbox 1755 1403 2096 1497; x_wconf 90' lang='lat' dir='ltr'><strong>restituit,</strong></span> <span class='ocrx_word' id='word_1_64' title='bbox 2134 1401 2283 1479; x_wconf 89' lang='lat' dir='ltr'><strong>filio</strong></span> <span class='ocrx_word' id='word_1_65' title='bbox 2325 1425 2502 1477; x_wconf 85' lang='lat' dir='ltr'><strong>vero</strong></span> <span class='ocrx_word' id='word_1_66' title='bbox 2539 1403 2616 1477; x_wconf 93' lang='lat' dir='ltr'><strong>in</strong></span> <span class='ocrx_word' id='word_1_67' title='bbox 2654 1400 2851 1477; x_wconf 88' lang='lat' dir='ltr'><strong>bello</strong></span> <span class='ocrx_word' id='word_1_68' title='bbox 2895 1400 3012 1476; x_wconf 87' lang='lat' dir='ltr'><strong>Si-</strong></span> 
     </span>
     <span class='ocr_line' id='line_1_10' title="bbox 763 1529 3014 1628; baseline 0 -23"><span class='ocrx_word' id='word_1_69' title='bbox 763 1530 1119 1628; x_wconf 81' lang='lat' dir='ltr'><strong>getiensi,</strong></span> <span class='ocrx_word' id='word_1_70' title='bbox 1195 1553 1356 1605; x_wconf 89' lang='lat' dir='ltr'><strong>cum</strong></span> <span class='ocrx_word' id='word_1_71' title='bbox 1396 1529 1491 1604; x_wconf 86' lang='lat' dir='ltr'><strong>ad</strong></span> <span class='ocrx_word' id='word_1_72' title='bbox 1547 1530 1989 1606; x_wconf 87' lang='lat' dir='ltr'><strong>visitandum</strong></span> <span class='ocrx_word' id='word_1_73' title='bbox 2053 1554 2137 1606; x_wconf 87' lang='lat' dir='ltr'><strong>se</strong></span> <span class='ocrx_word' id='word_1_74' title='bbox 2175 1530 2603 1607; x_wconf 82' lang='lat' dir='ltr'><strong>Taurunum</strong></span> <span class='ocrx_word' id='word_1_75' title='bbox 2657 1531 3014 1620; x_wconf 83' lang='lat' dir='ltr'><strong>venisset,</strong></span> 
     </span>
    </p>
   </div>
   <div class='ocr_carea' id='block_1_3' title="bbox 764 1651 3041 4419">
    <p class='ocr_par' dir='ltr' id='par_1_3' title="bbox 764 1651 3041 4419">
     <span class='ocr_line' id='line_1_11' title="bbox 764 1651 3018 1756; baseline 0 -25"><span class='ocrx_word' id='word_1_76' title='bbox 764 1680 1108 1732; x_wconf 88' lang='lat' dir='ltr'><strong>coronam</strong></span> <span class='ocrx_word' id='word_1_77' title='bbox 1128 1680 1424 1732; x_wconf 86' lang='lat' dir='ltr'><strong>auream</strong></span> <span class='ocrx_word' id='word_1_78' title='bbox 1443 1656 1883 1755; x_wconf 87' lang='lat' dir='ltr'><strong>praeparari</strong></span> <span class='ocrx_word' id='word_1_79' title='bbox 1891 1656 2204 1753; x_wconf 86' lang='lat' dir='ltr'><strong>jusserit</strong></span> <span class='ocrx_word' id='word_1_80' title='bbox 2222 1651 2330 1756; x_wconf 59' lang='lat'><strong>²¹⁸),</strong></span> <span class='ocrx_word' id='word_1_81' title='bbox 2352 1657 2720 1732; x_wconf 89' lang='lat' dir='ltr'><strong>Henricus</strong></span> <span class='ocrx_word' id='word_1_82' title='bbox 2743 1665 3018 1748; x_wconf 88' lang='lat' dir='ltr'><strong>autem,</strong></span> 
     </span>
     <span class='ocr_line' id='line_1_12' title="bbox 764 1783 3017 1882; baseline -0 -24"><span class='ocrx_word' id='word_1_83' title='bbox 764 1790 977 1882; x_wconf 89' lang='lat' dir='ltr'><strong>patre</strong></span> <span class='ocrx_word' id='word_1_84' title='bbox 1015 1783 1233 1857; x_wconf 88' lang='lat' dir='ltr'><strong>etiam</strong></span> <span class='ocrx_word' id='word_1_85' title='bbox 1273 1789 1555 1858; x_wconf 85' lang='lat' dir='ltr'><strong>mortuo</strong></span> <span class='ocrx_word' id='word_1_86' title='bbox 1577 1804 1907 1857; x_wconf 91' lang='lat' dir='ltr'><strong>sororem</strong></span> <span class='ocrx_word' id='word_1_87' title='bbox 1929 1805 2136 1858; x_wconf 86' lang='lat' dir='ltr'><strong>suam</strong></span> <span class='ocrx_word' id='word_1_88' title='bbox 2158 1807 2319 1859; x_wconf 89' lang='lat' dir='ltr'><strong>cum</strong></span> <span class='ocrx_word' id='word_1_89' title='bbox 2355 1783 2777 1879; x_wconf 86' lang='lat' dir='ltr'><strong>ingentibus</strong></span> <span class='ocrx_word' id='word_1_90' title='bbox 2797 1806 3017 1882; x_wconf 89' lang='lat' dir='ltr'><strong>prae-</strong></span> 
     </span>
     <span class='ocr_line' id='line_1_13' title="bbox 768 1909 3021 2007; baseline 0 -21"><span class='ocrx_word' id='word_1_91' title='bbox 768 1910 975 1986; x_wconf 91' lang='lat' dir='ltr'><strong>sidiis</strong></span> <span class='ocrx_word' id='word_1_92' title='bbox 1013 1910 1089 1984; x_wconf 92' lang='lat' dir='ltr'><strong>in</strong></span> <span class='ocrx_word' id='word_1_93' title='bbox 1127 1909 1663 1985; x_wconf 89' lang='lat' dir='ltr'><strong>matrimonium</strong></span> <span class='ocrx_word' id='word_1_94' title='bbox 1702 1911 2086 2006; x_wconf 80' lang='lat' dir='ltr'><strong>obtulerit3</strong></span> <span class='ocrx_word' id='word_1_95' title='bbox 2129 1934 2319 2007; x_wconf 90' lang='lat' dir='ltr'><strong>quae</strong></span> <span class='ocrx_word' id='word_1_96' title='bbox 2357 1911 2552 1985; x_wconf 89' lang='lat' dir='ltr'><strong>infra</strong></span> <span class='ocrx_word' id='word_1_97' title='bbox 2588 1911 2810 1987; x_wconf 89' lang='lat' dir='ltr'><strong>latius</strong></span> <span class='ocrx_word' id='word_1_98' title='bbox 2848 1934 3021 1986; x_wconf 87' lang='lat' dir='ltr'><strong>nar-</strong></span> 
     </span>
     <span class='ocr_line' id='line_1_14' title="bbox 768 2035 3018 2138; baseline -0 -24"><span class='ocrx_word' id='word_1_99' title='bbox 768 2040 1140 2114; x_wconf 86' lang='lat' dir='ltr'><strong>rabuntur.</strong></span> <span class='ocrx_word' id='word_1_100' title='bbox 1201 2036 1412 2128; x_wconf 82' lang='lat' dir='ltr'><strong>Quae</strong></span> <span class='ocrx_word' id='word_1_101' title='bbox 1448 2037 1576 2112; x_wconf 90' lang='lat' dir='ltr'><strong>ubi</strong></span> <span class='ocrx_word' id='word_1_102' title='bbox 1615 2046 1785 2113; x_wconf 91' lang='lat' dir='ltr'><strong>sunt</strong></span> <span class='ocrx_word' id='word_1_103' title='bbox 1821 2045 2235 2136; x_wconf 87' lang='lat' dir='ltr'><strong>comperta,</strong></span> <span class='ocrx_word' id='word_1_104' title='bbox 2293 2035 2739 2136; x_wconf 84' lang='lat' dir='ltr'><strong>Solymanus</strong></span> <span class='ocrx_word' id='word_1_105' title='bbox 2776 2037 3018 2138; x_wconf 86' lang='lat' dir='ltr'><strong>indig-</strong></span> 
     </span>
     <span class='ocr_line' id='line_1_15' title="bbox 767 2165 3020 2258; baseline -0 -16"><span class='ocrx_word' id='word_1_106' title='bbox 767 2168 1069 2243; x_wconf 82' lang='lat' dir='ltr'><strong>nitatem</strong></span> <span class='ocrx_word' id='word_1_107' title='bbox 1089 2166 1195 2240; x_wconf 89' lang='lat' dir='ltr'><strong>rei</strong></span> <span class='ocrx_word' id='word_1_108' title='bbox 1238 2165 1709 2240; x_wconf 87' lang='lat' dir='ltr'><strong>vehementer</strong></span> <span class='ocrx_word' id='word_1_109' title='bbox 1730 2166 2155 2258; x_wconf 88' lang='lat' dir='ltr'><strong>admiratus,</strong></span> <span class='ocrx_word' id='word_1_110' title='bbox 2197 2166 2648 2241; x_wconf 86' lang='lat' dir='ltr'><strong>Mamhutum</strong></span> <span class='ocrx_word' id='word_1_111' title='bbox 2677 2167 3020 2243; x_wconf 90' lang='lat' dir='ltr'><strong>nuncium</strong></span> 
     </span>
     <span class='ocr_line' id='line_1_16' title="bbox 771 2285 3021 2392; baseline -0.001 -24"><span class='ocrx_word' id='word_1_112' title='bbox 771 2289 1178 2391; x_wconf 86' lang='lat' dir='ltr'><strong>(chausium</strong></span> <span class='ocrx_word' id='word_1_113' title='bbox 1234 2285 1530 2389; x_wconf 87' lang='lat' dir='ltr'><strong>vocant)</strong></span> <span class='ocrx_word' id='word_1_114' title='bbox 1582 2315 1742 2366; x_wconf 87' lang='lat' dir='ltr'><strong>cum</strong></span> <span class='ocrx_word' id='word_1_115' title='bbox 1764 2291 2138 2367; x_wconf 82' lang='lat' dir='ltr'><strong>atrocibus</strong></span> <span class='ocrx_word' id='word_1_116' title='bbox 2175 2291 2540 2367; x_wconf 89' lang='lat' dir='ltr'><strong>mandatis</strong></span> <span class='ocrx_word' id='word_1_117' title='bbox 2572 2300 2646 2367; x_wconf 87' lang='lat' dir='ltr'><strong>et</strong></span> <span class='ocrx_word' id='word_1_118' title='bbox 2683 2293 3021 2392; x_wconf 90' lang='lat' dir='ltr'><strong>epistolis</strong></span> 
     </span>
     <span class='ocr_line' id='line_1_17' title="bbox 773 2417 3024 2518; baseline 0 -22"><span class='ocrx_word' id='word_1_119' title='bbox 773 2420 868 2496; x_wconf 88' lang='lat' dir='ltr'><strong>ad</strong></span> <span class='ocrx_word' id='word_1_120' title='bbox 907 2419 1241 2515; x_wconf 90' lang='lat' dir='ltr'><strong>singulos</strong></span> <span class='ocrx_word' id='word_1_121' title='bbox 1300 2426 1374 2493; x_wconf 90' lang='lat' dir='ltr'><strong>et</strong></span> <span class='ocrx_word' id='word_1_122' title='bbox 1427 2417 1816 2493; x_wconf 78' lang='lat' dir='ltr'><strong>comitatus</strong></span> <span class='ocrx_word' id='word_1_123' title='bbox 1877 2425 1951 2493; x_wconf 87' lang='lat' dir='ltr'><strong>et</strong></span> <span class='ocrx_word' id='word_1_124' title='bbox 2006 2419 2268 2513; x_wconf 88' lang='lat' dir='ltr'><strong>urbes,</strong></span> <span class='ocrx_word' id='word_1_125' title='bbox 2327 2425 2400 2493; x_wconf 87' lang='lat' dir='ltr'><strong>et</strong></span> <span class='ocrx_word' id='word_1_126' title='bbox 2435 2418 2796 2518; x_wconf 88' lang='lat' dir='ltr'><strong>primores</strong></span> <span class='ocrx_word' id='word_1_127' title='bbox 2853 2443 3024 2518; x_wconf 89' lang='lat' dir='ltr'><strong>pro·</strong></span> 
     </span>
     <span class='ocr_line' id='line_1_18' title="bbox 772 2543 3022 2647; baseline -0.001 -24"><span class='ocrx_word' id='word_1_128' title='bbox 772 2569 950 2647; x_wconf 86' lang='lat' dir='ltr'><strong>pere</strong></span> <span class='ocrx_word' id='word_1_129' title='bbox 989 2544 1229 2638; x_wconf 90' lang='lat' dir='ltr'><strong>mittit,</strong></span> <span class='ocrx_word' id='word_1_130' title='bbox 1271 2566 1457 2642; x_wconf 89' lang='lat' dir='ltr'><strong>quas</strong></span> <span class='ocrx_word' id='word_1_131' title='bbox 1494 2543 1569 2618; x_wconf 90' lang='lat' dir='ltr'><strong>in</strong></span> <span class='ocrx_word' id='word_1_132' title='bbox 1611 2544 1928 2620; x_wconf 89' lang='lat' dir='ltr'><strong>comitiis</strong></span> <span class='ocrx_word' id='word_1_133' title='bbox 1968 2543 2216 2621; x_wconf 91' lang='lat' dir='ltr'><strong>statim</strong></span> <span class='ocrx_word' id='word_1_134' title='bbox 2241 2544 2716 2643; x_wconf 89' lang='lat' dir='ltr'><strong>cougregatis</strong></span> <span class='ocrx_word' id='word_1_135' title='bbox 2752 2545 3022 2639; x_wconf 91' lang='lat' dir='ltr'><strong>reddit,</strong></span> 
     </span>
     <span class='ocr_line' id='line_1_19' title="bbox 776 2672 3026 2772; baseline -0.001 -20"><span class='ocrx_word' id='word_1_136' title='bbox 776 2674 1177 2772; x_wconf 89' lang='lat' dir='ltr'><strong>eademque</strong></span> <span class='ocrx_word' id='word_1_137' title='bbox 1216 2673 1466 2747; x_wconf 83' lang='lat' dir='ltr'><strong>verbis</strong></span> <span class='ocrx_word' id='word_1_138' title='bbox 1502 2673 1850 2748; x_wconf 87' lang='lat' dir='ltr'><strong>firmavit:</strong></span> <span class='ocrx_word' id='word_1_139' title='bbox 1911 2672 2293 2747; x_wconf 88' lang='lat' dir='ltr'><strong>Neminem</strong></span> <span class='ocrx_word' id='word_1_140' title='bbox 2331 2675 2603 2765; x_wconf 89' lang='lat' dir='ltr'><strong>latere,</strong></span> <span class='ocrx_word' id='word_1_141' title='bbox 2678 2695 2840 2750; x_wconf 90' lang='lat' dir='ltr'><strong>cum</strong></span> <span class='ocrx_word' id='word_1_142' title='bbox 2880 2672 3026 2749; x_wconf 90' lang='lat' dir='ltr'><strong>Bu-</strong></span> 
     </span>
     <span class='ocr_line' id='line_1_20' title="bbox 776 2800 3026 2899; baseline -0.001 -23"><span class='ocrx_word' id='word_1_143' title='bbox 776 2802 945 2876; x_wconf 88' lang='lat' dir='ltr'><strong>dam</strong></span> <span class='ocrx_word' id='word_1_144' title='bbox 980 2801 1056 2876; x_wconf 91' lang='lat' dir='ltr'><strong>in</strong></span> <span class='ocrx_word' id='word_1_145' title='bbox 1092 2806 1536 2898; x_wconf 87' lang='lat' dir='ltr'><strong>potestatem</strong></span> <span class='ocrx_word' id='word_1_146' title='bbox 1585 2800 1991 2898; x_wconf 86' lang='lat' dir='ltr'><strong>acciperet,</strong></span> <span class='ocrx_word' id='word_1_147' title='bbox 2070 2800 2335 2899; x_wconf 89' lang='lat' dir='ltr'><strong>quibus</strong></span> <span class='ocrx_word' id='word_1_148' title='bbox 2373 2800 2756 2876; x_wconf 88' lang='lat' dir='ltr'><strong>favoribus</strong></span> <span class='ocrx_word' id='word_1_149' title='bbox 2829 2800 3026 2897; x_wconf 88' lang='lat' dir='ltr'><strong>regi-</strong></span> 
     </span>
     <span class='ocr_line' id='line_1_21' title="bbox 774 2925 3029 3027; baseline -0.002 -20"><span class='ocrx_word' id='word_1_150' title='bbox 774 2954 945 3006; x_wconf 90' lang='lat' dir='ltr'><strong>nam</strong></span> <span class='ocrx_word' id='word_1_151' title='bbox 985 2951 1146 3004; x_wconf 87' lang='lat' dir='ltr'><strong>cum</strong></span> <span class='ocrx_word' id='word_1_152' title='bbox 1183 2925 1336 3000; x_wconf 93' lang='lat' dir='ltr'><strong>filio</strong></span> <span class='ocrx_word' id='word_1_153' title='bbox 1356 2934 1852 3025; x_wconf 88' lang='lat' dir='ltr'><strong>prosequutus</strong></span> <span class='ocrx_word' id='word_1_154' title='bbox 1888 2927 2131 3020; x_wconf 87' lang='lat' dir='ltr'><strong>fuerit,</strong></span> <span class='ocrx_word' id='word_1_155' title='bbox 2171 2934 2250 3003; x_wconf 92' lang='lat' dir='ltr'><strong>ut</strong></span> <span class='ocrx_word' id='word_1_156' title='bbox 2280 2927 2599 3002; x_wconf 88' lang='lat' dir='ltr'><strong>dubitari</strong></span> <span class='ocrx_word' id='word_1_157' title='bbox 2638 2950 2783 3002; x_wconf 89' lang='lat' dir='ltr'><strong>non</strong></span> <span class='ocrx_word' id='word_1_158' title='bbox 2819 2934 3029 3027; x_wconf 83' lang='lat' dir='ltr'><strong>potu-</strong></span> 
     </span>
     <span class='ocr_line' id='line_1_22' title="bbox 780 3052 3028 3153; baseline -0.001 -21"><span class='ocrx_word' id='word_1_159' title='bbox 780 3057 940 3148; x_wconf 89' lang='lat' dir='ltr'><strong>erit,</strong></span> <span class='ocrx_word' id='word_1_160' title='bbox 982 3053 1157 3153; x_wconf 89' lang='lat' dir='ltr'><strong>quin</strong></span> <span class='ocrx_word' id='word_1_161' title='bbox 1195 3052 1338 3127; x_wconf 93' lang='lat' dir='ltr'><strong>sibi</strong></span> <span class='ocrx_word' id='word_1_162' title='bbox 1379 3061 1453 3128; x_wconf 88' lang='lat' dir='ltr'><strong>et</strong></span> <span class='ocrx_word' id='word_1_163' title='bbox 1488 3076 1795 3149; x_wconf 87' lang='lat' dir='ltr'><strong>regnum</strong></span> <span class='ocrx_word' id='word_1_164' title='bbox 1834 3054 2074 3152; x_wconf 88' lang='lat' dir='ltr'><strong>ipsum</strong></span> <span class='ocrx_word' id='word_1_165' title='bbox 2115 3053 2499 3151; x_wconf 86' lang='lat' dir='ltr'><strong>Ungariae</strong></span> <span class='ocrx_word' id='word_1_166' title='bbox 2537 3064 2612 3131; x_wconf 86' lang='lat' dir='ltr'><strong>ct</strong></span> <span class='ocrx_word' id='word_1_167' title='bbox 2648 3055 3028 3131; x_wconf 87' lang='lat' dir='ltr'><strong>Transsil-</strong></span> 
     </span>
     <span class='ocr_line' id='line_1_23' title="bbox 779 3180 3032 3276; baseline 0 -19"><span class='ocrx_word' id='word_1_168' title='bbox 779 3183 1042 3259; x_wconf 82' lang='lat' dir='ltr'><strong>vaniae</strong></span> <span class='ocrx_word' id='word_1_169' title='bbox 1079 3204 1225 3255; x_wconf 90' lang='lat' dir='ltr'><strong>una</strong></span> <span class='ocrx_word' id='word_1_170' title='bbox 1266 3203 1425 3255; x_wconf 89' lang='lat' dir='ltr'><strong>cum</strong></span> <span class='ocrx_word' id='word_1_171' title='bbox 1472 3180 1736 3276; x_wconf 86' lang='lat' dir='ltr'><strong>regina</strong></span> <span class='ocrx_word' id='word_1_172' title='bbox 1773 3190 1847 3257; x_wconf 87' lang='lat' dir='ltr'><strong>et</strong></span> <span class='ocrx_word' id='word_1_173' title='bbox 1883 3181 2034 3256; x_wconf 89' lang='lat' dir='ltr'><strong>filio</strong></span> <span class='ocrx_word' id='word_1_174' title='bbox 2076 3180 2488 3257; x_wconf 84' lang='lat' dir='ltr'><strong>defensioni</strong></span> <span class='ocrx_word' id='word_1_175' title='bbox 2551 3189 2624 3257; x_wconf 89' lang='lat' dir='ltr'><strong>et</strong></span> <span class='ocrx_word' id='word_1_176' title='bbox 2661 3204 2881 3257; x_wconf 87' lang='lat' dir='ltr'><strong>curae</strong></span> <span class='ocrx_word' id='word_1_177' title='bbox 2919 3181 3032 3258; x_wconf 85' lang='lat' dir='ltr'><strong>fu·</strong></span> 
     </span>
     <span class='ocr_line' id='line_1_24' title="bbox 781 3307 3029 3404; baseline -0.002 -18"><span class='ocrx_word' id='word_1_178' title='bbox 781 3311 943 3386; x_wconf 85' lang='lat' dir='ltr'><strong>crit.</strong></span> <span class='ocrx_word' id='word_1_179' title='bbox 1002 3311 1121 3385; x_wconf 90' lang='lat' dir='ltr'><strong>Ita</strong></span> <span class='ocrx_word' id='word_1_180' title='bbox 1174 3307 1477 3382; x_wconf 88' lang='lat' dir='ltr'><strong>illaesos</strong></span> <span class='ocrx_word' id='word_1_181' title='bbox 1516 3308 1710 3382; x_wconf 89' lang='lat' dir='ltr'><strong>omni</strong></span> <span class='ocrx_word' id='word_1_182' title='bbox 1766 3309 1838 3382; x_wconf 89' lang='lat' dir='ltr'><strong>vi</strong></span> <span class='ocrx_word' id='word_1_183' title='bbox 1887 3315 2109 3404; x_wconf 88' lang='lat' dir='ltr'><strong>atque</strong></span> <span class='ocrx_word' id='word_1_184' title='bbox 2165 3307 2435 3404; x_wconf 86' lang='lat' dir='ltr'><strong>injuria</strong></span> <span class='ocrx_word' id='word_1_185' title='bbox 2490 3308 2768 3384; x_wconf 89' lang='lat' dir='ltr'><strong>liberos</strong></span> <span class='ocrx_word' id='word_1_186' title='bbox 2825 3331 3029 3382; x_wconf 87' lang='lat' dir='ltr'><strong>man-</strong></span> 
     </span>
     <span class='ocr_line' id='line_1_25' title="bbox 781 3433 3032 3532; baseline -0.001 -20"><span class='ocrx_word' id='word_1_187' title='bbox 781 3437 1012 3529; x_wconf 88' lang='lat' dir='ltr'><strong>sisse,</strong></span> <span class='ocrx_word' id='word_1_188' title='bbox 1089 3458 1250 3510; x_wconf 89' lang='lat' dir='ltr'><strong>cum</strong></span> <span class='ocrx_word' id='word_1_189' title='bbox 1305 3433 1527 3509; x_wconf 90' lang='lat' dir='ltr'><strong>etiam</strong></span> <span class='ocrx_word' id='word_1_190' title='bbox 1584 3436 1786 3510; x_wconf 90' lang='lat' dir='ltr'><strong>solos</strong></span> <span class='ocrx_word' id='word_1_191' title='bbox 1825 3434 2071 3510; x_wconf 86' lang='lat' dir='ltr'><strong>decies</strong></span> <span class='ocrx_word' id='word_1_192' title='bbox 2121 3434 2319 3510; x_wconf 88' lang='lat' dir='ltr'><strong>mille</strong></span> <span class='ocrx_word' id='word_1_193' title='bbox 2374 3433 2732 3528; x_wconf 90' lang='lat' dir='ltr'><strong>florenos,</strong></span> <span class='ocrx_word' id='word_1_194' title='bbox 2808 3433 3032 3532; x_wconf 88' lang='lat' dir='ltr'><strong>idque</strong></span> 
     </span>
     <span class='ocr_line' id='line_1_26' title="bbox 781 3561 3035 3660; baseline -0.002 -20"><span class='ocrx_word' id='word_1_195' title='bbox 781 3561 1119 3640; x_wconf 87' lang='lat' dir='ltr'><strong>beneficii</strong></span> <span class='ocrx_word' id='word_1_196' title='bbox 1174 3561 1558 3653; x_wconf 88' lang='lat' dir='ltr'><strong>memoria,</strong></span> <span class='ocrx_word' id='word_1_197' title='bbox 1634 3583 2076 3658; x_wconf 86' lang='lat' dir='ltr'><strong>quamquam</strong></span> <span class='ocrx_word' id='word_1_198' title='bbox 2154 3584 2247 3637; x_wconf 81' lang='lat' dir='ltr'><strong>ex</strong></span> <span class='ocrx_word' id='word_1_199' title='bbox 2323 3561 2798 3660; x_wconf 88' lang='lat' dir='ltr'><strong>amplissimis</strong></span> <span class='ocrx_word' id='word_1_200' title='bbox 2854 3583 3035 3660; x_wconf 90' lang='lat' dir='ltr'><strong>opu-</strong></span> 
     </span>
     <span class='ocr_line' id='line_1_27' title="bbox 780 3687 3036 3788; baseline -0.003 -21"><span class='ocrx_word' id='word_1_201' title='bbox 780 3689 1171 3767; x_wconf 88' lang='lat' dir='ltr'><strong>lentissimi</strong></span> <span class='ocrx_word' id='word_1_202' title='bbox 1227 3689 1439 3783; x_wconf 89' lang='lat' dir='ltr'><strong>regni</strong></span> <span class='ocrx_word' id='word_1_203' title='bbox 1495 3688 1783 3787; x_wconf 87' lang='lat' dir='ltr'><strong>opibus,</strong></span> <span class='ocrx_word' id='word_1_204' title='bbox 1841 3709 2120 3762; x_wconf 89' lang='lat' dir='ltr'><strong>annuos</strong></span> <span class='ocrx_word' id='word_1_205' title='bbox 2174 3688 2562 3788; x_wconf 87' lang='lat' dir='ltr'><strong>acciperet.</strong></span> <span class='ocrx_word' id='word_1_206' title='bbox 2623 3687 3036 3783; x_wconf 82' lang='lat' dir='ltr'><strong>Georgium</strong></span> 
     </span>
     <span class='ocr_line' id='line_1_28' title="bbox 785 3812 3039 3912; baseline -0.002 -18"><span class='ocrx_word' id='word_1_207' title='bbox 785 3824 1197 3894; x_wconf 89' lang='lat' dir='ltr'><strong>curatorem</strong></span> <span class='ocrx_word' id='word_1_208' title='bbox 1236 3813 1688 3911; x_wconf 86' lang='lat' dir='ltr'><strong>adjunxisse,</strong></span> <span class='ocrx_word' id='word_1_209' title='bbox 1729 3812 2017 3912; x_wconf 87' lang='lat' dir='ltr'><strong>fideque</strong></span> <span class='ocrx_word' id='word_1_210' title='bbox 2045 3815 2558 3908; x_wconf 80' lang='lat' dir='ltr'><strong>obstrinxisse,</strong></span> <span class='ocrx_word' id='word_1_211' title='bbox 2599 3814 2792 3912; x_wconf 91' lang='lat' dir='ltr'><strong>quod</strong></span> <span class='ocrx_word' id='word_1_212' title='bbox 2828 3813 3039 3889; x_wconf 87' lang='lat' dir='ltr'><strong>illum</strong></span> 
     </span>
     <span class='ocr_line' id='line_1_29' title="bbox 786 3941 3035 4039; baseline -0.001 -20"><span class='ocrx_word' id='word_1_213' title='bbox 786 3947 879 4021; x_wconf 90' lang='lat' dir='ltr'><strong>ob</strong></span> <span class='ocrx_word' id='word_1_214' title='bbox 936 3942 1427 4021; x_wconf 87' lang='lat' dir='ltr'><strong>reverentiam</strong></span> <span class='ocrx_word' id='word_1_215' title='bbox 1501 3941 1953 4016; x_wconf 87' lang='lat' dir='ltr'><strong>monasticae</strong></span> <span class='ocrx_word' id='word_1_216' title='bbox 2009 3941 2392 4039; x_wconf 86' lang='lat' dir='ltr'><strong>religionis</strong></span> <span class='ocrx_word' id='word_1_217' title='bbox 2484 3952 2558 4017; x_wconf 94' lang='lat' dir='ltr'><strong>et</strong></span> <span class='ocrx_word' id='word_1_218' title='bbox 2641 3948 3035 4035; x_wconf 87' lang='lat' dir='ltr'><strong>senectam,</strong></span> 
     </span>
     <span class='ocr_line' id='line_1_30' title="bbox 789 4067 3038 4169; baseline -0.001 -22"><span class='ocrx_word' id='word_1_219' title='bbox 789 4080 863 4147; x_wconf 88' lang='lat' dir='ltr'><strong>et</strong></span> <span class='ocrx_word' id='word_1_220' title='bbox 888 4074 1108 4169; x_wconf 77' lang='lat' dir='ltr'><strong>Juxta</strong></span> <span class='ocrx_word' id='word_1_221' title='bbox 1163 4069 1445 4166; x_wconf 87' lang='lat' dir='ltr'><strong>regiam</strong></span> <span class='ocrx_word' id='word_1_222' title='bbox 1484 4067 1918 4165; x_wconf 88' lang='lat' dir='ltr'><strong>dignitatem</strong></span> <span class='ocrx_word' id='word_1_223' title='bbox 1974 4068 2480 4162; x_wconf 87' lang='lat' dir='ltr'><strong>constitutum,</strong></span> <span class='ocrx_word' id='word_1_224' title='bbox 2539 4068 2792 4163; x_wconf 90' lang='lat' dir='ltr'><strong>fidem,</strong></span> <span class='ocrx_word' id='word_1_225' title='bbox 2869 4091 3038 4144; x_wconf 91' lang='lat' dir='ltr'><strong>con-</strong></span> 
     </span>
     <span class='ocr_line' id='line_1_31' title="bbox 793 4196 3041 4293; baseline -0.001 -21"><span class='ocrx_word' id='word_1_226' title='bbox 793 4198 1140 4274; x_wconf 89' lang='lat' dir='ltr'><strong>stantiam</strong></span> <span class='ocrx_word' id='word_1_227' title='bbox 1258 4207 1333 4273; x_wconf 91' lang='lat' dir='ltr'><strong>et</strong></span> <span class='ocrx_word' id='word_1_228' title='bbox 1386 4197 1814 4273; x_wconf 87' lang='lat' dir='ltr'><strong>memoriam</strong></span> <span class='ocrx_word' id='word_1_229' title='bbox 1870 4196 2388 4273; x_wconf 88' lang='lat' dir='ltr'><strong>beneficiorum</strong></span> <span class='ocrx_word' id='word_1_230' title='bbox 2443 4219 2807 4293; x_wconf 89' lang='lat' dir='ltr'><strong>nunquam</strong></span> <span class='ocrx_word' id='word_1_231' title='bbox 2868 4218 3041 4270; x_wconf 85' lang='lat' dir='ltr'><strong>exu-</strong></span> 
     </span>
     <span class='ocr_line' id='line_1_32' title="bbox 794 4320 3037 4419; baseline -0 -21"><span class='ocrx_word' id='word_1_232' title='bbox 794 4331 1033 4400; x_wconf 90' lang='lat' dir='ltr'><strong>turum</strong></span> <span class='ocrx_word' id='word_1_233' title='bbox 1091 4324 1551 4400; x_wconf 89' lang='lat' dir='ltr'><strong>credidisset.</strong></span> <span class='ocrx_word' id='word_1_234' title='bbox 1610 4320 1890 4400; x_wconf 85' lang='lat' dir='ltr'><strong>Contra</strong></span> <span class='ocrx_word' id='word_1_235' title='bbox 1986 4345 2175 4398; x_wconf 91' lang='lat' dir='ltr'><strong>nunc</strong></span> <span class='ocrx_word' id='word_1_236' title='bbox 2230 4322 2585 4419; x_wconf 85' lang='lat' dir='ltr'><strong>reginam,</strong></span> <span class='ocrx_word' id='word_1_237' title='bbox 2663 4320 3037 4418; x_wconf 88' lang='lat' dir='ltr'><strong>filiumque</strong></span> 
     </span>
    </p>
   </div>
   <div class='ocr_carea' id='block_1_4' title="bbox 788 4508 3038 4680">
    <p class='ocr_par' dir='ltr' id='par_1_4' title="bbox 788 4508 3038 4680">
     <span class='ocr_line' id='line_1_33' title="bbox 1008 4508 3038 4589; baseline -0 -20"><span class='ocrx_word' id='word_1_238' title='bbox 1008 4515 1067 4585; x_wconf 63' lang='lat' dir='ltr'><strong>ff)</strong></span> <span class='ocrx_word' id='word_1_239' title='bbox 1096 4516 1333 4573; x_wconf 70' lang='lat' dir='ltr'><strong>Istvanfl</strong></span> <span class='ocrx_word' id='word_1_240' title='bbox 1352 4517 1627 4589; x_wconf 85' lang='lat' dir='ltr'><strong>jegyzete</strong></span> <span class='ocrx_word' id='word_1_241' title='bbox 1651 4537 1664 4570; x_wconf 91' lang='lat'>:</span> <span class='ocrx_word' id='word_1_242' title='bbox 1705 4533 1991 4589; x_wconf 83' lang='lat' dir='ltr'><strong>nunquam</strong></span> <span class='ocrx_word' id='word_1_243' title='bbox 2014 4515 2133 4571; x_wconf 85' lang='lat' dir='ltr'><strong>fieri</strong></span> <span class='ocrx_word' id='word_1_244' title='bbox 2156 4515 2349 4586; x_wconf 84' lang='lat' dir='ltr'><strong>jussit,</strong></span> <span class='ocrx_word' id='word_1_245' title='bbox 2377 4531 2565 4586; x_wconf 84' lang='lat' dir='ltr'><strong>neque</strong></span> <span class='ocrx_word' id='word_1_246' title='bbox 2596 4513 2766 4582; x_wconf 83' lang='lat' dir='ltr'><strong>dedit,</strong></span> <span class='ocrx_word' id='word_1_247' title='bbox 2793 4529 2899 4569; x_wconf 74' lang='lat' dir='ltr'><strong>noc</strong></span> <span class='ocrx_word' id='word_1_248' title='bbox 2925 4508 3038 4572; x_wconf 81' lang='lat' dir='ltr'><strong>Bu-</strong></span> 
     </span>
     <span class='ocr_line' id='line_1_34' title="bbox 788 4606 2224 4680; baseline -0.005 -14"><span class='ocrx_word' id='word_1_249' title='bbox 788 4609 919 4666; x_wconf 75' lang='lat' dir='ltr'><strong>dam</strong></span> <span class='ocrx_word' id='word_1_250' title='bbox 945 4624 1200 4680; x_wconf 80' lang='lat' dir='ltr'><strong>unquam</strong></span> <span class='ocrx_word' id='word_1_251' title='bbox 1229 4607 1521 4677; x_wconf 80' lang='lat' dir='ltr'><strong>restituit3</strong></span> <span class='ocrx_word' id='word_1_252' title='bbox 1549 4609 1739 4679; x_wconf 85' lang='lat' dir='ltr'><strong>miror,</strong></span> <span class='ocrx_word' id='word_1_253' title='bbox 1768 4625 1869 4663; x_wconf 88' lang='lat' dir='ltr'><strong>cur</strong></span> <span class='ocrx_word' id='word_1_254' title='bbox 1895 4606 2224 4663; x_wconf 72' lang='lat' dir='ltr'><strong>mentiatur.</strong></span> 
     </span>
    </p>
   </div>
  </div>
 </body>
</html>
