3293 5219
2325 288 2330 293 ’
2419 321 2581 399 425

318 545 482 616 sine
522 540 773 616 debito
801 541 1107 637 judicio,
1186 543 1490 637 insuper
1527 541 1947 616 hominibus
1987 541 2302 639 privatis
2342 548 2417 615 et
2454 564 2577 617 ex·

318 668 604 745 traneis
647 664 1068 759 Germanis,
1108 667 1355 764 legum
1394 667 1719 764 ignaris3
1750 691 1939 744 neve
1975 670 2167 743 inter
2204 675 2316 743 tot
2352 666 2571 759 mala,

319 794 621 869 amissis
660 800 965 890 propter
1021 793 1375 869 familiam
1431 794 1878 868 austriacam
1920 793 2415 890 patrimoniis,
2455 816 2569 868 re-

320 941 638 1016 gnoque,
662 939 933 992 novam
973 926 1194 1015 atque
1232 918 1609 1016 indignam
1629 919 2123 995 calamitatem
2160 919 2349 1017 ipsis
2386 917 2573 993 adeo

315 1046 587 1120 acerbe
624 1044 1166 1139 accumularet3
1203 1065 1442 1139 neque
1479 1051 1728 1120 tamen
1766 1045 1862 1120 ad
1934 1045 2121 1120 haec
2155 1042 2568 1135 desisteret,

310 1170 519 1246 nulla
557 1169 1212 1262 commiseratione,
1236 1168 1500 1244 nedum
1521 1171 1792 1266 jurium
1819 1170 2034 1267 regni
2052 1170 2311 1246 habita
2345 1169 2565 1246 ratio-

309 1320 434 1371 ne:
454 1295 752 1371 tandem
773 1295 1203 1370 exacerbati
1223 1294 1782 1392 responderunt,
1794 1299 2118 1394 majores
2140 1319 2316 1372 suos
2338 1296 2564 1372 armis

310 1421 803 1518 quaesivisse,
819 1429 893 1496 et
912 1421 1693 1517 commeruisse,bona;
1715 1430 1792 1496 et
1809 1424 1967 1496 fere
1980 1423 2224 1498 omnia
2259 1427 2567 1521 propter

309 1549 534 1624 fidem
575 1572 763 1645 erga
798 1570 1037 1644 genus
1112 1548 1564 1624 austriacum
1640 1548 2021 1644 amisisse3
2059 1548 2263 1623 nulla
2318 1555 2563 1622 autem

305 1674 556 1751 abillo
576 1675 934 1752 beneficia
966 1673 1298 1749 sensisse
1323 1701 1339 1770 3
1368 1677 1529 1771 jam
1550 1697 1643 1749 ex
1663 1671 1999 1772 reliquiis
2035 1696 2184 1750 non
2206 1674 2555 1773 splendo-

308 1823 466 1875 rem
487 1800 961 1891 familiarum,
984 1799 1117 1874 sed
1137 1800 1263 1874 vix
1301 1800 1527 1876 vitam
1548 1800 1790 1898 ipsam
1821 1808 2262 1895 sustentare,
2285 1823 2366 1876 se
2406 1808 2556 1876 sta-

299 1926 542 2001 tuisse
559 1925 852 2002 nonnisi
873 1949 1034 2001 cum
1054 1927 1210 2001 vita
1248 1935 1470 2024 atque
1500 1927 1747 2003 anima
1783 1929 1981 2003 bona
2018 1950 2155 2003 sua
2194 1928 2551 2003 amittere.

300 2053 498 2128 Tum
535 2049 823 2128 demum
858 2051 1052 2127 hanc
1087 2075 1243 2127 rem
1303 2077 1436 2150 per
1474 2053 1843 2129 silentium
1865 2053 2299 2130 transmisit.
2344 2053 2553 2145 Quas

298 2180 396 2254 ob
437 2201 563 2254 res
617 2185 829 2253 tanta
885 2185 1050 2254 erat
1105 2178 1510 2254 animorum
1568 2181 2091 2273 consternatio,
2130 2187 2211 2255 ut
2246 2180 2343 2253 ab
2380 2179 2545 2276 ipso

293 2305 348 2380 J
353 2305 646 2379 ohanne
687 2306 787 2379 II.
828 2305 1339 2403 patrocinium,
1379 2328 1551 2381 sese
1607 2306 1942 2400 dedituri,
1984 2305 2548 2404 quaesivissent,

294 2439 370 2506 et
407 2430 553 2505 nisi
590 2430 866 2504 bellum
921 2438 1263 2506 venetum
1354 2455 1478 2508 res
1534 2431 1942 2528 ungaricas
1994 2453 2537 2530 praeoccupas-

294 2564 435 2649 set,
478 2555 796 2632 omnium
853 2556 1068 2632 simul
1107 2565 1281 2634 tunc
1343 2557 1825 2656 reliquiarum
1883 2556 2272 2655 Ungariae
2324 2565 2398 2635 et
2434 2535 2532 2634 II·
2590 2648 2593 2651 Δ

295 2682 518 2781 lyrici
554 2683 1094 2780 perdendarum
1133 2706 1490 2759 summum
1527 2685 1933 2783 periculum
1973 2683 2309 2761 adiisset.

1225 2999 1604 3011 ————
