3293 5219
774 326 929 404 292

799 547 1002 621 flicta
1084 555 1264 636 erat,
1309 543 1518 642 queis
1576 542 1789 641 copia
1847 551 1972 617 aut
2009 543 2258 641 inopia
2329 545 2612 641 pariter
2648 544 3019 621 insolentia

772 673 993 747 calidi
1102 673 1530 767 laborisque
1672 693 1963 768 semper
2076 671 2431 766 exitiosa3
2546 683 2827 748 certum
2912 683 3014 748 est

770 820 1021 872 omnes
1097 799 1254 872 fere
1312 798 1696 888 extinctos,
1792 805 1865 871 et
1922 796 2043 871 vix
2100 805 2478 895 postremo
2554 800 3013 897 superfuisse,

772 925 895 1020 qui
952 926 1250 1021 vigilias
1326 947 1459 1023 pro
1516 924 1716 998 vallo
1756 930 2090 1017 agerent.
2148 923 2313 997 Hoc
2352 947 2642 1024 quoque
2703 927 2755 1001 J
2762 919 3033 1000 ohanni¹

772 1053 1041 1144 datum,
1101 1051 1371 1149 quippe
1429 1074 1520 1124 ne
1549 1042 1776 1124 'tanta
1854 1049 2106 1123 clades
2176 1045 2747 1127 christianorum
2801 1052 3009 1140 fieret,

770 1180 1014 1255 alieno
1065 1178 1292 1251 -bellis
1379 1175 1760 1268 civilibuS,
1857 1174 2508 1273 defensationeque
2605 1201 2895 1253 suorum
2947 1185 3013 1250 et

772 1306 1258 1402 qualicunque
1300 1302 1623 1382 vindicta
1659 1323 1796 1401 pro
1835 1302 2336 1394 generositate
2387 1305 2612 1377 animi
2653 1312 3007 1400 contento3

773 1456 940 1506 nam
982 1440 1055 1506 et
1094 1431 1428 1526 captivos
1469 1415 1722 1503 omnes
1760 1429 1999 1524 gratis
2042 1428 2333 1518 dimisit,
2380 1439 2452 1502 et
2509 1430 2901 1526 plerosque
2972 1454 3011 1502 a

771 1556 1040 1632 'Furcis
1078 1556 1448 1632 liberavit.
1492 1554 1643 1630 Sed
1700 1555 1964 1630 anxius
2005 1556 2187 1630 tanti
2246 1555 2551 1650 periculi
2609 1578 2871 1630 caesar
2904 1577 3012 1628 no,

778 1709 944 1759 vum
1007 1683 1411 1758 exercitum
1470 1682 2032 1758 conscribebat:
2074 1690 2387 1780 quatuor
2424 1682 2653 1757 millia
2711 1682 3012 1780 peditum

775 1830 1314 1906 germanorum,
1374 1809 1697 1905 equitum
1738 1806 1900 1899 DC,
1962 1831 2405 1905 ungarorum
2502 1808 2823 1904 equitum
2897 1804 3011 1882 CO

767 1956 1073 2030 quorum
1132 1933 1277 2007 dux
1350 1933 1735 2007 Emericus
1792 1933 2161 2030 Forgach,
2209 1932 2578 2008 trimestre
2615 1931 2910 2008 Posonii
2943 1932 3007 2004 in

770 2060 1040 2135 castris
1099 2058 1196 2133 ad
1234 2058 1556 2135 incertos
1615 2082 1835 2135 casus
1903 2060 2280 2136 delituere.
2361 2058 2775 2135 Comitatus
2813 2060 3006 2134 etiam

743 2208 1025 2260 -omnes
1103 2183 1525 2286 Superioris
1585 2185 1968 2281 ngariae
2062 2213 2107 2261 a
2182 2187 2503 2261 Posonio
2599 2184 3005 2284 Scepusium

764 2337 1016 2411 usque,
1035 2313 1324 2387 nobiles
1365 2321 1437 2387 et
1474 2323 1863 2408 magnates
1888 2314 2177 2403 viritim,
2219 2338 2683 2414 paganorum
2702 2313 3001 2387 decimus

769 2442 1098 2539 quisque,
1140 2439 1429 2514 Nitriae
1485 2440 1559 2512 iu
1618 2440 1888 2515 castris
1945 2441 2175 2515 fuere.
2234 2441 2431 2515 Exin
2487 2441 2796 2515 laetiore
2832 2440 3007 2512 fama

777 2567 1118 2659 auditum,
1152 2566 1454 2643 Petrum
1495 2567 1849 2666 Erdeody
1887 2569 2155 2644 banum
2208 2569 2515 2668 Illyrici,
2587 2570 3002 2643 bosnensem

766 2695 1068 2767 bassam
1088 2695 1165 2785 ³¹²)
1188 2693 1653 2791 profligasse.
1670 2693 1853 2770 Cum
1869 2697 2057 2771 XVI
2071 2698 2140 2771 [I
2153 2694 2476 2770 millibus
2500 2696 2817 2791 equitum
2830 2689 3002 2790 apud

769 2819 1065 2894 fluvium
1089 2819 1683 2920 Stupcheniciam
1725 2844 2177 2917 congressus
2217 2823 2411 2897 fudit
2451 2824 2614 2897 sola
2657 2819 3004 2895 clientela-

769 2969 925 3021 rum
984 2972 1072 3021 ac
1145 2949 1602 3046 popularium
1682 2970 1925 3040 manu,
1984 2930 2309 3044 equiturn
2383 2949 2480 3039 M,
2536 2947 2857 3045 peditum
2904 2940 2997 3016 IV

771 3070 1119 3163 millibus,
1160 3073 1455 3168 adJutus
1496 3074 1655 3146 loco
1712 3081 2048 3148 montoso
2106 3081 2179 3147 et
2215 3073 2607 3147 arboribus
2646 3072 2882 3161 denso,
2918 3066 3000 3142 ob

763 3188 850 3270 id
895 3198 1252 3293 peditatui
1295 3197 1746 3296 sclopetario
1784 3198 2155 3297 aequiori3
2215 3201 2495 3295 majore
2553 3205 2793 3272 tamen
2860 3193 2999 3289 glo-

784 3324 917 3416 ria,
960 3349 1177 3421 quam
1235 3326 1556 3401 hostium
1616 3326 1865 3400 caede.
1926 3323 2214 3400 Carnos
2271 3324 2470 3400 haud
2528 3324 2744 3398 dubie
2778 3327 2998 3394 vasta·

773 3450 970 3525 tione
1067 3476 1154 3526 ac
1209 3450 1683 3550 populatione
1777 3451 2141 3526 liberavit.
2200 3448 2445 3549 Capta
2502 3447 2996 3547 mancipiorum

767 3576 1066 3672 aliquot,
1128 3577 1297 3673 equi
1333 3578 1610 3675 plures,
1652 3578 1827 3652 muli
1865 3585 2087 3674 atque
2145 3577 2685 3675 impedimenta.
2723 3571 2996 3649 Hidaiet

765 3729 914 3799 aga
986 3703 1343 3779 hactenus
1439 3704 1775 3779 Viennae
1872 3705 2232 3795 detentus,
2327 3727 2767 3801 quamquam
2850 3719 2993 3771 sae-

773 3854 868 3929 pe
906 3830 1329 3905 missionem
1352 3831 1775 3929 petivisset3
1797 3841 2176 3931 postremo
2196 3856 2331 3930 per
2364 3832 2716 3929 scriptum
2754 3825 2995 3902 diutius

760 3956 1080 4033 invitum
1141 3957 1452 4032 detineri
1517 3967 1589 4032 et
1645 3967 1904 4034 contra
1946 3960 2076 4055 jus
2133 3958 2459 4054 gentium
2535 3953 2993 4040 asseveravit.

779 4086 1018 4179 Igitur
1056 4084 1305 4159 addito
1347 4086 1628 4178 nunciO,
1708 4085 1831 4182 qui
1868 4085 2158 4160 litteras
2215 4085 2311 4158 ad
2350 4083 2819 4181 Solymanum
2850 4102 2994 4176 per·

774 4210 1030 4301 ferret,
1118 4210 1486 4286 dimissus.
1546 4212 1835 4285 Bellum
1891 4210 2186 4285 litterae
2226 4210 2701 4285 continebant
2735 4231 2866 4282 non
2900 4205 2994 4277 in·

766 4336 1030 4412 tulisse
1072 4360 1479 4430 caesarem,
1540 4338 1675 4412 sed
1753 4339 2279 4435 propulsasse;
2320 4345 2577 4413 contra
2612 4337 2666 4414 J
2671 4336 2994 4411 ohannem

773 4542 850 4552 0—-

1139 4547 1174 4554 —-

997 4605 1058 4677 ’‘)
1085 4600 1323 4662 Istvdnfi
1342 4602 1644 4688 jegnete:
1672 4603 1981 4676 Mustapba
2001 4603 2358 4662 Zokolovith.
