3293 5219
2320 274 2475 354 351

225 518 323 568 ex
367 494 685 569 obscura
720 494 1018 584 familia,
1081 494 1549 589 equestribus
1601 494 1795 568 ludis
1836 495 2152 570 celebris
2192 496 2266 571 in
2306 497 2481 571 aula

223 619 671 710 habebatur,
715 642 932 715 quum
971 628 1044 694 et
1102 627 1387 695 statura
1444 644 1754 716 magnus
1831 629 1903 694 et
1980 621 2260 697 viribus
2319 645 2482 697 cor·

225 746 439 842 poris
478 747 995 844 praepolleret.
1018 748 1105 821 In
1143 747 1612 844 praefectura
1650 747 1956 844 Illyrici,
2000 771 2216 845 quam
2252 751 2480 847 paulo

221 878 404 945 ante
443 878 747 944 mortem
786 869 1144 945 Ludovici
1182 872 1276 945 ab
1317 894 1403 945 eo
1444 878 1860 967 acceperat,
1902 870 2083 944 nihil
2123 895 2480 949 memora-

224 997 383 1071 bile
440 997 721 1095 gessit3
813 996 1132 1071 avaritia
1206 996 1580 1087 notabilia,
1659 1003 1733 1071 et
1768 997 2192 1079 vicinorum,
2270 1022 2485 1096 quos-

225 1145 519 1221 cunque
559 1118 962 1214 habuisset,
987 1121 1506 1218 exagitatione3
1548 1121 1729 1195 nihil
1769 1146 2090 1220 unquam
2115 1124 2315 1201 aliud
2338 1149 2487 1200 ma-

230 1250 358 1347 gis
401 1272 693 1341 curans,
744 1272 958 1346 quam
996 1255 1074 1323 ut
1111 1248 1416 1348 propria
1454 1256 1780 1342 augeret.
1823 1247 2166 1325 Andreas
2203 1251 2489 1348 Batory

235 1400 335 1450 ex
370 1376 676 1473 antiqua
698 1373 1099 1472 eademque
1121 1375 1393 1450 illustri
1414 1375 1696 1451 familia
1717 1378 2030 1470 ortus,in
2058 1378 2225 1475 ipsa
2243 1381 2493 1454 statim

228 1505 480 1604 prima
528 1505 827 1579 iuventa
870 1526 1154 1579 ornnem
1193 1526 1402 1579 usum
1434 1504 1700 1601 pedum
1731 1528 2211 1601 manuumque
2239 1506 2492 1582 morbo

231 1631 624 1708 articulari
662 1631 1049 1707 amiserat:
1087 1631 1329 1727 gessit
1359 1639 1603 1704 tamen
1639 1632 2490 1731 Transsilvaniae'prae-

225 1758 618 1847 secturam,
656 1780 818 1832 cum
840 1758 1374 1832 Temesvarum
1396 1764 1510 1831 est
1524 1757 1896 1851 amissum3
1936 1760 2010 1833 in
2025 1783 2166 1857 quo
2189 1760 2497 1858 Stepha-

230 1908 409 1960 num
469 1884 913 1961 Losoncium
1022 1882 1251 1957 milite
1325 1891 1396 1957 et
1455 1884 1722 1958 bellico
1800 1895 2166 1982 apparatu
2227 1889 2496 1983 juvare

231 2036 401 2087 cum
439 2019 714 2107 posset,
753 2009 957 2085 nulla
996 2033 1135 2107 ope
1163 2010 1362 2105 Juvit
1401 2011 1493 2085 ob
1514 2010 1852 2108 privatas
1892 2012 2200 2107 injurias
2217 2008 2307 2109 ²¹⁸).
2350 2013 2497 2087 De·

228 2162 431 2214 mum
486 2136 995 2233 ingruentibus
1034 2133 1254 2210 bellis
1329 2159 1491 2210 eam
1546 2138 2089 2234 praefecturam
2126 2140 2320 2214 ultro
2360 2139 2491 2213 ab·

232 2264 539 2357 dicavit,
595 2272 670 2337 et
724 2262 1156 2359 dignitatem
1237 2262 1510 2358 judicis
1565 2264 1810 2338 curiae
1867 2266 1984 2354 (ut
2036 2269 2343 2355 vocant)
2402 2264 2498 2338 ad

233 2393 517 2466 obitum
553 2412 788 2487 usque
841 2389 1089 2471 tenuit,
1132 2411 1321 2486 quae
1368 2413 1651 2463 summa
1690 2399 1805 2464 est
1845 2391 2241 2466 secundum
2280 2392 2490 2489 pala-

234 2518 493 2592 tinum.
554 2519 642 2591 In
679 2517 819 2591 hoc
869 2517 1065 2591 bello
1124 2516 1548 2612 generalem
1606 2517 2069 2615 capitaneum
2128 2518 2284 2616 egit
2343 2516 2495 2594 Un-

237 2667 614 2741 garorum,
674 2644 1072 2719 ambitione
1148 2644 1410 2739 magis,
1475 2665 1694 2739 quam
1751 2643 1904 2719 ulla
1979 2645 2129 2719 alia
2167 2668 2273 2719 re.
2313 2642 2497 2720 Cum

240 2793 423 2846 vero
499 2771 900 2847 Babociam
958 2771 1353 2864 amisisset,
1414 2771 1674 2845 mirum
1747 2772 1822 2846 in
1876 2772 2165 2847 modum
2222 2773 2498 2869 abjecit

240 2900 586 2991 animum,
618 2905 697 2973 ut
752 2898 936 2974 mori
973 2899 1409 2997 appetierit3
1467 2923 1637 2973 nam
1679 2899 2007 2996 alioquin
2046 2900 2251 2975 nulla
2286 2921 2498 3000 pror-

246 3050 379 3101 sus
419 3028 754 3125 corporis
791 3035 1004 3123 parte
1026 3027 1340 3116 validus,
1382 3029 1764 3118 melonum,
1807 3028 2268 3125 aliorumque
2305 3029 2500 3103 fruc-

247 3163 474 3245 tuum,
514 3177 741 3252 supra
816 3151 1222 3241 humanam,
1284 3177 1636 3248 suamque
1675 3162 2013 3228 naturam
2045 3154 2497 3229 comestione

247 3280 325 3352 in
366 3280 867 3378 dysenteriam
925 3283 1203 3379 lapSUS,
1246 3289 1319 3356 et
1358 3305 1448 3354 ex
1509 3281 1778 3354 castris
1819 3280 2225 3376 digressus,
2269 3281 2499 3355 vitam

246 3408 506 3482 finivit.
547 3408 840 3484 Mortua
893 3432 1121 3483 uxore
1217 3409 1433 3483 Anna
1492 3410 1858 3499 'I‘urzone,
1896 3408 2358 3483 nobilissima
2396 3416 2504 3482 at-

250 3555 390 3632 que
453 3535 859 3609 lectissima
895 3536 1184 3627 femina,
1240 3523 1760 3633 pedissequam
1799 3532 2163 3629 virginem
2202 3532 2500 3608 obscuri

255 3663 554 3758 generis
591 3685 898 3738 uxorem
940 3662 1164 3736 duxit.
1234 3662 1513 3737 Horum
1567 3669 1820 3736 neuter
1859 3661 2141 3758 prolem
2180 3659 2500 3755 reliquit.

254 3786 779 3886 Sigetiensium
818 3812 1108 3882 uxores,
1147 3788 1437 3863 nobiles
1476 3796 1876 3880 matronae,
1919 3812 2079 3862 cum
2120 3788 2217 3861 ad
2254 3809 2504 3862 caesa-

250 3942 406 3993 rem
446 3917 845 4010 venissent,
906 3919 1440 4015 supplicarunt,
1500 3923 1579 3991 ut
1639 3917 1857 3990 sedes
1897 3914 2148 4012 aliqua
2189 3915 2354 4006 sibi,
2400 3923 2505 3989 at-

251 4069 393 4144 que
433 4046 689 4120 liberis
744 4045 935 4119 omni
1014 4069 1153 4143 ope
1226 4046 1542 4120 humana
1598 4045 1914 4119 desertis
1972 4044 2242 4119 alicubi
2300 4043 2512 4118 dare-

249 4182 387 4247 tur.
466 4172 565 4245 Et
605 4172 669 4244 si
706 4172 908 4246 nulla
945 4181 1145 4245 esset
1200 4173 1347 4246 alia
1402 4173 1590 4246 ratio
1621 4171 1954 4267 juvandi,
2013 4171 2177 4266 agri
2214 4170 2507 4267 quidam

254 4298 530 4374 deserti
569 4306 642 4372 et
677 4321 983 4395 prorsus
1024 4298 1277 4372 inculti
1318 4297 1410 4371 ad
1471 4296 1818 4390 Ovarum,
1859 4320 2045 4394 quae
2087 4320 2221 4371 arx
2262 4320 2512 4373 caesa-

485 4528 545 4598 ⁴*)
574 4526 835 4602 Forgsich
860 4531 893 4579 S
933 4529 1235 4600 jegyzete:
1264 4527 1350 4580 De
1379 4527 1546 4582 bizon
1574 4528 1646 4581 ob
1675 4530 1905 4581 metum.
