<?xml version="1.0" encoding="UTF-8"?>
<!DOCTYPE html PUBLIC "-//W3C//DTD XHTML 1.0 Transitional//EN"
    "http://www.w3.org/TR/xhtml1/DTD/xhtml1-transitional.dtd">
<html xmlns="http://www.w3.org/1999/xhtml" xml:lang="en" lang="en">
 <head>
  <title>
</title>
<meta http-equiv="Content-Type" content="text/html;charset=utf-8" />
  <meta name='ocr-system' content='tesseract 3.04.00' />
  <meta name='ocr-capabilities' content='ocr_page ocr_carea ocr_par ocr_line ocrx_word'/>
</head>
<body>
  <div class='ocr_page' id='page_1' title='image "./magyarhistorija00bpgoog/magyarhistorija00bpgoog_0639.png"; bbox 0 0 3293 5219; ppageno 0'>
   <div class='ocr_carea' id='block_1_1' title="bbox 2381 333 2536 409">
    <p class='ocr_par' dir='ltr' id='par_1_1' title="bbox 2381 333 2536 409">
     <span class='ocr_line' id='line_1_1' title="bbox 2381 333 2536 409; baseline 0.013 -2"><span class='ocrx_word' id='word_1_1' title='bbox 2381 333 2536 409; x_wconf 77' lang='lat'><strong>519</strong></span> 
     </span>
    </p>
   </div>
   <div class='ocr_carea' id='block_1_2' title="bbox 263 546 2547 4328">
    <p class='ocr_par' dir='ltr' id='par_1_2' title="bbox 263 546 2547 4328">
     <span class='ocr_line' id='line_1_2' title="bbox 288 546 2542 647; baseline 0.004 -26"><span class='ocrx_word' id='word_1_2' title='bbox 288 547 397 622; x_wconf 91' lang='lat' dir='ltr'><strong>illi</strong></span> <span class='ocrx_word' id='word_1_3' title='bbox 470 546 858 623; x_wconf 90' lang='lat' dir='ltr'><strong>castellum</strong></span> <span class='ocrx_word' id='word_1_4' title='bbox 917 551 1145 624; x_wconf 87' lang='lat' dir='ltr'><strong>scalis</strong></span> <span class='ocrx_word' id='word_1_5' title='bbox 1207 573 1673 647; x_wconf 85' lang='lat' dir='ltr'>oppugnare,</span> <span class='ocrx_word' id='word_1_6' title='bbox 1733 551 1859 625; x_wconf 91' lang='lat' dir='ltr'><strong>alii</strong></span> <span class='ocrx_word' id='word_1_7' title='bbox 1899 553 2255 627; x_wconf 78' lang='lat' dir='ltr'><strong>subruere</strong></span> <span class='ocrx_word' id='word_1_8' title='bbox 2293 577 2542 629; x_wconf 89' lang='lat' dir='ltr'><strong>muros</strong></span> 
     </span>
     <span class='ocr_line' id='line_1_3' title="bbox 288 674 2547 777; baseline 0.004 -31"><span class='ocrx_word' id='word_1_9' title='bbox 288 674 620 769; x_wconf 79' lang='lat' dir='ltr'><strong>ligneos3</strong></span> <span class='ocrx_word' id='word_1_10' title='bbox 677 674 805 748; x_wconf 89' lang='lat' dir='ltr'><strong>alii</strong></span> <span class='ocrx_word' id='word_1_11' title='bbox 868 676 1063 749; x_wconf 89' lang='lat' dir='ltr'><strong>ultro</strong></span> <span class='ocrx_word' id='word_1_12' title='bbox 1122 676 1193 748; x_wconf 93' lang='lat' dir='ltr'><strong>in</strong></span> <span class='ocrx_word' id='word_1_13' title='bbox 1237 676 1582 774; x_wconf 89' lang='lat' dir='ltr'><strong>oppidum</strong></span> <span class='ocrx_word' id='word_1_14' title='bbox 1624 677 1951 752; x_wconf 76' lang='lat' dir='ltr'>admissi.</span> <span class='ocrx_word' id='word_1_15' title='bbox 2015 678 2206 751; x_wconf 86' lang='lat' dir='ltr'><strong>Tum</strong></span> <span class='ocrx_word' id='word_1_16' title='bbox 2243 688 2547 777; x_wconf 86' lang='lat' dir='ltr'><strong>repente</strong></span> 
     </span>
     <span class='ocr_line' id='line_1_4' title="bbox 303 802 2545 900; baseline 0.001 -24"><span class='ocrx_word' id='word_1_17' title='bbox 303 804 602 877; x_wconf 88' lang='lat' dir='ltr'><strong>Turcae</strong></span> <span class='ocrx_word' id='word_1_18' title='bbox 644 823 733 877; x_wconf 84' lang='lat' dir='ltr'><strong>ex</strong></span> <span class='ocrx_word' id='word_1_19' title='bbox 775 802 1067 900; x_wconf 90' lang='lat' dir='ltr'><strong>oppido,</strong></span> <span class='ocrx_word' id='word_1_20' title='bbox 1106 827 1299 887; x_wconf 83' lang='lat' dir='ltr'><strong>arce,</strong></span> <span class='ocrx_word' id='word_1_21' title='bbox 1340 810 1414 877; x_wconf 88' lang='lat' dir='ltr'><strong>et</strong></span> <span class='ocrx_word' id='word_1_22' title='bbox 1454 805 1576 900; x_wconf 90' lang='lat' dir='ltr'><strong>qui</strong></span> <span class='ocrx_word' id='word_1_23' title='bbox 1617 806 1691 879; x_wconf 94' lang='lat' dir='ltr'><strong>in</strong></span> <span class='ocrx_word' id='word_1_24' title='bbox 1730 804 2019 879; x_wconf 75' lang='lat' dir='ltr'>insidiis</span> <span class='ocrx_word' id='word_1_25' title='bbox 2058 812 2545 895; x_wconf 88' lang='lat' dir='ltr'><strong>erant,erum-</strong></span> 
     </span>
     <span class='ocr_line' id='line_1_5' title="bbox 285 927 2538 1026; baseline 0.001 -22"><span class='ocrx_word' id='word_1_26' title='bbox 285 936 508 1026; x_wconf 85' lang='lat' dir='ltr'><strong>punt:</strong></span> <span class='ocrx_word' id='word_1_27' title='bbox 551 937 625 1003; x_wconf 91' lang='lat' dir='ltr'><strong>et</strong></span> <span class='ocrx_word' id='word_1_28' title='bbox 660 927 952 1003; x_wconf 91' lang='lat' dir='ltr'><strong>illorum</strong></span> <span class='ocrx_word' id='word_1_29' title='bbox 993 937 1209 1025; x_wconf 90' lang='lat' dir='ltr'><strong>terga</strong></span> <span class='ocrx_word' id='word_1_30' title='bbox 1247 930 1580 1018; x_wconf 88' lang='lat' dir='ltr'><strong>caedere,</strong></span> <span class='ocrx_word' id='word_1_31' title='bbox 1601 932 1937 1006; x_wconf 90' lang='lat' dir='ltr'><strong>omnibus</strong></span> <span class='ocrx_word' id='word_1_32' title='bbox 1976 932 2070 1006; x_wconf 92' lang='lat' dir='ltr'><strong>ad</strong></span> <span class='ocrx_word' id='word_1_33' title='bbox 2107 932 2538 1007; x_wconf 88' lang='lat' dir='ltr'><strong>internecio-</strong></span> 
     </span>
     <span class='ocr_line' id='line_1_6' title="bbox 285 1055 2537 1155; baseline 0 -25"><span class='ocrx_word' id='word_1_34' title='bbox 285 1079 453 1131; x_wconf 93' lang='lat' dir='ltr'><strong>nem</strong></span> <span class='ocrx_word' id='word_1_35' title='bbox 492 1055 737 1130; x_wconf 86' lang='lat' dir='ltr'><strong>caesis</strong></span> <span class='ocrx_word' id='word_1_36' title='bbox 775 1063 903 1130; x_wconf 91' lang='lat' dir='ltr'><strong>aut</strong></span> <span class='ocrx_word' id='word_1_37' title='bbox 942 1056 1204 1153; x_wconf 89' lang='lat' dir='ltr'><strong>captis.</strong></span> <span class='ocrx_word' id='word_1_38' title='bbox 1263 1056 1492 1132; x_wconf 87' lang='lat' dir='ltr'><strong>Forte</strong></span> <span class='ocrx_word' id='word_1_39' title='bbox 1533 1058 1763 1154; x_wconf 85' lang='lat' dir='ltr'>aliqui</span> <span class='ocrx_word' id='word_1_40' title='bbox 1805 1056 2120 1155; x_wconf 86' lang='lat' dir='ltr'><strong>partium</strong></span> <span class='ocrx_word' id='word_1_41' title='bbox 2161 1057 2537 1134; x_wconf 86' lang='lat' dir='ltr'><strong>Transsil-</strong></span> 
     </span>
     <span class='ocr_line' id='line_1_7' title="bbox 278 1183 2535 1282; baseline 0.003 -29"><span class='ocrx_word' id='word_1_42' title='bbox 278 1205 637 1258; x_wconf 89' lang='lat' dir='ltr'><strong>vanarum</strong></span> <span class='ocrx_word' id='word_1_43' title='bbox 676 1203 851 1257; x_wconf 88' lang='lat' dir='ltr'><strong>suos</strong></span> <span class='ocrx_word' id='word_1_44' title='bbox 892 1184 1457 1279; x_wconf 81' lang='lat' dir='ltr'><strong>conjunxerant3</strong></span> <span class='ocrx_word' id='word_1_45' title='bbox 1491 1183 1758 1281; x_wconf 90' lang='lat' dir='ltr'><strong>quibus</strong></span> <span class='ocrx_word' id='word_1_46' title='bbox 1781 1184 2221 1282; x_wconf 86' lang='lat' dir='ltr'>Byzantium</span> <span class='ocrx_word' id='word_1_47' title='bbox 2260 1185 2535 1278; x_wconf 90' lang='lat' dir='ltr'><strong>missis,</strong></span> 
     </span>
     <span class='ocr_line' id='line_1_8' title="bbox 278 1307 2537 1409; baseline 0.001 -27"><span class='ocrx_word' id='word_1_48' title='bbox 278 1308 469 1385; x_wconf 89' lang='lat' dir='ltr'><strong>iram</strong></span> <span class='ocrx_word' id='word_1_49' title='bbox 525 1315 746 1404; x_wconf 90' lang='lat' dir='ltr'><strong>atque</strong></span> <span class='ocrx_word' id='word_1_50' title='bbox 802 1307 1387 1402; x_wconf 84' lang='lat' dir='ltr'>indignationem</span> <span class='ocrx_word' id='word_1_51' title='bbox 1436 1335 1571 1409; x_wconf 91' lang='lat' dir='ltr'><strong>per</strong></span> <span class='ocrx_word' id='word_1_52' title='bbox 1612 1319 1951 1387; x_wconf 89' lang='lat' dir='ltr'><strong>oratores</strong></span> <span class='ocrx_word' id='word_1_53' title='bbox 1991 1332 2217 1406; x_wconf 84' lang='lat' dir='ltr'><strong>aegre</strong></span> <span class='ocrx_word' id='word_1_54' title='bbox 2254 1310 2537 1387; x_wconf 89' lang='lat' dir='ltr'><strong>discus-</strong></span> 
     </span>
     <span class='ocr_line' id='line_1_9' title="bbox 279 1433 2532 1537; baseline 0.001 -26"><span class='ocrx_word' id='word_1_55' title='bbox 279 1458 441 1511; x_wconf 90' lang='lat' dir='ltr'><strong>sam</strong></span> <span class='ocrx_word' id='word_1_56' title='bbox 479 1443 905 1531; x_wconf 80' lang='lat' dir='ltr'><strong>moverant3</strong></span> <span class='ocrx_word' id='word_1_57' title='bbox 963 1442 1041 1509; x_wconf 91' lang='lat' dir='ltr'><strong>at</strong></span> <span class='ocrx_word' id='word_1_58' title='bbox 1077 1436 1159 1509; x_wconf 92' lang='lat' dir='ltr'><strong>in</strong></span> <span class='ocrx_word' id='word_1_59' title='bbox 1199 1437 1509 1512; x_wconf 90' lang='lat' dir='ltr'><strong>consilio</strong></span> <span class='ocrx_word' id='word_1_60' title='bbox 1550 1434 1921 1537; x_wconf 83' lang='lat' dir='ltr'><strong>(divanum</strong></span> <span class='ocrx_word' id='word_1_61' title='bbox 1961 1433 2259 1535; x_wconf 88' lang='lat' dir='ltr'><strong>vocant)</strong></span> <span class='ocrx_word' id='word_1_62' title='bbox 2301 1438 2532 1514; x_wconf 87' lang='lat' dir='ltr'><strong>disce-</strong></span> 
     </span>
     <span class='ocr_line' id='line_1_10' title="bbox 284 1566 2533 1662; baseline 0.001 -23"><span class='ocrx_word' id='word_1_63' title='bbox 284 1571 573 1662; x_wconf 90' lang='lat' dir='ltr'><strong>ptatum</strong></span> <span class='ocrx_word' id='word_1_64' title='bbox 612 1571 748 1651; x_wconf 86' lang='lat' dir='ltr'><strong>est,</strong></span> <span class='ocrx_word' id='word_1_65' title='bbox 789 1588 885 1638; x_wconf 90' lang='lat' dir='ltr'><strong>an</strong></span> <span class='ocrx_word' id='word_1_66' title='bbox 924 1566 1260 1660; x_wconf 84' lang='lat' dir='ltr'><strong>germani</strong></span> <span class='ocrx_word' id='word_1_67' title='bbox 1297 1566 1604 1641; x_wconf 86' lang='lat' dir='ltr'><strong>foedera</strong></span> <span class='ocrx_word' id='word_1_68' title='bbox 1642 1566 2028 1659; x_wconf 83' lang='lat' dir='ltr'><strong>violarint3</strong></span> <span class='ocrx_word' id='word_1_69' title='bbox 2087 1573 2160 1640; x_wconf 90' lang='lat' dir='ltr'><strong>et</strong></span> <span class='ocrx_word' id='word_1_70' title='bbox 2198 1573 2533 1641; x_wconf 88' lang='lat' dir='ltr'><strong>senatus·</strong></span> 
     </span>
     <span class='ocr_line' id='line_1_11' title="bbox 276 1690 2528 1778; baseline 0.001 -13"><span class='ocrx_word' id='word_1_71' title='bbox 276 1691 697 1767; x_wconf 85' lang='lat' dir='ltr'><strong>consultum</strong></span> <span class='ocrx_word' id='word_1_72' title='bbox 733 1690 1053 1778; x_wconf 84' lang='lat' dir='ltr'><strong>factum,</strong></span> <span class='ocrx_word' id='word_1_73' title='bbox 1116 1712 1286 1765; x_wconf 88' lang='lat' dir='ltr'><strong>esse</strong></span> <span class='ocrx_word' id='word_1_74' title='bbox 1344 1693 1622 1768; x_wconf 88' lang='lat' dir='ltr'><strong>violata</strong></span> <span class='ocrx_word' id='word_1_75' title='bbox 1681 1700 1756 1766; x_wconf 91' lang='lat' dir='ltr'><strong>et</strong></span> <span class='ocrx_word' id='word_1_76' title='bbox 1812 1690 2010 1767; x_wconf 92' lang='lat' dir='ltr'><strong>bello</strong></span> <span class='ocrx_word' id='word_1_77' title='bbox 2069 1691 2528 1770; x_wconf 88' lang='lat' dir='ltr'><strong>vindicanda.</strong></span> 
     </span>
     <span class='ocr_line' id='line_1_12' title="bbox 278 1815 2527 1917; baseline 0.003 -28"><span class='ocrx_word' id='word_1_78' title='bbox 278 1815 372 1891; x_wconf 92' lang='lat' dir='ltr'><strong>ld</strong></span> <span class='ocrx_word' id='word_1_79' title='bbox 427 1816 703 1892; x_wconf 88' lang='lat' dir='ltr'><strong>bellum</strong></span> <span class='ocrx_word' id='word_1_80' title='bbox 760 1816 1015 1891; x_wconf 77' lang='lat' dir='ltr'><strong>clades</strong></span> <span class='ocrx_word' id='word_1_81' title='bbox 1074 1819 1461 1909; x_wconf 90' lang='lat' dir='ltr'><strong>maritima,</strong></span> <span class='ocrx_word' id='word_1_82' title='bbox 1516 1828 1597 1893; x_wconf 89' lang='lat' dir='ltr'><strong>ut</strong></span> <span class='ocrx_word' id='word_1_83' title='bbox 1661 1819 1887 1915; x_wconf 92' lang='lat' dir='ltr'><strong>paulo</strong></span> <span class='ocrx_word' id='word_1_84' title='bbox 1947 1827 2119 1917; x_wconf 90' lang='lat' dir='ltr'><strong>post</strong></span> <span class='ocrx_word' id='word_1_85' title='bbox 2175 1817 2527 1911; x_wconf 87' lang='lat' dir='ltr'><strong>dicemus,</strong></span> 
     </span>
     <span class='ocr_line' id='line_1_13' title="bbox 273 1938 2519 2020; baseline 0.001 -3"><span class='ocrx_word' id='word_1_86' title='bbox 273 1941 580 2018; x_wconf 80' lang='lat' dir='ltr'>distulit.</span> <span class='ocrx_word' id='word_1_87' title='bbox 624 1938 775 2017; x_wconf 90' lang='lat' dir='ltr'><strong>Sed</strong></span> <span class='ocrx_word' id='word_1_88' title='bbox 812 1941 1125 2017; x_wconf 88' lang='lat' dir='ltr'><strong>irritatis</strong></span> <span class='ocrx_word' id='word_1_89' title='bbox 1166 1945 1394 2019; x_wconf 90' lang='lat' dir='ltr'><strong>semel</strong></span> <span class='ocrx_word' id='word_1_90' title='bbox 1439 1944 1906 2019; x_wconf 90' lang='lat' dir='ltr'><strong>finitimorum</strong></span> <span class='ocrx_word' id='word_1_91' title='bbox 1929 1944 2339 2020; x_wconf 87' lang='lat' dir='ltr'><strong>Turcarum</strong></span> <span class='ocrx_word' id='word_1_92' title='bbox 2364 1947 2519 2020; x_wconf 89' lang='lat' dir='ltr'><strong>ani-</strong></span> 
     </span>
     <span class='ocr_line' id='line_1_14' title="bbox 272 2066 2524 2166; baseline 0.001 -22"><span class='ocrx_word' id='word_1_93' title='bbox 272 2068 440 2160; x_wconf 90' lang='lat' dir='ltr'><strong>mis,</strong></span> <span class='ocrx_word' id='word_1_94' title='bbox 502 2066 1009 2143; x_wconf 86' lang='lat' dir='ltr'><strong>Solnociensis</strong></span> <span class='ocrx_word' id='word_1_95' title='bbox 1083 2070 1321 2166; x_wconf 90' lang='lat' dir='ltr'><strong>begus</strong></span> <span class='ocrx_word' id='word_1_96' title='bbox 1393 2070 1828 2145; x_wconf 78' lang='lat' dir='ltr'><strong>excursione</strong></span> <span class='ocrx_word' id='word_1_97' title='bbox 1887 2070 1962 2143; x_wconf 91' lang='lat' dir='ltr'><strong>in</strong></span> <span class='ocrx_word' id='word_1_98' title='bbox 2015 2070 2524 2146; x_wconf 88' lang='lat' dir='ltr'><strong>caesarianam</strong></span> 
     </span>
     <span class='ocr_line' id='line_1_15' title="bbox 269 2194 2529 2294; baseline 0 -23"><span class='ocrx_word' id='word_1_99' title='bbox 269 2196 621 2271; x_wconf 89' lang='lat' dir='ltr'><strong>ditionem</strong></span> <span class='ocrx_word' id='word_1_100' title='bbox 678 2195 899 2288; x_wconf 84' lang='lat' dir='ltr'><strong>facta,</strong></span> <span class='ocrx_word' id='word_1_101' title='bbox 939 2194 1507 2271; x_wconf 87' lang='lat' dir='ltr'><strong>christianorum</strong></span> <span class='ocrx_word' id='word_1_102' title='bbox 1567 2217 1798 2294; x_wconf 90' lang='lat' dir='ltr'><strong>supra</strong></span> <span class='ocrx_word' id='word_1_103' title='bbox 1834 2196 1906 2270; x_wconf 94' lang='lat' dir='ltr'>D</span> <span class='ocrx_word' id='word_1_104' title='bbox 1950 2196 2220 2293; x_wconf 82' lang='lat' dir='ltr'><strong>capita,</strong></span> <span class='ocrx_word' id='word_1_105' title='bbox 2263 2196 2529 2273; x_wconf 90' lang='lat' dir='ltr'><strong>confla-</strong></span> 
     </span>
     <span class='ocr_line' id='line_1_16' title="bbox 269 2321 2525 2420; baseline 0 -22"><span class='ocrx_word' id='word_1_106' title='bbox 269 2322 514 2420; x_wconf 88' lang='lat' dir='ltr'><strong>gratis</strong></span> <span class='ocrx_word' id='word_1_107' title='bbox 567 2321 789 2420; x_wconf 82' lang='lat' dir='ltr'><strong>pagis</strong></span> <span class='ocrx_word' id='word_1_108' title='bbox 845 2321 1150 2419; x_wconf 88' lang='lat' dir='ltr'><strong>aliquot,</strong></span> <span class='ocrx_word' id='word_1_109' title='bbox 1190 2323 1264 2396; x_wconf 91' lang='lat' dir='ltr'><strong>in</strong></span> <span class='ocrx_word' id='word_1_110' title='bbox 1323 2322 1754 2397; x_wconf 90' lang='lat' dir='ltr'><strong>servitutem</strong></span> <span class='ocrx_word' id='word_1_111' title='bbox 1811 2321 2142 2397; x_wconf 85' lang='lat' dir='ltr'><strong>abduxit.</strong></span> <span class='ocrx_word' id='word_1_112' title='bbox 2202 2323 2417 2400; x_wconf 90' lang='lat' dir='ltr'><strong>Haec</strong></span> <span class='ocrx_word' id='word_1_113' title='bbox 2453 2326 2525 2399; x_wconf 91' lang='lat' dir='ltr'><strong>in</strong></span> 
     </span>
     <span class='ocr_line' id='line_1_17' title="bbox 271 2446 2525 2546; baseline -0.001 -19"><span class='ocrx_word' id='word_1_114' title='bbox 271 2448 620 2527; x_wconf 87' lang='lat' dir='ltr'><strong>Inferiori</strong></span> <span class='ocrx_word' id='word_1_115' title='bbox 662 2448 1024 2546; x_wconf 90' lang='lat' dir='ltr'><strong>Ungaria.</strong></span> <span class='ocrx_word' id='word_1_116' title='bbox 1066 2446 1167 2523; x_wconf 91' lang='lat' dir='ltr'><strong>At</strong></span> <span class='ocrx_word' id='word_1_117' title='bbox 1205 2447 1639 2546; x_wconf 90' lang='lat' dir='ltr'><strong>inpartibus</strong></span> <span class='ocrx_word' id='word_1_118' title='bbox 1679 2448 2298 2539; x_wconf 87' lang='lat' dir='ltr'><strong>caesarianis,ad</strong></span> <span class='ocrx_word' id='word_1_119' title='bbox 2339 2448 2525 2525; x_wconf 85' lang='lat' dir='ltr'><strong>Cas-</strong></span> 
     </span>
     <span class='ocr_line' id='line_1_18' title="bbox 270 2572 2524 2675; baseline 0 -22"><span class='ocrx_word' id='word_1_120' title='bbox 270 2577 557 2654; x_wconf 88' lang='lat' dir='ltr'><strong>soviam</strong></span> <span class='ocrx_word' id='word_1_121' title='bbox 594 2576 905 2675; x_wconf 91' lang='lat' dir='ltr'><strong>primum</strong></span> <span class='ocrx_word' id='word_1_122' title='bbox 943 2600 1081 2651; x_wconf 86' lang='lat' dir='ltr'><strong>arx</strong></span> <span class='ocrx_word' id='word_1_123' title='bbox 1126 2572 1387 2652; x_wconf 83' lang='lat' dir='ltr'><strong>Gedeo</strong></span> <span class='ocrx_word' id='word_1_124' title='bbox 1440 2576 1536 2651; x_wconf 92' lang='lat' dir='ltr'><strong>ab</strong></span> <span class='ocrx_word' id='word_1_125' title='bbox 1578 2573 1851 2651; x_wconf 82' lang='lat' dir='ltr'><strong>Turcis</strong></span> <span class='ocrx_word' id='word_1_126' title='bbox 1889 2574 2117 2650; x_wconf 88' lang='lat' dir='ltr'><strong>facile</strong></span> <span class='ocrx_word' id='word_1_127' title='bbox 2158 2583 2276 2651; x_wconf 88' lang='lat' dir='ltr'><strong>est</strong></span> <span class='ocrx_word' id='word_1_128' title='bbox 2313 2598 2524 2653; x_wconf 88' lang='lat' dir='ltr'><strong>occu·</strong></span> 
     </span>
     <span class='ocr_line' id='line_1_19' title="bbox 275 2701 2528 2803; baseline -0.001 -21"><span class='ocrx_word' id='word_1_129' title='bbox 275 2712 478 2803; x_wconf 88' lang='lat' dir='ltr'><strong>pata.</strong></span> <span class='ocrx_word' id='word_1_130' title='bbox 517 2705 637 2780; x_wconf 89' lang='lat' dir='ltr'><strong>Ea</strong></span> <span class='ocrx_word' id='word_1_131' title='bbox 671 2711 836 2778; x_wconf 88' lang='lat' dir='ltr'><strong>erat</strong></span> <span class='ocrx_word' id='word_1_132' title='bbox 856 2704 908 2779; x_wconf 77' lang='lat' dir='ltr'><strong>‚J</strong></span> <span class='ocrx_word' id='word_1_133' title='bbox 914 2703 1225 2780; x_wconf 86' lang='lat' dir='ltr'><strong>ohannis</strong></span> <span class='ocrx_word' id='word_1_134' title='bbox 1245 2701 1501 2793; x_wconf 89' lang='lat' dir='ltr'><strong>Peteo,</strong></span> <span class='ocrx_word' id='word_1_135' title='bbox 1528 2703 1662 2777; x_wconf 91' lang='lat' dir='ltr'><strong>sed</strong></span> <span class='ocrx_word' id='word_1_136' title='bbox 1681 2702 2133 2801; x_wconf 88' lang='lat' dir='ltr'><strong>praesidium</strong></span> <span class='ocrx_word' id='word_1_137' title='bbox 2173 2705 2528 2800; x_wconf 73' lang='lat' dir='ltr'><strong>caesaris,</strong></span> 
     </span>
     <span class='ocr_line' id='line_1_20' title="bbox 269 2829 2520 2928; baseline 0.001 -23"><span class='ocrx_word' id='word_1_138' title='bbox 269 2829 465 2928; x_wconf 93' lang='lat' dir='ltr'><strong>quod</strong></span> <span class='ocrx_word' id='word_1_139' title='bbox 485 2837 731 2905; x_wconf 90' lang='lat' dir='ltr'><strong>tamen</strong></span> <span class='ocrx_word' id='word_1_140' title='bbox 756 2829 882 2905; x_wconf 92' lang='lat' dir='ltr'><strong>ille</strong></span> <span class='ocrx_word' id='word_1_141' title='bbox 910 2830 1138 2905; x_wconf 87' lang='lat' dir='ltr'><strong>certis</strong></span> <span class='ocrx_word' id='word_1_142' title='bbox 1164 2830 1254 2905; x_wconf 92' lang='lat' dir='ltr'><strong>de</strong></span> <span class='ocrx_word' id='word_1_143' title='bbox 1279 2829 1527 2905; x_wconf 90' lang='lat' dir='ltr'><strong>causis</strong></span> <span class='ocrx_word' id='word_1_144' title='bbox 1570 2830 1666 2905; x_wconf 90' lang='lat' dir='ltr'><strong>ad</strong></span> <span class='ocrx_word' id='word_1_145' title='bbox 1685 2852 1768 2905; x_wconf 91' lang='lat' dir='ltr'><strong>se</strong></span> <span class='ocrx_word' id='word_1_146' title='bbox 1806 2840 2272 2925; x_wconf 83' lang='lat' dir='ltr'><strong>evocaverat,</strong></span> <span class='ocrx_word' id='word_1_147' title='bbox 2294 2833 2520 2908; x_wconf 88' lang='lat' dir='ltr'><strong>idem-</strong></span> 
     </span>
     <span class='ocr_line' id='line_1_21' title="bbox 272 2956 2523 3057; baseline 0.003 -27"><span class='ocrx_word' id='word_1_148' title='bbox 272 2979 416 3054; x_wconf 90' lang='lat' dir='ltr'><strong>que</strong></span> <span class='ocrx_word' id='word_1_149' title='bbox 473 2958 934 3032; x_wconf 89' lang='lat' dir='ltr'><strong>occasionem</strong></span> <span class='ocrx_word' id='word_1_150' title='bbox 996 2958 1420 3056; x_wconf 89' lang='lat' dir='ltr'><strong>perdendae</strong></span> <span class='ocrx_word' id='word_1_151' title='bbox 1467 2957 1814 3057; x_wconf 90' lang='lat' dir='ltr'><strong>praebuit</strong></span> <span class='ocrx_word' id='word_1_152' title='bbox 1851 2983 1868 3051; x_wconf 80' lang='lat'><em>3</em></span> <span class='ocrx_word' id='word_1_153' title='bbox 1905 2956 2267 3054; x_wconf 88' lang='lat' dir='ltr'><strong>siquidem</strong></span> <span class='ocrx_word' id='word_1_154' title='bbox 2305 2984 2523 3037; x_wconf 90' lang='lat' dir='ltr'><strong>unum</strong></span> 
     </span>
     <span class='ocr_line' id='line_1_22' title="bbox 263 3084 2523 3184; baseline 0.002 -26"><span class='ocrx_word' id='word_1_155' title='bbox 263 3107 363 3158; x_wconf 85' lang='lat' dir='ltr'><strong>ex</strong></span> <span class='ocrx_word' id='word_1_156' title='bbox 399 3084 778 3159; x_wconf 88' lang='lat' dir='ltr'><strong>nocturnis</strong></span> <span class='ocrx_word' id='word_1_157' title='bbox 818 3084 1170 3182; x_wconf 88' lang='lat' dir='ltr'><strong>vigilibus</strong></span> <span class='ocrx_word' id='word_1_158' title='bbox 1201 3088 1362 3181; x_wconf 78' lang='lat' dir='ltr'><strong>Jam</strong></span> <span class='ocrx_word' id='word_1_159' title='bbox 1402 3094 1573 3160; x_wconf 89' lang='lat' dir='ltr'><strong>ante</strong></span> <span class='ocrx_word' id='word_1_160' title='bbox 1594 3084 1892 3160; x_wconf 86' lang='lat' dir='ltr'><strong>Turcae</strong></span> <span class='ocrx_word' id='word_1_161' title='bbox 1913 3095 2419 3184; x_wconf 80' lang='lat' dir='ltr'><strong>corruperant3</strong></span> <span class='ocrx_word' id='word_1_162' title='bbox 2448 3094 2523 3164; x_wconf 89' lang='lat' dir='ltr'><strong>et</strong></span> 
     </span>
     <span class='ocr_line' id='line_1_23' title="bbox 268 3210 2520 3310; baseline -0 -24"><span class='ocrx_word' id='word_1_163' title='bbox 268 3210 721 3288; x_wconf 89' lang='lat' dir='ltr'><strong>commodum</strong></span> <span class='ocrx_word' id='word_1_164' title='bbox 788 3211 1074 3304; x_wconf 90' lang='lat' dir='ltr'><strong>accidit,</strong></span> <span class='ocrx_word' id='word_1_165' title='bbox 1151 3220 1230 3287; x_wconf 87' lang='lat' dir='ltr'><strong>ut</strong></span> <span class='ocrx_word' id='word_1_166' title='bbox 1302 3211 1757 3310; x_wconf 88' lang='lat' dir='ltr'><strong>praesidium</strong></span> <span class='ocrx_word' id='word_1_167' title='bbox 1836 3234 2122 3309; x_wconf 92' lang='lat' dir='ltr'><strong>quoque</strong></span> <span class='ocrx_word' id='word_1_168' title='bbox 2199 3214 2520 3290; x_wconf 89' lang='lat' dir='ltr'><strong>abesset.</strong></span> 
     </span>
     <span class='ocr_line' id='line_1_24' title="bbox 274 3336 2519 3436; baseline -0 -22"><span class='ocrx_word' id='word_1_169' title='bbox 274 3340 471 3415; x_wconf 88' lang='lat' dir='ltr'><strong>Nam</strong></span> <span class='ocrx_word' id='word_1_170' title='bbox 530 3337 651 3411; x_wconf 92' lang='lat' dir='ltr'><strong>hic</strong></span> <span class='ocrx_word' id='word_1_171' title='bbox 720 3360 879 3413; x_wconf 89' lang='lat' dir='ltr'><strong>mos</strong></span> <span class='ocrx_word' id='word_1_172' title='bbox 937 3363 984 3412; x_wconf 92' lang='lat' dir='ltr'><strong>a</strong></span> <span class='ocrx_word' id='word_1_173' title='bbox 1059 3336 1513 3436; x_wconf 89' lang='lat' dir='ltr'><strong>temporibus</strong></span> <span class='ocrx_word' id='word_1_174' title='bbox 1587 3358 1822 3433; x_wconf 88' lang='lat' dir='ltr'><strong>usque</strong></span> <span class='ocrx_word' id='word_1_175' title='bbox 1892 3339 2183 3435; x_wconf 89' lang='lat' dir='ltr'><strong>pacatis</strong></span> <span class='ocrx_word' id='word_1_176' title='bbox 2257 3337 2519 3436; x_wconf 90' lang='lat' dir='ltr'><strong>perdu-</strong></span> 
     </span>
     <span class='ocr_line' id='line_1_25' title="bbox 275 3453 2522 3562; baseline -0.002 -20"><span class='ocrx_word' id='word_1_177' title='bbox 275 3453 613 3559; x_wconf 56' lang='lat' dir='ltr'><strong>ravitsut</strong></span> <span class='ocrx_word' id='word_1_178' title='bbox 650 3465 834 3541; x_wconf 90' lang='lat' dir='ltr'><strong>certi</strong></span> <span class='ocrx_word' id='word_1_179' title='bbox 874 3464 1157 3562; x_wconf 90' lang='lat' dir='ltr'><strong>aliquot</strong></span> <span class='ocrx_word' id='word_1_180' title='bbox 1195 3462 1685 3554; x_wconf 84' lang='lat' dir='ltr'><strong>excubitores,</strong></span> <span class='ocrx_word' id='word_1_181' title='bbox 1707 3463 1866 3538; x_wconf 83' lang='lat' dir='ltr'><strong>sive</strong></span> <span class='ocrx_word' id='word_1_182' title='bbox 1906 3471 2247 3559; x_wconf 87' lang='lat' dir='ltr'><strong>agrestes</strong></span> <span class='ocrx_word' id='word_1_183' title='bbox 2296 3463 2522 3541; x_wconf 90' lang='lat' dir='ltr'><strong>homi-</strong></span> 
     </span>
     <span class='ocr_line' id='line_1_26' title="bbox 267 3588 2524 3688; baseline -0 -22"><span class='ocrx_word' id='word_1_184' title='bbox 267 3614 426 3686; x_wconf 89' lang='lat' dir='ltr'><strong>nes,</strong></span> <span class='ocrx_word' id='word_1_185' title='bbox 466 3592 629 3666; x_wconf 87' lang='lat' dir='ltr'><strong>sive</strong></span> <span class='ocrx_word' id='word_1_186' title='bbox 673 3591 1111 3666; x_wconf 87' lang='lat' dir='ltr'><strong>vilissimum</strong></span> <span class='ocrx_word' id='word_1_187' title='bbox 1151 3590 1489 3688; x_wconf 92' lang='lat' dir='ltr'><strong>quodque</strong></span> <span class='ocrx_word' id='word_1_188' title='bbox 1518 3588 1890 3665; x_wconf 90' lang='lat' dir='ltr'><strong>hominum</strong></span> <span class='ocrx_word' id='word_1_189' title='bbox 1927 3611 2186 3685; x_wconf 90' lang='lat' dir='ltr'><strong>genus,</strong></span> <span class='ocrx_word' id='word_1_190' title='bbox 2207 3591 2363 3665; x_wconf 93' lang='lat' dir='ltr'><strong>bini</strong></span> <span class='ocrx_word' id='word_1_191' title='bbox 2401 3592 2524 3667; x_wconf 83' lang='lat' dir='ltr'><strong>vel</strong></span> 
     </span>
     <span class='ocr_line' id='line_1_27' title="bbox 266 3714 2519 3815; baseline -0.001 -22"><span class='ocrx_word' id='word_1_192' title='bbox 266 3718 462 3793; x_wconf 89' lang='lat' dir='ltr'><strong>terni</strong></span> <span class='ocrx_word' id='word_1_193' title='bbox 484 3717 784 3815; x_wconf 89' lang='lat' dir='ltr'><strong>vigilias</strong></span> <span class='ocrx_word' id='word_1_194' title='bbox 824 3724 1227 3792; x_wconf 87' lang='lat' dir='ltr'><strong>nocturnas</strong></span> <span class='ocrx_word' id='word_1_195' title='bbox 1264 3717 1342 3790; x_wconf 92' lang='lat' dir='ltr'><strong>in</strong></span> <span class='ocrx_word' id='word_1_196' title='bbox 1382 3714 1680 3791; x_wconf 89' lang='lat' dir='ltr'><strong>arcibus</strong></span> <span class='ocrx_word' id='word_1_197' title='bbox 1718 3723 2067 3810; x_wconf 83' lang='lat' dir='ltr'><strong>agerent3</strong></span> <span class='ocrx_word' id='word_1_198' title='bbox 2110 3715 2323 3790; x_wconf 87' lang='lat' dir='ltr'><strong>miles</strong></span> <span class='ocrx_word' id='word_1_199' title='bbox 2359 3715 2519 3791; x_wconf 84' lang='lat' dir='ltr'><strong>fere</strong></span> 
     </span>
     <span class='ocr_line' id='line_1_28' title="bbox 267 3838 2518 3942; baseline -0.002 -20"><span class='ocrx_word' id='word_1_200' title='bbox 267 3847 366 3922; x_wconf 91' lang='lat' dir='ltr'><strong>ab</strong></span> <span class='ocrx_word' id='word_1_201' title='bbox 404 3867 493 3922; x_wconf 91' lang='lat' dir='ltr'><strong>eo</strong></span> <span class='ocrx_word' id='word_1_202' title='bbox 532 3867 833 3920; x_wconf 90' lang='lat' dir='ltr'><strong>munere</strong></span> <span class='ocrx_word' id='word_1_203' title='bbox 868 3844 1211 3918; x_wconf 91' lang='lat' dir='ltr'><strong>immunis</strong></span> <span class='ocrx_word' id='word_1_204' title='bbox 1251 3851 1368 3918; x_wconf 89' lang='lat' dir='ltr'><strong>est</strong></span> <span class='ocrx_word' id='word_1_205' title='bbox 1388 3838 1479 3940; x_wconf 78' lang='lat'><strong>³¹⁸),</strong></span> <span class='ocrx_word' id='word_1_206' title='bbox 1539 3842 1682 3917; x_wconf 93' lang='lat' dir='ltr'><strong>nisi</strong></span> <span class='ocrx_word' id='word_1_207' title='bbox 1721 3843 1847 3918; x_wconf 92' lang='lat' dir='ltr'><strong>ubi</strong></span> <span class='ocrx_word' id='word_1_208' title='bbox 1884 3841 2328 3942; x_wconf 88' lang='lat' dir='ltr'><strong>praefectus,</strong></span> <span class='ocrx_word' id='word_1_209' title='bbox 2395 3842 2518 3938; x_wconf 92' lang='lat' dir='ltr'><strong>qui</strong></span> 
     </span>
     <span class='ocr_line' id='line_1_29' title="bbox 264 3967 2517 4066; baseline -0.003 -17"><span class='ocrx_word' id='word_1_210' title='bbox 264 3973 482 4050; x_wconf 89' lang='lat' dir='ltr'><strong>modo</strong></span> <span class='ocrx_word' id='word_1_211' title='bbox 522 3969 935 4047; x_wconf 89' lang='lat' dir='ltr'><strong>solertioris</strong></span> <span class='ocrx_word' id='word_1_212' title='bbox 974 3978 1091 4045; x_wconf 86' lang='lat' dir='ltr'><strong>est</strong></span> <span class='ocrx_word' id='word_1_213' title='bbox 1125 3969 1550 4060; x_wconf 88' lang='lat' dir='ltr'><strong>industriae,</strong></span> <span class='ocrx_word' id='word_1_214' title='bbox 1590 3968 1807 4043; x_wconf 91' lang='lat' dir='ltr'><strong>simul</strong></span> <span class='ocrx_word' id='word_1_215' title='bbox 1829 3967 2129 4066; x_wconf 91' lang='lat' dir='ltr'><strong>vigilias</strong></span> <span class='ocrx_word' id='word_1_216' title='bbox 2167 3968 2517 4061; x_wconf 90' lang='lat' dir='ltr'><strong>circumit,</strong></span> 
     </span>
     <span class='ocr_line' id='line_1_30' title="bbox 271 4093 2516 4195; baseline -0.003 -18"><span class='ocrx_word' id='word_1_217' title='bbox 271 4111 400 4177; x_wconf 89' lang='lat' dir='ltr'><strong>aut</strong></span> <span class='ocrx_word' id='word_1_218' title='bbox 434 4100 512 4175; x_wconf 90' lang='lat' dir='ltr'><strong>id</strong></span> <span class='ocrx_word' id='word_1_219' title='bbox 551 4096 771 4173; x_wconf 90' lang='lat' dir='ltr'><strong>alicui</strong></span> <span class='ocrx_word' id='word_1_220' title='bbox 811 4120 903 4171; x_wconf 81' lang='lat' dir='ltr'><strong>ex</strong></span> <span class='ocrx_word' id='word_1_221' title='bbox 942 4095 1458 4195; x_wconf 88' lang='lat' dir='ltr'><strong>praesidiariis</strong></span> <span class='ocrx_word' id='word_1_222' title='bbox 1498 4093 1910 4170; x_wconf 87' lang='lat' dir='ltr'><strong>demandat.</strong></span> <span class='ocrx_word' id='word_1_223' title='bbox 1932 4093 2144 4171; x_wconf 91' lang='lat' dir='ltr'><strong>Haec</strong></span> <span class='ocrx_word' id='word_1_224' title='bbox 2179 4117 2301 4171; x_wconf 91' lang='lat' dir='ltr'><strong>res</strong></span> <span class='ocrx_word' id='word_1_225' title='bbox 2339 4104 2516 4171; x_wconf 88' lang='lat' dir='ltr'><strong>tem·</strong></span> 
     </span>
     <span class='ocr_line' id='line_1_31' title="bbox 270 4221 2514 4328; baseline -0.003 -24"><span class='ocrx_word' id='word_1_226' title='bbox 270 4250 454 4328; x_wconf 91' lang='lat' dir='ltr'><strong>pore</strong></span> <span class='ocrx_word' id='word_1_227' title='bbox 491 4226 705 4325; x_wconf 87' lang='lat' dir='ltr'><strong>pacis</strong></span> <span class='ocrx_word' id='word_1_228' title='bbox 724 4223 1141 4301; x_wconf 89' lang='lat' dir='ltr'><strong>tolerabilis</strong></span> <span class='ocrx_word' id='word_1_229' title='bbox 1181 4223 1339 4300; x_wconf 86' lang='lat' dir='ltr'><strong>fuit.</strong></span> <span class='ocrx_word' id='word_1_230' title='bbox 1360 4221 1767 4320; x_wconf 89' lang='lat' dir='ltr'><strong>Postquam</strong></span> <span class='ocrx_word' id='word_1_231' title='bbox 1790 4228 2032 4298; x_wconf 88' lang='lat' dir='ltr'><strong>autem</strong></span> <span class='ocrx_word' id='word_1_232' title='bbox 2050 4230 2334 4300; x_wconf 90' lang='lat' dir='ltr'><strong>mortuo</strong></span> <span class='ocrx_word' id='word_1_233' title='bbox 2371 4223 2514 4298; x_wconf 92' lang='lat' dir='ltr'><strong>Lu-</strong></span> 
     </span>
    </p>
   </div>
   <div class='ocr_carea' id='block_1_3' title="bbox 274 4457 689 4472">
    <p class='ocr_par' dir='ltr' id='par_1_3' title="bbox 274 4457 689 4472">
     <span class='ocr_line' id='line_1_32' title="bbox 274 4457 689 4472; baseline 0 747"><span class='ocrx_word' id='word_1_234' title='bbox 274 4457 689 4472; x_wconf 95' lang='lat' dir='ltr'><strong> </strong></span> 
     </span>
    </p>
   </div>
   <div class='ocr_carea' id='block_1_4' title="bbox 267 4506 2514 4676">
    <p class='ocr_par' dir='ltr' id='par_1_4' title="bbox 267 4506 2514 4676">
     <span class='ocr_line' id='line_1_33' title="bbox 482 4506 2514 4584; baseline -0.004 -14"><span class='ocrx_word' id='word_1_235' title='bbox 482 4508 544 4580; x_wconf 65' lang='lat'><strong>*)</strong></span> <span class='ocrx_word' id='word_1_236' title='bbox 582 4512 822 4570; x_wconf 72' lang='lat' dir='ltr'><strong>Istva&#39;mfi</strong></span> <span class='ocrx_word' id='word_1_237' title='bbox 854 4515 1176 4584; x_wconf 83' lang='lat' dir='ltr'><strong>jegyzete:</strong></span> <span class='ocrx_word' id='word_1_238' title='bbox 1242 4511 1309 4568; x_wconf 86' lang='lat' dir='ltr'><strong>In</strong></span> <span class='ocrx_word' id='word_1_239' title='bbox 1359 4509 1559 4584; x_wconf 84' lang='lat' dir='ltr'><strong>Sziget</strong></span> <span class='ocrx_word' id='word_1_240' title='bbox 1604 4511 1812 4568; x_wconf 79' lang='lat' dir='ltr'><strong>milites</strong></span> <span class='ocrx_word' id='word_1_241' title='bbox 1870 4509 2267 4572; x_wconf 83' lang='lat' dir='ltr'><strong>excubabant,</strong></span> <span class='ocrx_word' id='word_1_242' title='bbox 2325 4506 2514 4567; x_wconf 86' lang='lat' dir='ltr'><strong>nullus</strong></span> 
     </span>
     <span class='ocr_line' id='line_1_34' title="bbox 267 4603 537 4676; baseline -0.007 -16"><span class='ocrx_word' id='word_1_243' title='bbox 267 4603 537 4676; x_wconf 80' lang='lat' dir='ltr'><strong>agrestis.</strong></span> 
     </span>
    </p>
   </div>
  </div>
 </body>
</html>
