3293 5219
2518 328 2673 407 389

427 541 876 637 intelligens,
935 541 1031 616 ad
1087 540 1509 640 Philippum
1568 543 1865 617 litteras
1925 543 2070 633 dat,
2113 548 2676 642 expostulando,

421 676 495 744 et
540 678 620 743 ut
687 691 858 744 sese
912 671 986 744 in
1027 670 1322 744 Italiam
1382 669 1479 742 ad
1539 671 1880 745 maritum
1951 671 2195 746 redire
2269 676 2675 770 permittat,

412 796 619 893 petit,
643 796 932 893 quando
961 798 1121 892 jam
1165 795 1506 871 Albanus
1546 817 1632 869 eo
1675 795 1914 871 officio
1955 798 2403 892 fungeretur.
2448 799 2665 891 Quod

416 943 574 995 cum
614 921 1006 1020 Philippus
1048 921 1156 996 illi
1208 921 1404 996 haud
1468 921 1837 1019 gravatim
1898 924 2418 1014 concessisset,
2459 925 2670 999 brevi

413 1045 489 1120 in
546 1049 842 1121 Italiam
901 1047 1268 1121 discessit.
1348 1047 1688 1121 Albanus
1747 1070 1921 1121 vero
1979 1049 2289 1145 primum
2350 1049 2665 1132 Antver·

411 1173 610 1271 piam
648 1175 1212 1249 munitissimam
1252 1173 1622 1247 civitatem
1683 1174 1843 1246 sine
1882 1173 2404 1270 impedimento
2446 1198 2661 1249 occu·

410 1309 559 1395 pat,
596 1299 1716 1398 praesidiumqueHispanorum
1755 1300 2083 1397 imponit,
2118 1311 2192 1375 et
2210 1304 2432 1399 paulo
2471 1311 2663 1399 post,

411 1425 651 1500 hieme
707 1427 1031 1518 horrida,
1091 1450 1339 1500 arcem
1395 1422 1931 1499 validissimam
1972 1426 2046 1498 in
2086 1451 2176 1500 ea
2237 1428 2667 1517 construxit,

414 1552 849 1649 moeniaque
886 1554 1093 1628 urbis
1132 1553 1414 1649 aliquot
1469 1553 1543 1626 in
1581 1552 1769 1626 locis
1811 1550 2102 1648 dejecit,
2143 1560 2216 1625 et
2254 1554 2505 1626 fossas
2549 1575 2663 1627 so-
2700 1561 2706 1574 ’

419 1678 489 1750 lo
540 1679 929 1775 aequavit,
988 1679 1383 1776 statimque
1443 1703 1688 1753 arcem
1750 1679 2304 1776 gandavensem
2366 1706 2412 1754 a
2470 1679 2666 1753 vica·

411 1804 521 1877 rio
583 1802 1050 1899 Egmondani
1106 1804 1469 1902 poposcit.
1533 1803 1646 1876 Ad
1709 1804 1903 1901 quod
1943 1804 2068 1878 ille
2107 1804 2515 1902 respondit,
2581 1828 2663 1879 se

413 1928 575 2002 sine
597 1927 710 2003 sui
734 1928 1005 2003 domini
1028 1930 1542 2004 commissione
1583 1953 1832 2004 arcem
1873 1931 2181 2004 honeste
2225 1930 2493 2005 nemini
2535 1930 2659 2004 da-

412 2075 496 2128 re
533 2078 782 2151 posse,
824 2079 968 2129 non
1012 2055 1202 2128 enim
1229 2081 1275 2129 a
1313 2078 1416 2146 se,
1457 2054 1592 2128 sed
1631 2055 1727 2128 ab
1779 2055 2269 2151 Egmondano
2309 2055 2661 2154 primario

413 2180 797 2278 praefecto
820 2182 1210 2278 petendam
1235 2203 1425 2255 esse.
1448 2179 1665 2255 Hanc
1688 2204 1869 2275 ergo
1888 2183 2382 2257 -oceasionem
2421 2180 2656 2255 Alba-

413 2328 552 2381 nus
571 2306 767 2381 forte
813 2306 1055 2380 studio
1097 2307 1508 2403 quaesitam
1550 2314 1834 2398 nactus,
1877 2307 2210 2380 comitem
2233 2307 2660 2401 Egmonda-

413 2453 583 2504 num
620 2431 802 2505 nihil
824 2433 973 2506 tale
995 2440 1431 2506 metuentem
1456 2432 1764 2529 capit,et
1786 2454 2032 2505 arcem
2054 2433 2247 2506 tradi
2280 2432 2524 2528 jubet3
2567 2434 2660 2505 si-

417 2558 566 2634 mul
597 2558 819 2633 etiam
862 2559 1195 2633 comitem
1234 2558 1689 2649 Hornanum,
1734 2579 1919 2654 quos
1949 2557 2025 2632 in
2063 2557 2485 2632 arctissima
2523 2557 2657 2631 Hi-

412 2708 807 2783 spanorum
832 2685 1166 2760 eustodia
1203 2685 1277 2759 in
1300 2709 1472 2759 arce
1493 2686 1958 2780 gandavensi
1999 2686 2376 2759 asservari
2410 2684 2661 2780 jussit3

408 2812 483 2885 in
522 2810 712 2885 alias
752 2810 972 2884 etiam
1014 2811 1356 2886 civitates
1416 2821 1487 2885 et
1545 2812 1711 2885 loca
1750 2821 2165 2909 opportuna
2204 2810 2658 2909 praesidium

409 2936 913 3034 Hispanorum
969 2937 1298 3036 imponit.
1357 2936 1645 3028 Quibus
1705 2938 2157 3035 perpetratis
2217 2934 2660 3033 quampluri-

409 3084 569 3137 mos
611 3071 685 3137 et
726 3084 857 3137 eos
894 3063 1338 3160 praecipuos
1381 3085 1714 3159 quosque
1748 3063 1820 3136 in
1856 3063 2173 3157 singulis
2213 3061 2657 3156 civitatibuS,

408 3186 701 3264 nobiles
766 3188 937 3261 item
997 3189 1199 3263 viros
1257 3213 1346 3263 ac
1394 3195 1781 3283 magnates
1841 3188 2060 3285 capit,
2119 3196 2193 3262 et
2251 3188 2327 3260 in
2366 3188 2660 3265 vincula

408 3315 656 3406 tradit,
680 3313 896 3388 simul
934 3314 1341 3413 principem
1386 3314 1841 3409 Aurangium
1885 3323 1957 3388 et
1996 3314 2208 3406 alios,
2236 3314 2359 3410 qui
2404 3337 2486 3388 se
2531 3315 2657 3388 ab·

409 3445 909 3532 sentaverant,
951 3460 1613 3536 quorummagnus
1635 3447 1795 3512 erat
1834 3462 2203 3530 numerus,
2247 3438 2340 3511 ad
2383 3444 2655 3511 certam

417 3565 607 3640 diem
648 3563 843 3654 citat,
883 3565 1086 3638 faeta
1107 3564 1258 3638 illis
1296 3564 1750 3638 fortunarum
1794 3572 2014 3659 atque
2036 3563 2235 3637 vitae
2261 3563 2659 3638 securitate

411 3692 475 3766 si
514 3690 1025 3765 revertissent.
1073 3691 1191 3763 Ex
1234 3690 1499 3787 quibus
1539 3690 1875 3787 plerique
1896 3689 2182 3763 reversi
2226 3688 2474 3762 statim
2513 3695 2659 3761 tru-

413 3815 637 3891 cidati
676 3822 867 3900 sunt,
909 3823 984 3889 et
1042 3815 1700 3889 bonaconfiscata.
1759 3816 1939 3889 Ideo
1979 3821 2226 3888 tantus
2283 3821 2519 3887 metus
2577 3834 2653 3884 o·

408 3941 698 4027 mnibus
738 3949 854 4016 est
890 3941 1254 4032 incussus,
1295 3949 1374 4015 ut
1411 3963 1638 4037 supra
1676 3939 1978 4013 LXXX
2022 3939 2252 4013 millia
2287 3937 2656 4013 hominum

410 4068 489 4143 in
512 4065 1013 4157 Germaniam,
1035 4067 1455 4159 Franciam,
1478 4063 1972 4161 Angliamque
1991 4065 2477 4163 profugerint.
2507 4062 2658 4135 Ex-

405 4193 576 4268 inde
616 4193 742 4267 vix
779 4194 933 4268 ulla
974 4193 1133 4267 dies
1189 4192 1673 4291 praeteribat,
1729 4214 1873 4287 qua
1914 4191 2003 4263 de
2047 4190 2383 4288 plurimis
2425 4188 2659 4263 diver-

410 4320 518 4394 sis
556 4321 633 4394 in
670 4320 859 4395 locis
898 4317 1333 4418 supplicium
1374 4343 1516 4393 non
1559 4326 1990 4393 sumeretur.

634 4446 920 4538 Quibus
963 4447 1053 4522 de
1093 4447 1339 4521 causis
1378 4447 1728 4545 princeps
1769 4444 2201 4539 Aurangius
2241 4452 2315 4517 et
2352 4441 2656 4517 nonnul-

415 4570 472 4650 li
512 4573 864 4673 seriptum
914 4573 1313 4671 publicant,
1374 4571 1808 4646 invehentes
1864 4572 1938 4644 in
1978 4568 2345 4645 Albanum
2387 4575 2460 4644 et.
2498 4590 2655 4648 cru·
