3293 5219
2391 293 2489 369 27

272 518 379 591 die
415 515 734 591 audienti
771 515 1294 613 praesentavit.
1335 514 1586 588 Duces
1625 520 1845 609 atque
1882 512 2171 604 milites,
2211 520 2358 587 tam
2386 511 2492 585 in-

272 652 553 743 sperata
596 668 673 717 re
706 642 1137 740 perturbati,
1161 640 1333 738 quid
1373 648 1679 736 agerent
1719 639 2176 714 dubitabant.
2216 638 2490 714 Paulus

270 769 647 860 Banc,dux
688 769 1079 865 copiarum,
1106 767 1199 844 ad
1221 766 1930 863 Szamos-Ujvarum
1972 765 2224 862 copias
2265 764 2491 852 duxit,
2624 841 2634 851 ,

272 903 342 970 ut
361 895 461 970 ibi
485 895 1103 992 circumspiceret,
1146 894 1316 991 quid
1339 892 1702 990 agendum
1760 893 1991 973 foret;
2055 890 2411 989 petiitque
2452 915 2497 964 a

272 1021 490 1096 Paulo
551 1019 824 1118 Chaky
861 1020 1261 1118 praefecte,
1300 1026 1378 1093 ut
1416 1041 1498 1092 se
1537 1016 1901 1114 collegam
1941 1016 2377 1107 admitteret,
2419 1024 2491 1091 et

272 1147 612 1222 communi
671 1146 977 1221 consilio
1037 1145 1229 1243 quod
1291 1145 1556 1218 bonum
1615 1150 1837 1241 atque
1875 1145 2262 1219 honestum
2299 1142 2494 1217 vide-

273 1281 481 1365 retur,
539 1280 868 1368 agerent.
926 1271 1138 1346 Illam
1188 1294 1428 1346 arcem
1495 1268 1871 1368 Georgius
1910 1293 2002 1345 ex
2041 1270 2205 1344 imis
2244 1268 2498 1344 funda-

274 1401 547 1491 mentis,
587 1397 1346 1490 maximislaboribus,
1370 1405 1592 1495 atque
1623 1397 2032 1496 sumptibus
2072 1393 2500 1483 construxit,

272 1529 670 1619 moenibus,
708 1525 1307 1625 propugnaculis,
1347 1525 1829 1621 omnibusque
1868 1525 2111 1614 rebus,
2152 1530 2494 1620 quantum

272 1664 439 1733 arte.
464 1663 539 1731 et
577 1653 960 1748 diligentia
995 1652 1160 1727 ficri
1195 1660 1526 1750 possunt,
1548 1650 1768 1725 nullis
1806 1650 2157 1748 impensis
2196 1670 2499 1747 parcen-

274 1782 376 1875 do,
414 1779 737 1869 munivit,
773 1787 1121 1875 tanquam
1158 1778 1440 1853 frenum
1481 1776 1780 1873 aliquod
1816 1776 2005 1850 etad
2028 1775 2499 1850 Transsilva-
2637 1821 2639 1823 >

273 1909 493 1982 niam.
576 1912 650 1979 et
689 1904 782 1977 ad
824 1902 1256 1999 Ungariam.
1317 1905 1402 1977 In
1445 1926 1602 1976 eam
1641 1925 1983 1998 magnam
2024 1909 2306 2000 partem
2344 1900 2498 1974 the-

273 2034 461 2108 sauri
500 2036 1007 2129 congesserat,
1048 2036 1122 2104 et
1152 2027 1458 2105 Paulum
1482 2026 1756 2126 Chaky
1797 2028 2178 2127 praefecit,
2201 2027 2495 2124 generis

274 2159 646 2234 nobilitate
701 2163 981 2233 tantum
1042 2154 1704 2231 commendandum.
1796 2152 2130 2230 Chakius
2188 2152 2496 2229 Paulum

277 2286 467 2362 Banc
542 2285 874 2383 recipere
922 2284 1189 2374 noluit,
1247 2283 1557 2380 ideoque
1598 2306 1733 2381 spe
1772 2290 1994 2379 atque
2035 2281 2257 2355 armis
2297 2281 2500 2377 abje-

278 2413 422 2502 ctis,
465 2411 789 2486 dimissis
829 2410 1048 2483 etiam
1086 2409 1438 2484 militibus
1478 2409 1763 2485 domum
1803 2408 2038 2484 rediit.
2098 2404 2498 2482 Castaldus

275 2546 695 2639 perpetrata
732 2560 837 2627 re,
881 2537 954 2611 in
993 2535 1361 2611 civitatem
1403 2533 1767 2611 Cibinium
1804 2557 1884 2608 se
1924 2532 2242 2632 recepit,
2281 2540 2360 2606 ut
2396 2531 2500 2605 ibi

277 2667 447 2756 vim,
488 2667 553 2740 si
594 2689 739 2762 qua
778 2666 1187 2760 ingrueret.
1228 2669 1738 2763 exspectaret3
1797 2663 1929 2736 scd
1967 2662 2089 2736 ubi
2129 2660 2312 2735 vidit
2347 2656 2502 2735 nul-

276 2796 411 2870 lum
450 2815 814 2867 armorum
852 2791 1271 2889 periculum,
1313 2816 1400 2865 ac
1437 2799 1703 2866 metum
1742 2812 1931 2882 esse,
1965 2789 2213 2865 statim
2253 2788 2349 2862 ad
2390 2809 2503 2860 oc-

280 2918 645 3019 cupandas
701 2939 913 2991 arces
990 2924 1063 2991 et
1120 2916 1435 2991 ditiones
1499 2914 1811 3010 Georgii
1851 2924 2069 3013 atque
2107 2913 2504 2990 thesauros

282 3048 579 3120 animum
621 3043 953 3118 intendit.
992 3137 997 3148 .
1034 3043 1310 3119 Paulus
1351 3040 1621 3141 Chaky
1659 3051 1873 3142 parte
1911 3044 2159 3140 aliqua
2217 3040 2506 3137 argenti

282 3181 349 3246 et
401 3173 559 3248 auri
619 3196 764 3248 non
822 3171 1096 3268 signati
1160 3171 1448 3261 oblata,
1524 3177 1746 3269 pacta
1812 3170 2208 3244 securitate
2264 3191 2503 3243 rerum

284 3300 619 3386 omnium,
679 3322 920 3372 arcem
979 3323 1137 3373 cum
1196 3297 1565 3372 thesauris
1602 3296 1925 3372 tradidit.
1987 3295 2158 3370 Fuit
2217 3293 2506 3390 argenti

284 3432 348 3498 et
401 3427 556 3500 auri
614 3426 890 3521 signati
953 3426 1063 3498 vis
1123 3448 1431 3521 magna,
1487 3448 1629 3498 non
1683 3423 1953 3520 signati
1991 3420 2215 3497 multo
2253 3422 2508 3515 maj0r‚

282 3576 607 3628 vasorum
666 3554 984 3627 maxima
1042 3552 1443 3626 multitudo.
1502 3552 1613 3624 Eo
1656 3550 1991 3648 exemplo
2033 3547 2506 3636 Varadinum,

290 3678 351 3751 in
393 3701 530 3775 quo
570 3679 727 3752 auri
770 3686 841 3752 et
862 3678 1176 3775 argenti,
1201 3699 1691 3773 vasorumque
1731 3675 2048 3750 maxima
2086 3680 2247 3748 erat
2285 3695 2507 3768 quan-

285 3807 473 3892 titas,
511 3813 582 3879 et
623 3806 773 3880 alia
810 3805 1052 3879 omnia
1091 3811 1257 3879 sunt
1295 3806 1588 3880 tradita.
1654 3802 2047 3900 Georgius,
2092 3825 2231 3898 quo
2271 3800 2508 3895 magis

287 3932 688 4030 despectior
745 3955 941 4007 mors
1006 3935 1440 4023 haberetur,
1483 3933 1956 4032 septuaginta
1995 3932 2152 4005 dies
2190 3929 2509 4026 insepul-

287 4065 413 4150 tus,
452 4062 686 4134 loculo
729 4062 1099 4136 assericeo
1139 4061 1498 4144 inclusus,
1542 4070 1613 4135 et
1652 4083 1875 4157 supra
1915 4058 2184 4132 vallum
2224 4054 2510 4130 castelli

291 4186 556 4280 positus
601 4187 880 4281 jacuit,
939 4212 1075 4286 per
1115 4211 1462 4263 summum
1521 4186 1908 4262 ludibrium
1985 4184 2170 4257 omni
2229 4182 2506 4257 funeris

290 4309 549 4388 honore
586 4320 761 4388 tunc
799 4315 1154 4412 privatus.
1180 4316 1256 4389 ls
1295 4315 1463 4388 finis
1500 4314 1635 4389 fuit
1675 4312 1809 4386 viri
1850 4309 2045 4386 haud
2084 4333 2262 4383 sane
2305 4332 2507 4405 sper-

293 4440 714 4530 nendi,domi
737 4442 1186 4541 militiaeque
1211 4442 1501 4533 clari,et
1524 4441 1643 4540 qui
1669 4445 2003 4515 retentae
2026 4434 2502 4511 Transsilva-

292 4567 444 4643 niae
460 4566 834 4665 Ungariae
846 4591 986 4667 que
1007 4568 1299 4644 laudem
1325 4566 1732 4659 meruisset,
1753 4567 1815 4640 si
1838 4571 2206 4665 postremo
2230 4561 2492 4638 nimiae
