3293 5219
2416 248 2519 326 63

249 458 662 554 diligenter
692 463 1149 552 auscultans,
1193 483 1381 557 quae
1421 461 1935 558 clamarentur,
1976 487 2310 561 quaeque
2348 489 2514 563 pro-

243 583 735 678 mitterentur,
793 587 1037 663 socios
1096 587 1481 663 seditionis
1518 589 1861 686 paravit:
1900 598 1979 664 ut
2015 591 2089 664 in
2129 614 2506 689 oppugna-

239 709 572 784 tionibus
614 710 709 785 ob
750 711 941 786 bene
980 720 1327 787 navatam
1350 736 1675 810 operam,
1718 714 2141 791 donativum
2182 717 2343 790 dari
2382 742 2503 792 so-

245 834 459 911 litum
514 832 982 931 flagitarent3
1043 837 1238 934 quod
1276 837 1342 910 si
1397 847 1823 932 negaretur,
1884 849 2034 916 tum
2076 841 2173 916 ad
2231 843 2513 939 hostes,

245 962 371 1056 qui
410 948 858 1055 libertatem,
881 971 976 1052 ‘ut
1028 965 1577 1060 promittebant,
1637 968 1881 1041 forent
1939 968 2200 1061 daturi,
2242 970 2510 1046 transi-

243 1095 432 1161 rent.
504 1086 970 1163 Intellectum
1025 1087 1103 1161 id
1153 1096 1267 1163 est
1307 1090 1605 1164 Doboni
1663 1098 1881 1188 atque
1940 1094 2363 1187 Mechcaeo,
2426 1105 2500 1172 et

251 1214 738 1308 congregatis
778 1214 1031 1288 statim
1067 1212 1237 1287 aliis
1270 1214 1598 1308 ducibus,
1625 1214 2051 1313 Stephanus
2091 1218 2503 1316 Hegededs

246 1363 383 1439 per
421 1347 792 1415 tormenta
834 1342 1297 1416 examinatus
1339 1341 1741 1439 fassusque
1780 1345 2023 1419 socios
2068 1346 2298 1421 edidit
2336 1375 2352 1419 ε
2394 1369 2511 1422 so-

246 1465 318 1540 lo
357 1475 614 1541 tamen
676 1466 807 1544 illo
864 1468 938 1541 in
997 1470 1238 1543 medio
1297 1470 1444 1544 fori
1500 1492 1887 1568 suspenso,
1948 1473 2066 1547 cui
2122 1474 2510 1551 Emericus

245 1592 623 1690 Pribegus
683 1596 1061 1670 sublectus
1119 1604 1272 1690 est;
1332 1597 1501 1670 aliis
1542 1619 1762 1672 aures
1819 1598 2281 1690 abscindere,
2341 1624 2507 1699 per-

249 1729 527 1818 petuae
607 1730 783 1797 nota
837 1723 1282 1818 ignominiae
1341 1723 1531 1797 satis
1595 1748 1881 1821 poenae
1920 1725 2180 1800 visum.
2223 1724 2375 1837 Sed
2415 1750 2508 1799 ex

241 1844 369 1924 illo
410 1848 756 1924 liberatis
794 1874 964 1925 mox
1006 1851 1207 1925 aliud
1254 1849 1660 1948 periculum
1699 1852 1989 1927 accidit.
2031 1853 2314 1944 Quarto
2355 1853 2504 1929 No-

247 1996 383 2047 nas
409 1971 720 2049 Octobr.
748 1976 917 2064 divo
938 1975 1346 2051 Francisco
1369 1976 1617 2051 dicata
1641 1976 1759 2051 die
1784 2002 1876 2051 ex
1896 1979 2110 2053 unius
2133 1979 2343 2075 fungi
2365 1980 2503 2053 sic-

242 2100 410 2193 cati,
452 2102 663 2176 cuius
703 2100 798 2174 ad
836 2110 1199 2177 tormenta
1257 2101 1778 2177 inflammanda
1818 2103 2036 2201 copia
2075 2104 2355 2198 aderat,
2399 2105 2503 2178 in-

241 2227 590 2302 censione
615 2283 632 2318 ,
690 2250 870 2302 casu
926 2229 1171 2325 pulvis
1227 2230 1750 2305 tormentarius
1808 2229 2321 2323 inflammatus,
2382 2232 2506 2327 qui

104 2439 118 2452 ⁵
239 2350 313 2425 iu
367 2352 713 2427 sacrario
789 2350 1041 2451 templi
1118 2355 1691 2442 asservabatur,
1766 2355 2008 2452 ipsum
2084 2357 2504 2430 sacrarium

242 2480 654 2578 summique
691 2479 948 2577 templi
1021 2481 1754 2572 concamerationem,
1798 2503 1887 2554 ac
1925 2480 2302 2575 proximas
2348 2505 2498 2557 mu-

241 2607 563 2685 nitiones
603 2604 913 2703 disjecit,
986 2607 1114 2683 ubi
1170 2606 1449 2684 Paulus
1490 2608 1721 2707 Nagy
1780 2604 2096 2704 Georgii
2137 2608 2492 2685 Bathoris

239 2735 568 2832 peditum
623 2736 770 2810 dux
845 2760 1005 2810 cum
1084 2743 1252 2811 octo
1312 2737 1668 2811 militibus
1731 2735 2003 2811 misere
2062 2759 2495 2835 oppressuS,

244 2860 666 2959 Gregorius
702 2861 1047 2938 Horvatb
1092 2888 1184 2937 ex
1226 2863 1626 2949 ‚avulsione
1667 2863 1954 2938 brachii
1995 2871 2111 2938 est
2148 2870 2500 2960 mortuus,

240 3012 326 3062 ac
382 2997 702 3085 utraque
777 2987 973 3065 mola
1025 2989 1512 3064 frumentaria
1569 2989 1777 3063 elisis
1832 2989 2209 3088 plerisque
2262 2989 2496 3065 homi-

239 3116 454 3190 nibus
533 3115 1123 3213 animalibusque
1201 3117 1600 3213 perfracta.
1660 3115 1870 3207 Quae
1949 3140 2070 3191 res
2145 3140 2497 3213 magnum

240 3264 599 3340 pavorem
636 3243 959 3336 fecerat,
999 3244 1134 3318 sed
1190 3241 1416 3317 duces
1473 3267 1609 3341 per
1650 3244 2009 3319 stationes
2050 3244 2492 3336 discurrere,

246 3368 548 3442 militem
589 3368 938 3472 animare,
981 3370 1256 3444 nullum
1296 3370 1585 3465 signum
1606 3379 1844 3445 metus
1866 3363 2305 3464 ‘ostendere3
2344 3369 2500 3467 pul-

239 3495 437 3570 veris
479 3494 768 3593 copiam
804 3497 1096 3574 abunde
1136 3519 1555 3595 superesse,
1599 3497 1774 3594 quin
1813 3505 1886 3570 et
1925 3496 2344 3570 certissima
2365 3518 2490 3572 au-

249 3622 425 3696 xilia
484 3622 692 3717 regis
733 3629 956 3719 atque
992 3624 1205 3720 regni
1244 3624 1458 3698 brevi
1513 3625 1831 3698 affutura
1880 3622 2308 3712 ostendere3
2351 3621 2484 3695 sed

251 3736 670 3823 hominibus
706 3748 875 3845 piis,
907 3747 1262 3846 inquiunt,
1295 3774 1384 3823 ac
1424 3750 1851 3824 christianis
1893 3749 2157 3824 inDeo
2198 3741 2473 3845 optimo

254 3874 569 3949 maximo
611 3876 849 3970 magis
908 3899 1125 3972 quam
1182 3874 1257 3950 in
1315 3874 1615 3952 auxiliis
1673 3882 1800 3952 aut
1839 3874 2073 3973 copiis
2115 3897 2320 3972 spem
2357 3873 2483 3948 ha-

245 3999 582 4094 bendam,
616 4001 908 4097 quando
945 4009 1018 4076 et
1035 4002 1356 4100 proditio
1376 4000 1610 4096 irrita,
1635 4009 1709 4075 et
1747 4025 1840 4075 ex
1875 4000 2206 4098 pulveris
2247 3999 2489 4073 saevi·

232 4126 334 4202 tia
370 4125 574 4201 haud
611 4125 927 4222 alicujus
1006 4128 1350 4203 momenti
1407 4129 1791 4220 damnum,
1851 4125 2281 4201 clementiae
2322 4129 2490 4204 sunt

230 4251 503 4329 indicia
543 4252 859 4329 divinae.
897 4253 1112 4330 Haec
1186 4263 1410 4352 atquc
1465 4255 1648 4331 talia
1686 4255 1761 4329 in
1798 4256 2066 4349 vulgus
2105 4254 2487 4351 praedica-

229 4378 427 4473 bant,
503 4402 669 4454 cum
742 4380 1020 4455 scirent
1116 4404 1261 4457 non
1334 4381 1502 4478 plus
1562 4404 1783 4477 quam
1838 4378 2103 4475 viginti
2162 4388 2477 4476 quatuor

224 4502 560 4602 pulveris
599 4505 911 4584 vascula
948 4528 1390 4605 superesse,
1465 4531 1602 4583 nec
1657 4506 1885 4584 ullam
1924 4514 2273 4583 externae
2311 4507 2476 4606 opis
