3293 5219
832 364 990 441 326

819 586 1050 681 jutus,
1090 592 1165 660 et
1202 583 1276 655 in
1335 580 1648 675 gratiam
1691 584 2043 682 principis
2085 585 2454 678 adscitus;
2535 587 2785 685 eodem
2823 594 3074 661 tamen

824 718 996 813 post
1068 733 1202 810 per
1277 708 1610 785 fraudem
1670 716 1928 807 capto,
1988 734 2159 785 arce
2254 734 2544 809 quoque
2624 709 3078 788 Chactornia

827 837 1048 917 exuit.
1070 835 1554 913 Cocianerum
1577 845 1860 911 suomet
1886 838 2216 935 pugione
2239 839 2487 935 specie
2509 839 2798 913 visendi
2821 838 3074 936 evagi-

827 974 1024 1059 nato,
1063 966 1157 1041 ob
1198 962 1819 1061 argentum,quod
1856 962 2120 1059 ingens
2159 986 2410 1038 secum
2446 964 2792 1055 habebat,
2833 940 3082 1040 sacris

829 1115 1148 1186 mensae,
1243 1092 1529 1188 diisque
1619 1090 2115 1188 hospitalibus
2210 1093 2590 1168 temeratis
2681 1093 3083 1167 interfecit.

830 1219 1045 1312 Quod
1081 1218 1370 1294 facinus
1410 1217 1478 1292 ei
1513 1215 1736 1315 plane
1776 1217 2135 1312 congruit,
2175 1217 2288 1290 cui
2327 1216 2699 1314 ingenium
2737 1225 2939 1293 esset
2974 1219 3084 1291 ob

830 1347 1337 1424 crudelitatem
1376 1352 1451 1421 et
1489 1342 1899 1436 avaritiam,
1937 1351 2010 1418 et
2044 1344 2361 1420 maxime
2397 1345 2730 1445 principe
2766 1344 3089 1433 infirme,

834 1477 1029 1575 apud
1104 1498 1320 1573 quem
1411 1474 1570 1548 sine
1628 1478 1824 1546 metu
1894 1480 2349 1570 peccaretur,
2445 1474 2858 1570 cuicunque
2949 1471 3090 1547 fla-

830 1602 1012 1700 gitio
1105 1606 1535 1700 promptum.
1631 1598 1875 1673 Filiae
1930 1598 2137 1675 Petri
2174 1600 2525 1698 Erdeody
2563 1600 2741 1675 bani
2793 1596 3096 1699 Illyrici

836 1730 1333 1828 desponsatae
1387 1724 1773 1823 repudium
1828 1724 2049 1819 dedit,
2089 1728 2391 1802 obtenta
2444 1726 2651 1826 prius
2709 1749 2886 1800 arce
2925 1725 3091 1799 Mo-

831 1857 1334 1953 niaroquerec,
1385 1875 1602 1950 quam
1640 1852 1715 1925 in
1759 1851 2002 1928 dotem
2042 1853 2170 1928 ille
2226 1852 2428 1929 filiae
2467 1853 2694 1929 arctis
2734 1851 3096 1928 conditio·

830 1984 1047 2059 nibus
1088 1980 1573 2074 dederat3uec
1611 1986 1858 2055 tamen
1897 1987 2164 2076 postea
2201 2002 2644 2079 recuperare
2681 1980 2943 2078 potuit.
2989 1978 3098 2052 At

832 2106 960 2183 ille
997 2108 1072 2181 in
1110 2130 1319 2205 spem
1376 2105 1687 2180 aliarum
1755 2104 2167 2203 nuptiarum
2225 2131 2371 2183 non
2430 2107 2667 2183 minus
2706 2107 3093 2206 opulenta·

832 2259 1011 2328 rum,
1050 2234 1218 2310 unis
1274 2232 1547 2328 nuptiis
1605 2231 1981 2325 geminato
2042 2231 2245 2306 lucro
2325 2233 2848 2309 adducebatur.
2890 2232 3091 2306 Nam

837 2364 1316 2458 Margaretae
1373 2359 1672 2457 Zeechy
1713 2359 2049 2433 Thomae
2088 2358 2286 2434 filiae
2326 2385 2372 2433 a
2428 2359 2747 2435 secundo
2824 2358 3091 2433 marito

832 2489 1099 2565 viduae
1173 2487 1587 2586 opulentae,
1645 2509 1881 2582 neque
1944 2486 2093 2561 alia
2148 2510 2229 2562 re
2285 2485 2909 2562 commendandae
2964 2507 3089 2559 nu·

828 2615 1027 2713 ptias
1067 2621 1360 2711 pactus,
1387 2613 1554 2687 dum
1611 2609 1841 2685 filiam
1882 2633 2172 2710 quoque
2213 2613 2535 2709 illigavit
2590 2611 2785 2709 filio,
2825 2635 2972 2710 qua
3011 2634 3088 2685 re

833 2741 1183 2838 perfecta,
1208 2739 1369 2836 ipse
1392 2737 1687 2812 viduam
1711 2745 2155 2835 aspernatus
2204 2739 2299 2814 ad
2321 2740 2515 2815 alias
2554 2739 2931 2838 potentiae
2968 2761 3086 2812 au·

835 2865 1125 2963 gendae
1163 2886 1389 2939 causa
1478 2872 1999 2958 transgressus
2039 2871 2177 2940 est.
2218 2865 2509 2964 Quippe
2548 2886 2874 2942 sororem
2916 2886 3082 2941 uxo·

835 2993 940 3067 ris
980 2990 1405 3067 cancellarii
1448 2989 1823 3092 bohemici·
1850 2991 1941 3065 de
1969 2992 2186 3067 Nova
2208 2993 2441 3087 domo,
2464 3017 2553 3067 ac
2573 2989 3081 3068 VilhelmiRo-

836 3119 1257 3216 sembergii,
1282 3117 1651 3195 exoletam
1693 3118 2060 3214 virginem
2096 3120 2509 3195 affectando
2548 3119 2794 3193 nimiis
2830 3117 3083 3193 studiis

837 3246 1369 3345 superinduxit.
1447 3245 1837 3320 Francisci
1897 3246 2121 3344 Tahy
2181 3246 2515 3343 magistri
2558 3269 2961 3342 agazonum
2998 3266 3081 3318 ac

842 3373 979 3448 viri
1020 3373 1397 3465 senatorii,
1441 3379 1515 3446 et
1551 3395 1687 3469 per
1744 3373 2180 3449 affinitatem
2217 3375 2465 3449 innexi
2522 3373 2800 3449 curiam
2836 3370 3079 3447 nobili-

837 3508 1112 3591 tatem,
1187 3497 1688 3584 clientelarum
1765 3499 2056 3593 agmine
2134 3507 2209 3575 et
2281 3501 2564 3575 eductis
2638 3497 2896 3593 Sigeto
2963 3496 3078 3570 mi-

839 3624 1090 3699 litibus
1148 3623 1311 3699 solo
1353 3622 1742 3718 aequavit3
1820 3624 2041 3699 etiam
2118 3626 2510 3701 arboribus
2586 3624 2918 3712 concisis,
2987 3620 3077 3694 ad

839 3752 1351 3824 amoenitatem
1410 3748 1867 3846 fructumque
1922 3751 2191 3845 insitis,
2248 3754 2587 3850 quaesito
2648 3750 2841 3826 ultro
2893 3749 3073 3823 colo·

840 3899 940 3950 re.
982 3873 1350 3949 Vocatum
1409 3874 1598 3948 enim
1638 3874 1735 3947 ad
1773 3897 1964 3970 sese,
2024 3885 2097 3952 et
2133 3879 2207 3953 in
2266 3878 2602 3954 convivio
2643 3879 2741 3954 ad
2779 3875 3072 3952 ebrieta-

838 4007 983 4076 tem
1022 4001 1367 4097 redigere
1406 3999 1688 4093 volens,
1728 4001 1856 4075 illo
1915 4026 2060 4078 non
2116 4028 2345 4104 posse
2402 4004 2543 4081 sibi
2583 4027 2927 4080 venenum
2961 4023 3074 4074 su·

839 4150 1036 4201 mere
1074 4129 1518 4225 proferente,
1557 4128 1992 4226 simpliciter
2050 4133 2318 4209 dictum
2376 4133 2666 4208 infenso
2725 4130 2949 4206 animo
2999 4126 3072 4199 in

848 4253 1119 4327 atrocis
1160 4276 1460 4330 causam
1519 4254 1695 4329 facti
1754 4255 1875 4330 diu
1931 4259 2263 4334 meditati
2325 4258 2655 4359 arripuit,
2705 4259 2964 4331 frustra
3001 4253 3074 4326 in

847 4380 1161 4454 comitiis
1203 4391 1276 4456 et
1315 4381 1642 4456 consiliis
1698 4383 1920 4458 toties
1961 4384 2432 4464 lamentante.
2494 4383 2873 4462 Familiari
2905 4403 3074 4476 quo-

846 4503 1010 4576 dam
1054 4505 1433 4605 Stcphano
1458 4505 1809 4583 Gerdaac
1852 4512 1947 4584 ad
2004 4516 2503 4614 occupandum
2546 4512 2910 4588 castellum
2944 4528 3068 4580 uo-

842 4628 1092 4706 bilium
1129 4635 1368 4710 tenuis
1407 4638 1769 4731 fortunae,
1793 4648 2048 4718 contra
2073 4645 2200 4740 jus
2236 4645 2500 4742 fasque
2536 4640 2859 4741 impulso,
2874 4631 3058 4708 iuva
