3293 5219
2395 287 2498 372 ⁷3

244 535 510 590 caeum
532 508 606 612 ¹¹¹)
647 513 967 608 foverat,
1007 513 1264 591 eadem
1301 533 1475 590 mox
1512 532 1881 610 nunquam
1899 533 2048 589 una
2065 533 2318 590 verum
2355 535 2520 613 per-

240 646 473 739 petuo
492 639 877 717 instabilis
898 639 1252 716 destituit.
1284 638 1624 739 Namque
1670 660 1815 715 non
1835 638 1941 714 ita
1959 638 2190 716 multo
2211 646 2384 739 post
2421 639 2519 716 ad

243 768 647 863 conjugem
704 774 778 841 et
851 773 1166 864 penates
1203 786 1665 860 reversurae,
1705 788 1867 842 cum
1908 765 2005 841 ad
2043 765 2282 841 vicum
2319 761 2513 841 Var-

248 891 407 968 kon
446 893 966 991 pervenisset,
1023 900 1099 967 et
1189 891 1607 967 comitivam
1666 891 1761 967 ab
1802 891 2230 989 agrestibus
2265 892 2517 990 petiis-

245 1025 385 1107 set,
445 1018 545 1092 ab
620 1017 716 1092 iis
774 1018 1159 1115 ignoratus
1216 1017 1713 1094 miserandum
1752 1017 1829 1092 in
1866 1016 2156 1094 modum
2193 1015 2516 1093 trucida·

251 1149 375 1219 tus
413 1143 581 1237 fuit,
618 1167 892 1242 magno
932 1168 1091 1219 cum
1123 1143 1502 1243 principis,
1522 1150 1674 1218 tum
1711 1143 2041 1219 universi
2075 1142 2288 1239 regni
2325 1164 2519 1220 moe-

248 1293 425 1347 rore
474 1294 567 1345 ac
627 1269 915 1347 damno.
953 1270 1103 1346 Hic
1154 1269 1323 1343 finis
1378 1268 1517 1345 fuit
1571 1268 1714 1343 viri
1775 1268 2112 1345 omnibus
2169 1267 2394 1342 animi
2431 1289 2520 1342 ac

251 1395 598 1495 corporis
638 1395 1031 1471 virtutibus
1069 1395 1262 1471 inter
1301 1414 1621 1469 summos
1681 1417 1772 1468 ac
1806 1392 2249 1492 praecipuos
2289 1391 2514 1469 duces

259 1522 459 1623 apud
543 1544 829 1597 omnem
866 1520 1377 1621 posteritatem
1425 1518 1900 1613 memorandi,
1952 1518 2238 1594 familia
2276 1527 2527 1594 vetere

253 1671 342 1724 ac
396 1647 700 1723 nobilis.
742 1644 894 1722 Sed
950 1654 1025 1722 et
1086 1646 1298 1722 vicus
1358 1644 1648 1722 deletus
1708 1646 1803 1721 ob
1862 1647 2025 1743 ejus
2064 1652 2407 1735 mortem,
2445 1651 2521 1721 et

254 1780 605 1871 agrestes
662 1781 897 1850 morte
957 1796 1239 1873 poenas
1298 1773 1524 1859 luere,
1585 1768 1963 1869 Gregorio
2038 1771 2527 1848 Bornemisza

254 1922 694 1975 successore
734 1900 809 1974 in
848 1899 1104 1975 eadem
1143 1899 1657 1995 praefectura3
1717 1898 1841 1996 qui
1881 1897 2102 1974 etiam
2140 1897 2285 1973 frui
2321 1896 2521 1973 haud

256 2026 376 2101 diu
414 2025 659 2126 potuit
693 2033 912 2126 parto
951 2025 1251 2117 honore,
1306 2023 1682 2099 invidente
1718 2024 2051 2118 fortuna3
2107 2020 2261 2121 Aly
2297 2023 2529 2097 bassa

260 2153 452 2228 enim
518 2149 876 2249 peculiari
932 2151 1009 2225 in
1065 2150 1456 2246 agrienses
1532 2150 1646 2225 ira
1704 2148 2121 2241 defervens,
2157 2170 2525 2246 nunquam

282 2276 614 2354 cessavit
648 2275 964 2351 insidias
1035 2284 1344 2368 struere,
1402 2297 1533 2350 eas
1588 2274 1874 2350 crebris
1911 2272 2534 2349 incursationibus

273 2403 647 2504 captabat.
682 2402 874 2478 Vico
923 2403 1345 2478 Keresztes
1366 2396 1479 2501 **)
1517 2425 1783 2477 nomen
1819 2400 2026 2476 estin
2070 2399 2391 2475 secundo
2430 2400 2527 2473 ab

262 2529 503 2628 Agria
522 2527 799 2628 lapide,
820 2527 1015 2628 apud
1040 2551 1254 2626 quem
1276 2525 1553 2603 infelici
1588 2527 1868 2619 Marte,
1886 2523 2213 2600 vallibus
2252 2525 2525 2624 sylvis-

260 2680 400 2756 que
448 2678 590 2754 pro
627 2654 916 2730 insidiis
976 2660 1401 2753 suspectum
1440 2676 1603 2729 cum
1639 2651 1985 2729 hostibus
2024 2650 2393 2742 conflixit,
2451 2657 2526 2726 et

266 2788 559 2880 captus,
603 2780 1163 2877 'Parcarumque
1201 2778 1629 2877 imperatori
1666 2777 1960 2868 missus,
1999 2775 2096 2851 ad
2149 2775 2530 2874 gemonias

258 2906 717 3007 byzantinas
763 2905 1039 3003 laqueo
1094 2904 1325 2979 vitam
1379 2903 1636 2978 finivit.
1691 2902 1889 2977 Dum
1923 2897 2112 2977 haec
2154 2902 2233 2976 in
2270 2900 2524 2997 Unga·

256 3035 373 3109 ria
427 3033 541 3108 ita
597 3038 1035 3129 agerentur,
1075 3029 1374 3107 amissis
1413 3028 1878 3106 munimentis
1915 3027 2152 3125 regni,
2191 3034 2267 3103 et
2300 3027 2527 3124 longe

264 3159 592 3235 maxima
604 3166 820 3260 parte
835 3159 1222 3236 Inferioris
1241 3157 1628 3254 Ungariae
1641 3157 1738 3233 ad
1750 3153 2047 3250 Savum,
2061 3160 2284 3253 atque
2295 3175 2528 3253 usque

263 3285 716 3379 Danubium,
738 3283 1216 3384 amplissimis
1239 3282 1969 3384 opulentissimisque
2005 3281 2426 3373 ditionibu5,
2447 3285 2527 3356 ut

264 3413 380 3487 vel
422 3412 639 3487 solae
675 3434 981 3509 regnum
1019 3411 1571 3504 constituerent,
1595 3432 1782 3507 quas
1836 3430 2073 3507 nuper
2108 3414 2391 3483 tantum
2429 3406 2525 3479 ab

264 3534 603 3634 Georgio
643 3544 719 3612 et
754 3537 1018 3635 regina
1055 3535 1578 3612 Ferdinandus
1617 3540 2035 3631 acceperat,
2055 3530 2230 3606 item
2266 3529 2343 3604 in
2363 3526 2526 3605 Gis-

265 3662 689 3737 danubiana
743 3660 1091 3759 Ungaria
1146 3661 1483 3762 plurimis
1539 3658 1838 3736 arcibus
1914 3664 2135 3755 atque
2174 3655 2525 3732 exercitu,

274 3787 840 3864 christianorum
895 3787 1272 3887 principes
1331 3786 1772 3865 saevissima
1846 3783 2017 3861 odia
2072 3790 2295 3881 atque
2324 3780 2529 3859 bella

265 3913 453 3990 inter
491 3936 667 3991 sese
706 3915 1177 3991 exercebant.

409 4212 473 4285 ὓ)
495 4211 739 4270 Istvanfi
764 4212 1078 4286 jegyzeto:
1116 4211 1488 4287 Stephhanus
1532 4209 1828 4282 Mechkey
1878 4225 1915 4264 a
1938 4205 2175 4263 rusticis
2199 4200 2539 4260 interfectus

280 4303 472 4363 securi
509 4301 574 4357 in
598 4300 844 4360 frontem
871 4303 1142 4375 impactu.
1851 4337 1856 4347 .

415 4393 521 4466 θ’)
545 4393 791 4452 Ιεῑνάειίὶ
809 4395 1121 4468 Jegyzete:
1147 4394 1319 4466 Apud
1343 4393 1663 4452 Keresztes
1687 4390 1863 4449 fuit,
1826 4415 1863 4463 p
1867 4406 2023 4462 ugna
2045 4384 2470 4445 memorabilis·
2454 4402 2535 4439 m-

274 4486 363 4538 ter
387 4482 765 4541 Mehemetem
809 4483 912 4539 111.
938 4482 1260 4540 'furcarum
1314 4482 1655 4554 principem,
1677 4495 1748 4537 ac
1793 4475 2250 4538 maximilianum
2273 4471 2532 4531 archidu-

278 4589 401 4632 cem
428 4571 699 4632 Austriae
724 4572 812 4633 2⁴3-
796 4590 855 4629 -a
879 4571 1167 4645 Octobris,
1192 4588 1347 4629 anno
1373 4570 1586 4629 Christi
1615 4568 1772 4627 1596.
