3293 5219
2345 316 2497 395 10⁷

249 541 465 632 rapto
510 534 764 607 vivere
824 534 1215 626 solebant;
1255 533 1321 606 si
1359 532 1434 606 in
1475 532 1769 607 'Furcas
1826 532 2281 616 incidissent,
2319 556 2501 631 pug-

245 682 423 734 nare
486 657 849 733 acerrime
889 664 1459 732 consveverant.
1538 656 1860 730 Tantum
1920 657 2111 731 enim
2151 665 2267 732 est
2305 660 2502 758 apud

250 785 546 858 Turcas
601 781 824 877 hujus
863 781 1163 875 generis
1218 781 1589 858 hominum
1650 780 1891 855 odium
1950 788 2174 878 atque
2227 782 2364 872 ira,
2424 791 2506 859 ut

249 907 531 984 nullum
571 907 818 981 vivum
877 929 968 979 ex
1007 906 1101 981 iis
1162 905 1584 1005 relinquere
1643 907 1956 998 soleant,
2015 909 2187 1005 quin
2243 917 2506 1007 captos

250 1032 592 1108 maximis
631 1031 1084 1106 cruciatibus
1122 1038 1453 1124 enecant3
1491 1030 1659 1104 ideo
1697 1032 2289 1129 pertinacissime
2325 1056 2506 1131 pug-

256 1182 439 1233 nare
484 1156 774 1247 debent,
835 1157 945 1229 sin
985 1156 1224 1231 minus
1265 1180 1356 1231 ex
1435 1156 1860 1231 christianis
1898 1157 2221 1254 praedas
2260 1182 2510 1254 agere.

260 1281 410 1359 Sed
449 1289 665 1358 tanta
704 1288 867 1355 erat
901 1279 1161 1356 horum
1200 1280 1662 1379 praesertim,
1686 1281 1810 1376 qui
1846 1281 1917 1354 in
1950 1280 2501 1380 Kapos-Ujvar

262 1411 616 1503 agebant,
659 1407 1098 1497 immanitas,
1139 1414 1217 1482 ut
1249 1405 1695 1481 christianos
1737 1408 2038 1483 colonos
2081 1403 2507 1505 (diligenter

253 1542 502 1610 autcm
557 1533 1155 1632 expiscabantnr,
1218 1533 1341 1630 qui
1402 1531 1718 1628 alicujus
1774 1532 2153 1608 facultatis
2214 1535 2503 1624 essent)

258 1659 653 1734 tormentis
732 1658 828 1732 ad
898 1658 1284 1756 pecuniam
1399 1658 1716 1734 dandam
1794 1667 2170 1756 cogerent.
2246 1658 2512 1749 Fuere,

253 1785 374 1883 qui
413 1783 603 1859 viris
644 1805 862 1858 crura
900 1783 1199 1859 terebro
1255 1783 1522 1872 ferreo,
1580 1784 1872 1859 feminis
1932 1783 2303 1859 mamillas
2339 1806 2508 1882 per-

251 1914 626 2001 forarent,
665 1932 901 2007 neque
960 1908 1187 1984 ullum
1248 1932 1484 2005 genus
1545 1909 2007 1984 crudelitatis
2066 1909 2162 1983 ad
2209 1909 2506 2005 exigen-

255 2036 425 2112 dam
466 2036 857 2136 pecuniam
899 2036 1338 2111 omitterent.
1382 2033 1502 2109 Ad
1543 2057 1727 2133 quos
1769 2059 1926 2111 cum
1966 2035 2207 2111 hostis
2244 2058 2502 2134 perve-

249 2165 514 2248 nisset,
578 2168 655 2236 et
709 2161 1090 2236 machinas
1168 2161 1664 2237 admovisset:
1722 2170 1896 2260 post
1959 2162 2253 2236 tertiam
2313 2160 2503 2237 diem

252 2297 479 2365 noctu
518 2310 695 2363 arce
727 2310 967 2362 vacua
1003 2286 1266 2363 relicta
1324 2287 1770 2373 abscedunt,
1814 2288 1937 2384 qui
1975 2294 2055 2362 nt
2090 2288 2167 2362 in
2207 2289 2498 2363 Turcas

254 2414 692 2505 inciderunt,
752 2413 849 2489 ad
884 2434 1107 2488 unum
1149 2436 1402 2488 omnes
1462 2411 1740 2488 concisi
1798 2420 1998 2498 sunt,
2064 2420 2139 2487 et
2193 2412 2267 2486 hi
2326 2436 2499 2488 arce

255 2540 655 2641 potiuntur.
731 2538 918 2635 Ejus
976 2535 1158 2613 belli
1194 2545 1392 2615 metu
1446 2536 2004 2614 Babochienses
2060 2536 2170 2612 ita
2223 2544 2501 2636 perter-

252 2667 520 2743 refacti
560 2672 752 2755 sunt,
811 2672 890 2740 ut
926 2664 1459 2763 quumprimum
1500 2666 1734 2740 bassa
1755 2663 2074 2755 advenit,
2096 2670 2171 2738 et
2187 2670 2500 2740 tormen-

244 2804 322 2868 ta
356 2793 437 2867 in
479 2790 845 2865 adversos
908 2788 1244 2864 emittere
1282 2787 1544 2886 coepit,
1606 2789 2049 2865 deditionem
2087 2790 2286 2888 pacti
2328 2789 2496 2882 sint,

247 2917 485 2995 salvis
526 2915 984 3016 corporibus,
1031 2915 1281 2999 armis,
1321 2920 1543 3012 atque
1601 2916 1844 2991 rebus.
1906 2913 2230 3006 Quorum
2272 2915 2498 2991 duces

246 3046 341 3120 ab
384 3041 694 3117 Andrea
729 3039 1070 3139 Bathory
1112 3040 1333 3138 capti,
1389 3064 1558 3114 nam
1612 3040 1849 3140 ipsius
1890 3063 2026 3115 arx
2080 3040 2346 3132 fuerat,
2422 3049 2501 3116 ut

252 3167 698 3269 supplicium
753 3165 1101 3241 mandato
1151 3165 1604 3240 Ferdinandi
1641 3166 1716 3240 in
1760 3166 2053 3243 comitio
2092 3168 2339 3243 futuro
2399 3165 2489 3241 de

251 3296 411 3372 illis
472 3299 886 3370 sumeretur
928 3349 942 3381 ,
1075 3293 1298 3391 paulo
1359 3300 1533 3390 post
1589 3294 1927 3369 custodia
1966 3295 2205 3394 elapsi
2262 3295 2354 3371 ad
2396 3318 2505 3369 re-

242 3422 503 3518 ginam
541 3416 951 3494 Isabellam
1004 3419 1426 3515 profugere.
1504 3418 2027 3494 Ferdinandus
2085 3442 2264 3495 vero
2319 3441 2497 3493 nun-

241 3548 355 3622 cio
399 3546 501 3620 ad
539 3546 841 3619 bassam
876 3543 1126 3635 misSO,
1169 3544 1259 3618 de
1298 3543 1611 3620 induciis
1627 3545 1924 3621 violatis
1967 3544 2491 3644 expostulavit3

245 3698 418 3750 nam
480 3669 1032 3769 qualescunque
1088 3670 1428 3747 induciae
1466 3695 1601 3771 pro
1642 3696 1845 3748 more
1902 3670 2498 3751 intercedebant:

245 3799 373 3898 qui
417 3819 592 3872 sese
630 3795 1008 3870 multoties
1058 3804 1543 3893 conquestum
1585 3797 1655 3871 ei
1692 3796 2096 3893 respondit,
2135 3797 2241 3871 uti
2277 3797 2504 3872 latro·-

240 3925 440 4000 cinia
458 3921 931 4023 prohiberet;
988 3922 1064 3997 id
1106 3946 1266 3998 cum
1312 3925 1408 3998 ab
1444 3924 1611 4022 ipso
1652 3921 1925 3998 factum
1963 3945 2334 4020 nunquam
2377 3922 2496 4005 sit,

239 4057 585 4127 coactum
607 4070 690 4122 se
712 4046 807 4121 ad
833 4047 1349 4146 castigandum
1368 4048 1788 4147 praedones
1827 4046 1997 4122 illos
2039 4069 2128 4120 ac
2164 4046 2500 4121 latrones

236 4177 496 4253 fuisse.
557 4173 821 4271 Neque
879 4172 954 4246 id
1013 4174 1157 4248 sibi
1215 4182 1474 4249 contra
1529 4172 1866 4247 inducias
1922 4171 2196 4247 factum
2254 4172 2497 4249 videri

237 4301 540 4391 debere,
601 4322 763 4376 cum
820 4297 1239 4374 istiusmodi
1293 4298 1625 4374 latrones
1682 4319 1915 4395 aeque
1976 4319 2158 4371 suae
2197 4296 2497 4374 ditionis

238 4445 617 4526 pauperes
715 4425 1045 4517 colonos,
1109 4448 1333 4522 quam
1372 4421 1757 4523 Solymani
1833 4420 2275 4520 depraedari
2331 4445 2499 4498 con-

239 4551 437 4627 sveti
514 4559 807 4644 essent3
885 4550 1070 4627 illud
1129 4574 1420 4650 quoque
1480 4549 1649 4641 sibi,
1709 4570 1926 4647 quam
1981 4547 2257 4623 fuerint
2290 4571 2490 4624 man-
