3293 5219
858 311 1147 375 LXXVI

850 496 1099 568 facere
1155 495 1241 589 in
1295 494 1612 570 iuvando
1679 504 1902 592 atque
1963 497 2296 571 ornando
2356 520 2508 587 me,
2567 496 2672 570 ita
2731 497 3100 594 explicasti

858 620 1052 708 mihi,
1110 620 1552 720 facilemque
1613 622 2020 714 reddidisti,
2060 630 2162 712 ut,
2203 622 2551 720 quicquid
2611 643 2863 695 morae
2902 623 3101 697 inter-

854 747 1099 839 cedat,
1155 747 1231 822 id
1289 747 1525 824 instar
1582 748 1840 823 mortis
1898 748 2071 823 mihi
2129 749 2401 824 debeat
2456 749 2718 823 videri.
2796 749 2990 824 Vtar
3039 747 3102 821 in

852 871 1326 969 suscipiendo
1383 873 1870 971 faciendoque
1934 874 2224 964 itinere,
2280 881 2361 949 ut
2403 875 2492 948 'in
2551 873 2724 949 aliis
2783 873 3105 948 omnibus

852 998 1100 1089 rebus,
1145 1006 1271 1073 tuo
1313 997 1653 1087 consilio,
1694 1006 1775 1073 ut
1832 996 2005 1073 hinc
2042 999 2337 1075 Vlmam
2392 999 2645 1093 rheda,
2686 998 2866 1073 inde
2903 1000 3106 1074 Vien-

852 1146 1022 1197 nam
1078 1132 1357 1212 vectus‚
1412 1125 1737 1201 secundo
1796 1123 2111 1216 flumine,
2157 1123 2553 1201 Posonium
2595 1124 2896 1201 Vienna
2955 1147 3105 1200 con·

854 1249 1185 1340 tendam,
1249 1273 1391 1347 quo
1449 1251 1523 1324 in
1581 1250 1853 1349 oppido
1921 1251 2308 1349 pecuniam
2370 1251 2748 1326 decretam
2808 1249 2906 1325 ad
2960 1251 3107 1336 iter,

858 1374 1223 1474 Principis
1264 1376 1724 1452 liberalitate
1763 1376 2130 1451 numerari
2169 1377 2434 1474 placet.
2489 1375 2659 1449 Illic
2703 1376 2902 1475 apud
2942 1375 3108 1449 Pur-

864 1500 1290 1578 kircherum
1366 1503 1714 1593 divertar,
1774 1502 2011 1578 virum
2069 1503 2437 1601 optimum,
2500 1503 2708 1578 euius
2770 1525 3112 1577 summam

854 1629 1041 1703 inte
1080 1629 1630 1705 observantiam
1690 1637 1763 1705 et
1821 1628 2417 1704 benevolentiam
2473 1628 2624 1703 iam
2673 1628 2963 1727 pridem
3008 1651 3111 1703 co-

857 1753 1052 1828 novi.
1117 1755 1479 1851 Equidem
1538 1755 1856 1844 mallem,
1898 1754 1962 1829 si
2002 1775 2177 1852 spes
2217 1761 2422 1828 esset
2462 1754 2674 1829 brevi
2735 1755 2878 1829 has
2915 1775 3110 1829 meas

794 1886 803 1893 '
859 1880 956 1954 ad
984 1885 1062 1955 te
1091 1879 1383 1957 litteras
1425 1881 1792 1980 perlatum
1831 1880 1944 1968 iri,
1979 1880 2465 1976 Argentorati
2503 1879 2685 1955 mihi
2726 1880 3114 1972 numerari3

858 2004 997 2080 sed
1034 2027 1196 2080 cum
1235 2005 1359 2080 vix
1399 2006 1852 2103 sperandum
1883 2006 2002 2099 sit,
2035 2011 2206 2080 ante
2242 2004 2914 2081 Francfordienses
2953 2027 3115 2079 nun-

861 2130 1075 2206 dinas
1132 2153 1396 2230 posse;
1459 2132 1523 2206 si
1584 2131 1887 2208 Posonii
1945 2132 2120 2207 mihi
2162 2132 2569 2224 curabitur,
2610 2132 2797 2207 satis
2838 2128 3014 2205 mihi
3050 2130 3116 2204 in

861 2263 1193 2354 tempore
1232 2263 1704 2355 prospectum
1764 2257 2062 2355 putabo.
2128 2253 2401 2332 Cetero
2459 2262 2852 2355 apparatu,
2892 2263 2974 2332 ut
3010 2278 3112 2331 su·

859 2381 1281 2479 perioribus
1320 2385 1418 2459 ad
1458 2393 1533 2460 te
1573 2384 1847 2460 litteris
1887 2383 2175 2482 scripsi,
2216 2384 2488 2460 carebo
2544 2382 2810 2479 facile3
2861 2383 3113 2461 biblio·

862 2507 1177 2600 thecam,
1199 2519 1281 2585 ut
1303 2508 1736 2599 desiderem,
1771 2508 2063 2585 etiamsi
2101 2508 2278 2584 mihi
2310 2508 2409 2584 sit
2437 2508 2753 2585 ulterius
2792 2508 3121 2599 eundum,

862 2632 1209 2710 inducere
1267 2636 1581 2713 animum
1640 2659 1785 2712 nou
1843 2625 2167 2736 possum.
2207 2636 2423 2727 Vale,
2480 2644 2556 2711 et
2612 2659 2729 2711 me
2780 2658 3018 2734 perge
3050 2637 3119 2711 in

818 2760 1148 2835 'tuorum
1206 2783 1507 2837 numero
1563 2763 1863 2839 habere.
1944 2763 2240 2838 Dabam
2301 2759 2652 2839 Basileae
2710 2762 2894 2838 Kal.
2956 2761 3120 2838 Jun.

866 2884 965 2959 M.
1009 2883 1103 2958 Ι).
1146 2884 1471 2964 LXXII.

1988 3112 2029 3119 --z
2047 3112 2186 3122 -·τἿ-ι-“·

1892 3391 2108 3468 VIII.

955 3573 1224 3647 Brutus
1260 3574 1491 3649 Jcinos
1531 3572 1800 3670 Miluily
1838 3571 1938 3644 ΙΙ.
1975 3570 2177 3644 levele
2236 3571 2558 3669 hbrycich
2597 3569 3040 3658 Ferenezlzez,

1509 3696 1741 3794 (Kelet
1795 3695 2051 3788 nealcae,
2095 3697 2179 3770 cle
2225 3691 2487 3788 1572).

1081 3894 1266 3973 Cum
1312 3896 1402 3969 ad
1443 3894 1696 3970 XXIIw
1745 3893 1921 3968 Kal.
1965 3892 2177 3967 Mart.
2224 3913 2365 3989 quo
2403 3899 2740 3990 tempore
2777 3893 2922 3967 fuit
2959 3891 3132 3966 mihi

865 4026 1159 4100 Vienna
1228 4020 1793 4108 discedendum,
1873 4020 1968 4093 ad
2024 4023 2098 4093 te
2157 4018 2670 4116 scripsissem,
2751 4018 3130 4115 negotium

871 4147 1040 4223 dedi
1102 4148 1418 4225 Antonio
1477 4147 1839 4235 Laureae,
1902 4144 2176 4220 homini
2234 4144 2412 4219 mihi
2467 4143 2942 4236 amicissimo,
2998 4144 3138 4233 cui,

872 4274 937 4348 si
975 4274 1493 4371 responderes,
1532 4274 1826 4348 litteras
1887 4271 1983 4347 ad
2048 4296 2162 4346 mc
2214 4280 2382 4347 tuas
2421 4270 2849 4365 consignari
2889 4271 3136 4369 place·

870 4400 1025 4490 bat,
1059 4404 1142 4472 ut
1178 4407 1473 4474 curaret
1509 4399 1604 4475 ad
1643 4423 1758 4474 me
1798 4422 1929 4474 eas
1971 4422 2101 4496 per
2156 4396 2443 4472 celeres
2481 4419 2715 4494 equos
2751 4396 3132 4495 perferen·

874 4525 1030 4600 das.
1088 4521 1304 4617 Quod
1360 4546 1521 4600 cum
1576 4527 1675 4601 ad
1732 4549 1892 4603 eum
1952 4526 2142 4601 diem
2198 4525 2470 4599 factum
2528 4546 2675 4599 non
2717 4529 2943 4613 esset,
2982 4546 3129 4598 non
