3293 5219
782 320 938 398 218

772 547 891 614 tus
928 537 1376 613 Moldaviam
1450 537 1749 629 invasit,
1791 537 1883 612 de
1923 538 2128 612 cuius
2169 540 2391 613 rebus
2429 541 2669 635 gestis
2709 563 2853 614 non
2889 540 3017 615 erit

774 665 912 740 abs
967 685 1049 736 re
1097 684 1336 756 pauca
1390 661 1661 746 dicere,
1720 663 1784 736 si
1839 664 2047 760 prius
2104 664 2463 760 originem
2503 674 2579 740 et
2615 667 2827 742 initia
2864 669 3014 762 ejus

772 790 1361 866 indicaverimus.
1441 789 1559 861 Ex
1618 786 1851 863 Creta
1905 790 2149 865 insula
2210 791 2564 866 oriundus
2591 794 2750 885 fuit,
2790 800 3018 891 patre·

768 915 1098 1014 ignobili,
1160 922 1234 988 et
1270 915 1395 1009 qui
1446 937 1681 988 naves
1738 916 2131 991 onerarias
2187 940 2323 1014 pro
2380 919 2719 994 mercede
2759 919 3021 1015 guber·

763 1064 944 1119 nare
983 1040 1297 1114 solebat.
1339 1037 1744 1136 Proprium
1795 1063 2059 1115 nomen
2100 1050 2262 1116 erat
2295 1043 2349 1118 J
2355 1043 2706 1136 ohannes,
2769 1068 3020 1142 cogno,

767 1192 932 1243 men
969 1188 1146 1241 vero
1185 1165 1594 1259 Basilicus3
1672 1166 1872 1242 hunc
1932 1176 2147 1264 pater
2201 1169 2488 1245 cuidam
2526 1173 2580 1248 J
2584 1175 2817 1247 acobo
2873 1170 3023 1247 He-

763 1293 1022 1370 raclidi
1099 1316 1393 1389 graeco,
1470 1318 1563 1367 ex
1659 1294 2020 1388 sauguine
2117 1296 2549 1392 principum,
2627 1306 2704 1372 ut
2780 1298 3025 1394 ajebat

769 1419 996 1513 Sami,
1068 1418 1406 1510 Paridos,
1450 1444 1539 1494 ac
1622 1420 2138 1496 nonnullarum
2214 1423 2619 1499 insularum
2694 1425 2770 1499 in
2846 1424 3025 1500 mari

770 1547 1100 1642 Aegaeo,
1160 1546 1723 1638 commendavit,
1763 1547 1890 1644 qui
1950 1548 2145 1645 apud
2185 1545 2532 1627 Carolum
2581 1548 2674 1624 V.
2713 1552 3027 1648 impera-

769 1683 1006 1752 torem
1042 1672 1523 1770 graecanicos
1601 1673 1884 1769 aliquot
1942 1673 2232 1770 equites
2265 1674 2605 1750 mercede
2645 1676 3023 1752 ductabat.

772 1802 1036 1897 Itaque
1072 1798 1140 1873 is
1215 1797 1412 1872 hunc
1487 1799 1539 1873 J
1545 1799 1910 1874 ohannem
1968 1797 2369 1875 Basilicum
2444 1801 2540 1874 ad
2594 1802 2888 1878 litteras
2926 1812 3030 1879 at-

773 1949 912 2022 que
962 1931 1166 1999 artes
1220 1923 1581 2000 liberales
1638 1925 2169 1999 instituendum
2228 1927 2536 2001 curavit.
2596 1924 2787 2003 Cum
2846 1951 3022 2005 vero

770 2059 1198 2143 moreretur,
1290 2050 1482 2125 hunc
1560 2060 1916 2147 tanquam
1970 2051 2201 2126 filium
2289 2053 2780 2130 familiaribus
2845 2078 3027 2130 com·

771 2176 1183 2272 mendavit3
1239 2200 1363 2251 res
1437 2177 1627 2251 inter
1702 2178 2118 2252 familiares
2195 2177 2736 2272 distrahuntur,
2798 2182 3027 2280 diplo-

771 2310 972 2378 mata
1014 2325 1191 2378 vero
1228 2302 1579 2377 nonnulla
1618 2303 1714 2376 ab
1754 2299 2029 2377 Oarolo
2070 2303 2158 2377 V.
2201 2326 2561 2381 concessa
2597 2307 2672 2381 in
2709 2306 3033 2381 futuram

773 2429 915 2504 sibi
952 2429 1285 2504 fraudem
1362 2428 1658 2519 retinet,
1717 2434 1791 2501 et
1849 2427 2116 2503 exinde
2174 2452 2436 2504 nomen
2489 2430 2651 2504 heri
2715 2433 2832 2507 sui
2892 2432 3033 2507 sibi

769 2578 1130 2653 usurpare
1200 2554 1397 2653 apud
1467 2555 1770 2651 ignotos
1828 2555 2096 2653 coepit.
2159 2555 2276 2630 Ea
2338 2563 2549 2631 erant
2601 2558 3033 2644 insularum,

773 2704 958 2778 quas
1034 2705 1126 2755 ne
1184 2703 1490 2779 sperare
1570 2680 1859 2777 quidem
1934 2690 2235 2779 posset,
2301 2705 2540 2758 vanae
2598 2684 3033 2760 donationes

774 2806 1086 2900 domini3
1126 2807 1298 2881 item
1344 2806 1744 2882 facultates
1803 2809 2204 2883 attributae
2243 2816 2619 2906 potestate
2677 2834 3037 2887 caesarea

771 2933 1112 3008 doctores
1205 2931 1535 3022 creandi,
1670 2935 2049 3008 laureatos
2161 2941 2442 3031 po'e'tas,
2574 2961 2662 3010 ac
2776 2945 3033 3034 proto-

768 3057 1203 3135 notariatus
1277 3056 1570 3133 Exinde
1608 3059 1800 3133 inter
1825 3059 2313 3155 graecauicos
2353 3062 2640 3157 equites
2680 3084 2818 3160 pro
2860 3087 3029 3159 gre-

768 3185 980 3282 gario
1021 3185 1470 3290 stipendium
1528 3184 1980 3282 aliquamdiu
2028 3186 2330 3281 meruit;
2424 3188 2597 3263 inde
2638 3190 2839 3286 apud
2875 3189 3033 3264 Ma-

763 3313 949 3387 riam
991 3312 1340 3408 reginam
1390 3313 1466 3386 in
1504 3311 1840 3408 BelgicO‚
1899 3311 2105 3385 illinc
2162 3311 2237 3384 in
2299 3307 2653 3406 Galliam,
2715 3311 3034 3391 Germa·

771 3439 986 3528 niam,
1026 3461 1113 3512 ac
1152 3438 1449 3512 tandem
1472 3436 1861 3511 Poloniam
1901 3438 2121 3512 venit.
2166 3436 2352 3512 Cum
2389 3461 2570 3535 ergo
2611 3462 2884 3517 nomen
2925 3450 3031 3517 at-

770 3586 911 3660 que
966 3563 1318 3638 familiam
1355 3564 1407 3638 J
1412 3563 1625 3637 acobi
1666 3561 2094 3637 Heraclidis
2153 3565 2707 3661 assumpsisset,
2747 3588 3025 3660 genus·

772 3711 913 3784 que
993 3686 1088 3760 ad
1142 3687 1514 3784 principes
1574 3686 1999 3763 Moldaviae
2058 3675 2300 3764 astute
2359 3688 2775 3781 deduceret,
2818 3701 2905 3766 ut
2943 3695 3033 3767 ab

768 3813 820 3889 J
826 3812 1060 3887 acobo
1100 3813 1480 3902 didicerat,
1577 3817 2055 3910 (quamquam
2115 3815 2289 3910 quid
2326 3815 2601 3891 homini
2638 3839 2922 3912 graeco
2962 3819 3032 3892 in

771 3938 1123 4014 extremis
1180 3938 1527 4035 Europae
1583 3938 1797 4012 undis
1836 3945 2011 4012 nato
2053 3960 2214 4012 cum
2288 3939 2652 4015 Valachis
2691 3963 3029 4019 commu-

774 4089 866 4140 ne
886 4064 994 4154 ?):
1038 4085 1223 4139 uxor
1262 4063 1678 4138 Alexandri
1738 4064 2126 4160 vajvodae,
2166 4065 2505 4141 muliebri
2527 4067 2833 4164 pietate,
2875 4079 3033 4145 tan-

772 4213 988 4287 quam
1025 4190 1653 4286 consangvineum
1691 4190 2055 4282 accersiit,
2076 4189 2522 4289 habitusque
2561 4202 2677 4268 est
2711 4216 2858 4290 pro
2897 4195 2951 4272 J
2954 4220 3025 4269 a·

772 4317 957 4391 cobo
1012 4315 1440 4410 Heraclide,
1501 4317 1624 4414 qui
1701 4316 1986 4415 pridem
2063 4317 2451 4393 defunctus
2526 4319 2798 4393 fuerat.
2882 4319 3031 4398 Ubi

772 4441 984 4515 brevi
1058 4463 1138 4514 se
1217 4441 1667 4535 primoribus
1744 4442 1944 4517 illius
2033 4443 2281 4538 gentis
2355 4443 2803 4528 insinuavit3
2869 4468 3029 4522 cum

771 4564 1199 4639 Alexander
1235 4565 1452 4642 homo
1510 4568 1963 4662 tyrannicus,
2023 4569 2268 4643 omnib
2289 4591 2377 4642 us
2428 4569 2712 4644 invisus
2776 4577 3018 4659 esset3
