3293 5219
727 286 833 368 48

729 511 1080 581 testatem
1118 505 1437 580 hostium
1479 504 1700 580 venit.
1759 503 1879 580 Ad
1917 506 2278 582 modicum
2320 504 2706 582 castellum
2746 506 2979 584 Busa-

738 639 1008 730 tornya
1050 632 1317 721 (turris
1356 633 1617 706 saltem
1661 639 1825 706 erat
1862 632 2161 730 lapidea
2201 639 2275 706 et
2314 633 2643 706 cratibus
2682 633 2985 708 circum-

736 756 952 848 data)
967 756 1336 835 Arslanus
1350 781 1514 835 cum
1528 758 1780 834 valida
1798 783 2015 834 manu
2035 760 2329 833 transit.
2344 762 2647 835 Inerant
2660 760 2985 836 Michael

729 885 1034 985 Terchy
1107 886 1584 978 castellanus,
1663 885 2007 962 Andreas
2061 885 2311 985 Nagy,
2354 885 2782 987 Stephanus
2829 886 2970 963 Zn-

722 1011 875 1109 hay
913 1019 986 1087 et
1026 1012 1369 1088 Andreas
1443 1013 1669 1090 Deak
1708 1038 1869 1090 cum
1907 1013 2165 1113 paucis
2227 1015 2604 1090 militibus.
2645 1014 2795 1092 Sed
2833 1039 2971 1114 per

725 1138 1127 1216 Arslanum
1163 1143 1444 1218 frustra
1468 1149 1753 1217 tentata
1773 1141 2342 1241 oppugnatione,
2365 1143 2596 1219 missa
2636 1152 2751 1218 est
2786 1166 2973 1243 pars

732 1269 1102 1343 exercitus
1179 1291 1340 1345 cum
1377 1269 1786 1362 tormentis,
1859 1270 2231 1366 turrisque
2286 1256 2616 1366 dejecta3
2690 1293 2834 1344 non
2870 1278 2978 1344 ta-

731 1418 894 1470 men
934 1394 1377 1471 deditionem
1418 1397 1688 1491 fecere,
1710 1396 1853 1470 nisi
1892 1395 2311 1472 firmissimo
2341 1396 2833 1494 Jurejurando
2856 1421 2980 1470 ac-

726 1529 942 1620 cepto
980 1520 1380 1596 incolumes
1404 1517 1962 1597 dimitterentur.
2005 1521 2157 1620 Aly
2177 1524 2409 1598 bassa
2451 1532 2624 1621 post
2660 1522 2758 1597 ad
2794 1522 2979 1595 Hol-

729 1646 949 1722 lokeo'
994 1648 1392 1745 profectus,
1469 1647 1696 1721 misso
1734 1648 2019 1741 nunci0,
2060 1647 2499 1725 deditionem
2537 1649 2773 1748 petiit,
2810 1672 2981 1746 pro-

727 1774 957 1851 missa
995 1774 1465 1873 impunitate;
1534 1776 1676 1850 duo
1718 1785 1930 1851 erant
1967 1773 2308 1873 collegae
2365 1776 2438 1850 in
2477 1778 2978 1875 praefectura,

726 1900 1109 1975 Emericus
1148 1898 1389 1985 Ohak,
1449 1910 1522 1976 et
1577 1900 1922 1977 Andreas
1964 1900 2245 2000 Szaky‚
2286 1925 2592 2000 quorum
2634 1903 2758 1978 ille
2798 1925 2971 1975 mox

722 2026 1006 2120 obtulit,
1029 2035 1103 2102 et
1139 2028 1515 2103 Andream
1534 2029 2005 2104 resistentem
2027 2029 2409 2126 quominus
2431 2030 2899 2121 interficeret,
2929 2054 2977 2101 a

723 2153 1075 2230 militibus
1111 2154 1529 2254 prohibitus
1569 2162 1728 2252 est3
1768 2178 2085 2252 arceque
2122 2154 2399 2230 tradita
2436 2157 2669 2230 libere
2708 2179 2966 2231 omnes

724 2281 1034 2356 dimissi.
1111 2282 1445 2358 Eandem
1482 2284 1854 2357 fortunam
1894 2306 2029 2356 arx
2081 2281 2353 2380 Buyak
2389 2282 2677 2377 sortita,
2719 2304 2970 2379 quam-

717 2408 832 2482 vis
908 2408 1389 2485 validissimis
1428 2409 1809 2486 moenibus
1883 2407 1989 2481 ita
2027 2406 2322 2499 mnnita,
2378 2415 2459 2482 ut
2486 2408 2679 2482 ictus
2717 2406 2974 2482 imma·

718 2533 915 2611 nium
952 2536 1342 2632 globorum
1382 2536 1700 2634 quinque
1741 2534 2020 2611 dierum
2095 2536 2615 2613 verberatione
2654 2534 2814 2608 sine
2854 2533 2968 2608 in-

718 2663 1184 2739 termissione
1221 2663 1516 2762 penitus
1591 2671 2153 2758 comtemneret,
2231 2665 2367 2739 sed
2432 2661 2700 2738 milites
2777 2663 2971 2739 sedi-

717 2789 890 2866 tiosi
935 2813 1026 2864 ex
1064 2790 1382 2888 paganis
1440 2789 1736 2865 collecti
1794 2790 2284 2865 sordidissimi
2339 2789 2607 2865 domini
2650 2787 2974 2888 Georgii

717 2915 1070 2992 Bathoris
1110 2916 1440 2993 effractis
1478 2916 1906 3010 fornicibus,
1955 2918 2324 3014 rebusque
2365 2917 2660 3008 ablatis,
2738 2917 2970 2992 invito

721 3042 1045 3119 Martino
1088 3044 1314 3142 Nagy
1375 3050 1794 3141 eruperunt,
1854 3064 2036 3140 quos
2082 3041 2437 3138 janiciari
2493 3052 2965 3140 exceperunt,

719 3181 794 3248 et
811 3195 1085 3265 omnes,
1107 3173 1270 3271 ipso
1293 3173 1610 3247 Martino
1633 3172 1796 3247 solo
1811 3178 2050 3269 capto,
2071 3170 2563 3248 conciderunt.
2582 3170 2685 3246 At
2705 3169 2967 3245 Ferdi-

719 3300 1004 3376 naudus
1063 3300 1327 3374 nedum
1380 3298 1888 3398 personaliter
1944 3299 2019 3373 in
2056 3297 2330 3373 bellum
2370 3298 2676 3392 veniret,
2715 3304 2794 3372 ut
2831 3319 2968 3372 suo

722 3448 923 3501 more
953 3427 1414 3522 jactaverat,
1473 3425 1608 3499 sed
1646 3424 1867 3499 solita
1919 3423 2403 3515 cunctatione,
2444 3429 2517 3499 et
2556 3422 2712 3497 suis
2752 3429 2969 3520 toga-

729 3553 850 3646 tis,
891 3575 1080 3650 quos
1129 3577 1222 3628 ex
1259 3553 1558 3628 fortuna
1597 3560 1725 3627 aut
1762 3552 2008 3649 gratia
2043 3574 2177 3628 seu
2220 3552 2485 3649 opibus
2524 3551 2974 3647 assumebat,

717 3679 1049 3773 incertis,
1089 3681 1391 3777 insuper
1465 3677 2019 3753 difficultatibus
2074 3678 2239 3753 fisci
2314 3677 2755 3775 implicatus,
2795 3685 2972 3774 post

714 3807 1145 3883 immensam
1237 3805 1585 3882 ditionem
1678 3804 2067 3898 amissam,
2160 3803 2431 3878 bellum
2508 3825 2801 3901 semper
2857 3803 2967 3878 in-

716 3937 1038 4011 faustum
1074 3935 1430 4008 tentabat.
1509 3928 1842 4008 Corrasa
1880 3930 2106 4029 igitur
2144 3930 2526 4028 aliquanta
2562 3928 2879 4028 pecunia
2918 3955 2965 4004 a

714 4061 1329 4155 foeneratoribus,
1388 4086 1480 4135 ne
1519 4060 1714 4137 ultro
1754 4058 2093 4136 hostibus
2133 4057 2376 4133 omnia
2414 4056 2818 4133 concedere
2859 4056 2967 4130 vi-

716 4191 1032 4284 deretur,
1093 4189 1277 4265 duce
1333 4187 1655 4263 Matthia
1713 4183 1987 4262 Taiffel
2009 4179 2077 4283 *)
2146 4183 2424 4259 austrio
2480 4192 2965 4281 procuratore

714 4338 957 4394 rerum
996 4317 1312 4391 omnium
1367 4314 1799 4390 bellicarum
1876 4319 1950 4387 et
2025 4309 2519 4396 confiniorum,
2562 4309 2676 4384 cui
2716 4309 2963 4387 officio

923 4530 986 4601 ἰ)
1024 4525 1268 4585 Ιεῐνάιιὸ
1281 4529 1557 4600 jegyzete
1582 4548 1595 4582 ε
1637 4525 1694 4579 Is
1713 4525 1989 4582 Erasmus
2011 4521 2241 4578 nomine
2267 4538 2401 4578 vero
2422 4524 2580 4590 ποις
2603 4520 2679 4576 ab
2701 4520 2962 4594 Ungaris

715 4623 896 4680 solum
938 4620 1189 4680 Mathia
1223 4621 1540 4686 dicebatur,
1579 4617 1795 4691 quibus
1826 4615 2054 4673 Era-mi
2090 4630 2299 4671 nomen
2346 4611 2656 4668 insolitum.
