3293 5219
801 262 906 341 '24

1021 475 1173 553 Sed
1229 473 1433 574 prius
1490 491 1782 574 pauca
1791 466 1908 541 de
1921 463 2227 574 concilio
2301 458 2698 536 tridentino
2746 455 3038 531 dicenda

813 610 1009 693 sunt,
1050 609 1133 679 ut
1151 595 1508 700 temporis
1529 611 2049 672 conservemus
2072 566 2420 664 ordinem.
2443 582 2819 683 Siquidem
2847 603 3041 680 prae-

799 732 1023 808 terito
1063 733 1406 803 autumno
1464 720 1806 797 Tridenti
1846 723 2175 793 coactum
2196 721 2359 790 erat
2399 710 2805 801 concilium,
2863 704 3039 805 quod

803 855 1124 965 Carolus
1183 853 1274 928 V.
1331 852 1407 925 in
1465 854 1828 924 conventu
1898 862 2417 941 germanorum
2472 836 2896 934 Principum
2945 832 3038 906 ita

801 960 1286 1085 promiserat,
1324 978 1523 1053 intra
1563 970 2013 1050 Germaniae
2052 968 2237 1042 fines
2276 964 2631 1062 generale
2671 969 2897 1057 atque
2933 979 3036 1031 oe-

804 1108 1254 1187 cumenicum
1316 1104 1855 1179 celebraturum
1912 1119 2082 1172 esse
2160 1092 2565 1169 concilium.
2680 1086 3036 1164 Henricus

805 1248 1053 1314 tamen
1092 1230 1396 1308 Galliae
1435 1253 1597 1320 rex,
1626 1225 1823 1325 quod
1860 1246 2098 1322 neque
2139 1245 2298 1296 cum
2337 1215 2683 1319 pontifice
2717 1223 2872 1290 tum
2892 1234 3042 1287 con·

812 1363 1141 1450 veniret,
1201 1366 1274 1434 et
1311 1379 1471 1431 cum
1511 1351 1788 1429 Carolo
1829 1348 1923 1424 V.
1964 1345 2402 1433 dissideret,
2457 1343 2736 1418 nullum
2778 1362 2870 1414 ex
2908 1338 3040 1436 epi-

812 1487 1064 1587 scopis
1124 1507 1305 1562 suae
1336 1480 1637 1558 ditionis
1680 1480 2022 1567 miserat;
2080 1493 2319 1570 neque
2360 1475 2717 1550 oratores,
2758 1471 3043 1564 praeter

809 1638 1029 1690 unum
1071 1613 1417 1688 abbatem
1453 1607 1952 1693 Bellisanum,
2005 1601 2129 1698 qui
2183 1598 2477 1673 litteras
2514 1593 2852 1695 patribus
2892 1613 3042 1667 con-

814 1736 967 1813 cilii
1005 1734 1379 1812 adtulerat
1436 1734 1509 1806 in
1586 1736 1952 1806 conventu
1988 1723 2385 1801 tridentino
2437 1722 2581 1812 (ita
2617 1719 2809 1796 enim
2848 1723 3045 1793 erant

808 1862 1251 1961 inscriptae)
1312 1857 1811 1956 congregatis.
1881 1856 2120 1929 Erant
2212 1851 2337 1948 qui
2389 1872 2532 1923 non
2588 1843 3047 1945 accipiendas

805 1991 1097 2065 litteras
1154 2010 1323 2063 esse
1362 1992 1773 2076 censerent,
1815 1980 2008 2080 quod
2047 1978 2426 2055 concilium
2465 1983 2839 2070 tamquam
2875 1968 3046 2066 legi-

812 2117 988 2192 time
1028 2122 1561 2211 congregatum
1637 2116 2071 2187 conventum
2109 2112 2390 2181 tantum
2429 2102 2889 2200 scripsisset,
2927 2095 3045 2171 sed

810 2241 1113 2318 tandem
1194 2265 1286 2316 ex
1347 2239 1706 2314 communi
1763 2257 2132 2311 consensu
2184 2234 2480 2307 fuerunt
2546 2234 2897 2326 acceptae
2984 2229 3048 2297 et

806 2370 1100 2468 publice
1157 2367 1555 2455 recitatae,
1618 2386 1809 2460 quae
1867 2360 2147 2437 oratori
2206 2354 2423 2433 fidem
2462 2354 2857 2430 faciebant.
2915 2349 3045 2425 Ille

807 2517 985 2569 vero
1026 2494 1432 2569 orationem
1468 2490 1747 2580 habuit,
1779 2497 1854 2563 et
1892 2507 2207 2562 caussas
2246 2507 2374 2559 cur
2404 2506 2537 2557 rex
2559 2502 2694 2579 pro
2725 2476 3047 2574 legitimo

808 2621 1118 2697 concilio
1176 2641 1320 2693 non
1376 2619 1726 2707 haberet,
1765 2613 2126 2690 recitavit.
2196 2608 2489 2685 Deinde
2526 2605 2815 2681 nomine
2854 2601 3046 2698 regis

804 2751 1267 2845 protestatus
1326 2751 1479 2834 est,
1535 2766 1829 2838 regem,
1887 2762 2126 2837 neque
2183 2762 2318 2836 pro
2377 2733 2711 2832 legitimo
2750 2727 3048 2806 concilio

815 2872 1260 2961 habiturum,
1337 2892 1575 2966 neque
1611 2868 1686 2942 in
1725 2889 1958 2964 regno
2033 2886 2166 2940 suo
2206 2862 2716 2953 admissurum,
2754 2867 2836 2934 ut
2871 2855 3052 2953 quis-

817 3021 1038 3095 quam
1097 3021 1232 3095 pro
1290 2995 1618 3092 legitimo
1720 3019 1807 3072 eo
1866 3000 2133 3069 utatur.
2189 2991 2531 3066 Edictum
2609 2989 2769 3084 jam
2821 2978 3051 3082 publi-

807 3147 969 3199 cum
1007 3121 1323 3198 Parisiis
1363 3124 1959 3220 promulgarunt,
2020 3141 2163 3217 quo
2184 3113 2652 3217 pragmatica
2703 3108 3049 3208 quaedam

816 3250 1125 3342 sanctio,
1145 3257 1226 3324 ut
1246 3256 1538 3341 vocant,
1562 3254 1982 3338 renovatur,
2021 3269 2113 3320 ne
2153 3251 2471 3318 annatae
2512 3264 2603 3314 ex
2625 3232 3054 3337 episcopati-

809 3377 950 3450 bus
990 3384 1066 3451 et
1103 3372 1525 3465 beneficiis,
1588 3396 1782 3471 quae
1818 3373 2199 3447 innumera
2238 3376 2406 3444 sunt
2460 3367 2535 3442 in
2575 3363 2861 3454 Gallia,
2902 3361 3048 3435 sive

809 3498 1151 3590 aliunde,
1208 3497 1522 3575 Romam
1579 3493 1737 3572 ulla
1796 3496 2170 3570 deferatur
2223 3491 2572 3590 pecunia,
2644 3495 3049 3588 propterea,

812 3627 1009 3726 quod
1045 3625 1395 3725 pontifici,
1438 3626 1561 3723 qui
1603 3625 1845 3703 hostis
1885 3632 2087 3699 esset
2122 3622 2385 3714 factus,
2415 3619 2615 3695 vires
2654 3625 2877 3714 atque
2911 3611 3052 3689 tela

817 3753 1379 3830 subministrare
1437 3760 2006 3827 consentaneum
2063 3774 2212 3825 non
2252 3755 2455 3824 esset
2475 3744 2766 3821 rationi.
2855 3739 3052 3815 Haec

807 3880 1001 3957 ratio
1041 3886 1160 3955 est
1198 3877 1523 3976 antiqua,
1566 3886 1641 3952 et
1681 3902 1774 3952 ex
1811 3879 1981 3973 lege
2020 3876 2252 3972 regni,
2308 3874 2453 3949 nisi
2492 3871 2784 3970 quando
2803 3871 2879 3944 in
2897 3889 3048 3965 gra·

806 4007 985 4082 tiam
1042 4002 1412 4106 pontificis
1470 4005 1853 4080 remittere
1913 4005 2193 4095 solent,
2253 4011 2327 4078 et
2383 4024 2530 4098 qua
2582 4001 2847 4076 iterum
2902 4017 3049 4071 cum

807 4131 1193 4234 pontifices
1286 4132 1788 4222 insolescunt,
1881 4131 2085 4207 velut
2174 4130 2384 4205 freno
2425 4129 2669 4202 solent
2703 4134 3049 4200 coercere.

808 4259 1088 4352 Ingens
1128 4259 1320 4333 enim
1359 4258 1476 4333 vis
1517 4258 1680 4334 auri
1738 4268 1960 4356 atque
2001 4257 2291 4355 argenti
2322 4255 2634 4331 Romam
2672 4248 3049 4350 quotannis

815 4382 1088 4457 deferri
1127 4405 1219 4457 ex
1259 4406 1345 4459 eo
1386 4407 1622 4482 regno
1663 4384 1983 4458 solebat.
2019 4383 2448 4459 Bellisanus
2488 4379 2741 4456 statim
2780 4381 2935 4476 ejus
2956 4375 3048 4449 le-

808 4507 1134 4604 gationis
1193 4507 1436 4585 officio
1475 4512 1949 4610 perfunctus,
2019 4509 2364 4586 discedit.
2430 4505 2771 4584 Aderant
2825 4510 3048 4582 autem
