<?xml version="1.0" encoding="UTF-8"?>
<!DOCTYPE html PUBLIC "-//W3C//DTD XHTML 1.0 Transitional//EN"
    "http://www.w3.org/TR/xhtml1/DTD/xhtml1-transitional.dtd">
<html xmlns="http://www.w3.org/1999/xhtml" xml:lang="en" lang="en">
 <head>
  <title>
</title>
<meta http-equiv="Content-Type" content="text/html;charset=utf-8" />
  <meta name='ocr-system' content='tesseract 3.04.00' />
  <meta name='ocr-capabilities' content='ocr_page ocr_carea ocr_par ocr_line ocrx_word'/>
</head>
<body>
  <div class='ocr_page' id='page_1' title='image "./magyarhistorija00bpgoog/magyarhistorija00bpgoog_0150.png"; bbox 0 0 3293 5219; ppageno 0'>
   <div class='ocr_carea' id='block_1_1' title="bbox 796 262 896 337">
    <p class='ocr_par' dir='ltr' id='par_1_1' title="bbox 796 262 896 337">
     <span class='ocr_line' id='line_1_1' title="bbox 796 262 896 337; baseline 0 0"><span class='ocrx_word' id='word_1_1' title='bbox 796 262 896 337; x_wconf 84' lang='lat'>42</span> 
     </span>
    </p>
   </div>
   <div class='ocr_carea' id='block_1_2' title="bbox 723 475 3072 4626">
    <p class='ocr_par' dir='ltr' id='par_1_2' title="bbox 748 475 3072 3751">
     <span class='ocr_line' id='line_1_2' title="bbox 790 475 3072 578; baseline -0.003 -21"><span class='ocrx_word' id='word_1_2' title='bbox 790 502 1227 578; x_wconf 85' lang='lat' dir='ltr'>quamquam</span> <span class='ocrx_word' id='word_1_3' title='bbox 1269 478 1511 553; x_wconf 82' lang='lat' dir='ltr'>vivum</span> <span class='ocrx_word' id='word_1_4' title='bbox 1549 475 1950 575; x_wconf 84' lang='lat' dir='ltr'>Solymano</span> <span class='ocrx_word' id='word_1_5' title='bbox 1988 477 2278 553; x_wconf 88' lang='lat' dir='ltr'>mittere</span> <span class='ocrx_word' id='word_1_6' title='bbox 2338 477 2701 576; x_wconf 81' lang='lat' dir='ltr'>cupiebat,</span> <span class='ocrx_word' id='word_1_7' title='bbox 2759 476 2907 551; x_wconf 85' lang='lat' dir='ltr'>sed</span> <span class='ocrx_word' id='word_1_8' title='bbox 2952 477 3072 552; x_wconf 89' lang='lat' dir='ltr'>in·</span> 
     </span>
     <span class='ocr_line' id='line_1_3' title="bbox 788 603 3070 702; baseline -0.001 -21"><span class='ocrx_word' id='word_1_9' title='bbox 788 605 1110 697; x_wconf 87' lang='lat' dir='ltr'>tellect0,</span> <span class='ocrx_word' id='word_1_10' title='bbox 1150 605 1344 702; x_wconf 85' lang='lat' dir='ltr'>quod</span> <span class='ocrx_word' id='word_1_11' title='bbox 1382 603 1758 680; x_wconf 80' lang='lat' dir='ltr'><strong>atrocibus</strong></span> <span class='ocrx_word' id='word_1_12' title='bbox 1814 604 2242 680; x_wconf 83' lang='lat' dir='ltr'>vulneribus</span> <span class='ocrx_word' id='word_1_13' title='bbox 2280 603 2535 679; x_wconf 86' lang='lat' dir='ltr'>vivere</span> <span class='ocrx_word' id='word_1_14' title='bbox 2574 623 2718 678; x_wconf 89' lang='lat' dir='ltr'>non</span> <span class='ocrx_word' id='word_1_15' title='bbox 2753 612 3070 702; x_wconf 83' lang='lat' dir='ltr'>posset,</span> 
     </span>
     <span class='ocr_line' id='line_1_4' title="bbox 784 728 3068 826; baseline -0.001 -19"><span class='ocrx_word' id='word_1_16' title='bbox 784 731 1015 808; x_wconf 86' lang='lat' dir='ltr'><strong>innuit</strong></span> <span class='ocrx_word' id='word_1_17' title='bbox 1052 731 1540 822; x_wconf 86' lang='lat' dir='ltr'>adstantibus,</span> <span class='ocrx_word' id='word_1_18' title='bbox 1563 738 1640 805; x_wconf 90' lang='lat' dir='ltr'>et</span> <span class='ocrx_word' id='word_1_19' title='bbox 1676 730 2069 806; x_wconf 85' lang='lat' dir='ltr'>abductum</span> <span class='ocrx_word' id='word_1_20' title='bbox 2108 729 2357 806; x_wconf 87' lang='lat' dir='ltr'>statim</span> <span class='ocrx_word' id='word_1_21' title='bbox 2397 728 2751 805; x_wconf 87' lang='lat' dir='ltr'>decollari</span> <span class='ocrx_word' id='word_1_22' title='bbox 2781 730 3068 826; x_wconf 83' lang='lat' dir='ltr'>jussit,</span> 
     </span>
     <span class='ocr_line' id='line_1_5' title="bbox 780 856 3065 960; baseline -0.003 -24"><span class='ocrx_word' id='word_1_23' title='bbox 780 859 1004 960; x_wconf 88' lang='lat' dir='ltr'>capiti</span> <span class='ocrx_word' id='word_1_24' title='bbox 1081 860 1350 958; x_wconf 91' lang='lat' dir='ltr'>pellem</span> <span class='ocrx_word' id='word_1_25' title='bbox 1418 857 1848 945; x_wconf 80' lang='lat' dir='ltr'>detractam,</span> <span class='ocrx_word' id='word_1_26' title='bbox 1927 867 2001 932; x_wconf 94' lang='lat' dir='ltr'>et</span> <span class='ocrx_word' id='word_1_27' title='bbox 2075 858 2427 931; x_wconf 81' lang='lat' dir='ltr'>stramine</span> <span class='ocrx_word' id='word_1_28' title='bbox 2481 856 2883 956; x_wconf 82' lang='lat' dir='ltr'>oppletam,</span> <span class='ocrx_word' id='word_1_29' title='bbox 2956 856 3065 930; x_wconf 84' lang='lat' dir='ltr'>ad</span> 
     </span>
     <span class='ocr_line' id='line_1_6' title="bbox 791 983 3065 1085; baseline -0.002 -23"><span class='ocrx_word' id='word_1_30' title='bbox 791 987 1267 1085; x_wconf 84' lang='lat' dir='ltr'>Solymanum</span> <span class='ocrx_word' id='word_1_31' title='bbox 1307 983 1544 1058; x_wconf 88' lang='lat' dir='ltr'>misit:</span> <span class='ocrx_word' id='word_1_32' title='bbox 1623 984 1953 1059; x_wconf 89' lang='lat' dir='ltr'>cranium</span> <span class='ocrx_word' id='word_1_33' title='bbox 2010 983 2275 1058; x_wconf 79' lang='lat' dir='ltr'>hastae</span> <span class='ocrx_word' id='word_1_34' title='bbox 2341 990 2458 1059; x_wconf 90' lang='lat' dir='ltr'>est</span> <span class='ocrx_word' id='word_1_35' title='bbox 2513 983 2819 1057; x_wconf 82' lang='lat' dir='ltr'>affixum</span> <span class='ocrx_word' id='word_1_36' title='bbox 2858 988 3065 1057; x_wconf 80' lang='lat' dir='ltr'>ante</span> 
     </span>
     <span class='ocr_line' id='line_1_7' title="bbox 783 1107 3064 1207; baseline -0.002 -18"><span class='ocrx_word' id='word_1_37' title='bbox 783 1113 1358 1203; x_wconf 89' lang='lat' dir='ltr'>tabernaculum,</span> <span class='ocrx_word' id='word_1_38' title='bbox 1434 1131 1704 1207; x_wconf 88' lang='lat' dir='ltr'>corpus</span> <span class='ocrx_word' id='word_1_39' title='bbox 1779 1116 2021 1185; x_wconf 89' lang='lat' dir='ltr'>autem</span> <span class='ocrx_word' id='word_1_40' title='bbox 2080 1109 2364 1185; x_wconf 87' lang='lat' dir='ltr'>humari</span> <span class='ocrx_word' id='word_1_41' title='bbox 2438 1109 2633 1184; x_wconf 89' lang='lat' dir='ltr'>fecit.</span> <span class='ocrx_word' id='word_1_42' title='bbox 2712 1107 3064 1184; x_wconf 79' lang='lat' dir='ltr'>Urbana</span> 
     </span>
     <span class='ocr_line' id='line_1_8' title="bbox 780 1236 3064 1338; baseline -0.002 -25"><span class='ocrx_word' id='word_1_43' title='bbox 780 1240 999 1338; x_wconf 91' lang='lat' dir='ltr'>plebs</span> <span class='ocrx_word' id='word_1_44' title='bbox 1074 1260 1361 1313; x_wconf 90' lang='lat' dir='ltr'>rursum</span> <span class='ocrx_word' id='word_1_45' title='bbox 1437 1237 1510 1310; x_wconf 91' lang='lat' dir='ltr'>in</span> <span class='ocrx_word' id='word_1_46' title='bbox 1567 1236 1940 1311; x_wconf 88' lang='lat' dir='ltr'>civitatem</span> <span class='ocrx_word' id='word_1_47' title='bbox 2016 1237 2326 1334; x_wconf 89' lang='lat' dir='ltr'>quisque</span> <span class='ocrx_word' id='word_1_48' title='bbox 2399 1237 2558 1312; x_wconf 89' lang='lat' dir='ltr'>suis</span> <span class='ocrx_word' id='word_1_49' title='bbox 2631 1236 3064 1336; x_wconf 86' lang='lat' dir='ltr'>penatibus</span> 
     </span>
     <span class='ocr_line' id='line_1_9' title="bbox 782 1360 3061 1459; baseline -0.001 -20"><span class='ocrx_word' id='word_1_50' title='bbox 782 1365 1211 1441; x_wconf 78' lang='lat' dir='ltr'>restituitur.</span> <span class='ocrx_word' id='word_1_51' title='bbox 1273 1362 1680 1438; x_wconf 85' lang='lat' dir='ltr'>Castaldus</span> <span class='ocrx_word' id='word_1_52' title='bbox 1755 1371 1828 1438; x_wconf 92' lang='lat' dir='ltr'>et</span> <span class='ocrx_word' id='word_1_53' title='bbox 1876 1360 2218 1438; x_wconf 88' lang='lat' dir='ltr'>Andreas</span> <span class='ocrx_word' id='word_1_54' title='bbox 2257 1362 2615 1459; x_wconf 85' lang='lat' dir='ltr'>Bathory,</span> <span class='ocrx_word' id='word_1_55' title='bbox 2655 1388 2701 1437; x_wconf 88' lang='lat' dir='ltr'>a</span> <span class='ocrx_word' id='word_1_56' title='bbox 2757 1361 3061 1458; x_wconf 89' lang='lat' dir='ltr'>quibus</span> 
     </span>
     <span class='ocr_line' id='line_1_10' title="bbox 783 1487 3055 1587; baseline -0.002 -19"><span class='ocrx_word' id='word_1_57' title='bbox 783 1502 858 1568; x_wconf 90' lang='lat' dir='ltr'>et</span> <span class='ocrx_word' id='word_1_58' title='bbox 894 1500 1065 1567; x_wconf 90' lang='lat' dir='ltr'>ante</span> <span class='ocrx_word' id='word_1_59' title='bbox 1105 1498 1181 1567; x_wconf 90' lang='lat' dir='ltr'>et</span> <span class='ocrx_word' id='word_1_60' title='bbox 1214 1490 1287 1565; x_wconf 90' lang='lat' dir='ltr'>in</span> <span class='ocrx_word' id='word_1_61' title='bbox 1326 1490 1713 1566; x_wconf 79' lang='lat' dir='ltr'>obsidione</span> <span class='ocrx_word' id='word_1_62' title='bbox 1771 1490 2122 1566; x_wconf 83' lang='lat' dir='ltr'>auxilium</span> <span class='ocrx_word' id='word_1_63' title='bbox 2160 1487 2549 1587; x_wconf 81' lang='lat' dir='ltr'>flagitavit,</span> <span class='ocrx_word' id='word_1_64' title='bbox 2592 1514 2727 1566; x_wconf 90' lang='lat' dir='ltr'>nec</span> <span class='ocrx_word' id='word_1_65' title='bbox 2764 1490 3055 1581; x_wconf 80' lang='lat' dir='ltr'>milite,</span> 
     </span>
     <span class='ocr_line' id='line_1_11' title="bbox 777 1596 3059 1715; baseline -0.001 -20"><span class='ocrx_word' id='word_1_66' title='bbox 777 1643 913 1695; x_wconf 89' lang='lat' dir='ltr'>nec</span> <span class='ocrx_word' id='word_1_67' title='bbox 988 1619 1293 1715; x_wconf 88' lang='lat' dir='ltr'>pulvere</span> <span class='ocrx_word' id='word_1_68' title='bbox 1332 1596 1856 1694; x_wconf 86' lang='lat' dir='ltr'>bombardario</span> <span class='ocrx_word' id='word_1_69' title='bbox 1931 1615 2226 1715; x_wconf 87' lang='lat' dir='ltr'>quidem</span> <span class='ocrx_word' id='word_1_70' title='bbox 2290 1620 2658 1715; x_wconf 84' lang='lat' dir='ltr'>juverunt.</span> <span class='ocrx_word' id='word_1_71' title='bbox 2736 1614 2802 1690; x_wconf 92' lang='lat' dir='ltr'>A</span> <span class='ocrx_word' id='word_1_72' title='bbox 2887 1616 3059 1693; x_wconf 84' lang='lat' dir='ltr'>Te-</span> 
     </span>
     <span class='ocr_line' id='line_1_12' title="bbox 778 1745 3055 1845; baseline 0 -25"><span class='ocrx_word' id='word_1_73' title='bbox 778 1767 1117 1820; x_wconf 87' lang='lat' dir='ltr'>mesvaro</span> <span class='ocrx_word' id='word_1_74' title='bbox 1158 1745 1414 1841; x_wconf 85' lang='lat' dir='ltr'>Lugas</span> <span class='ocrx_word' id='word_1_75' title='bbox 1454 1753 1528 1822; x_wconf 94' lang='lat' dir='ltr'>et</span> <span class='ocrx_word' id='word_1_76' title='bbox 1566 1746 2083 1839; x_wconf 89' lang='lat' dir='ltr'>Karansebes,</span> <span class='ocrx_word' id='word_1_77' title='bbox 2125 1745 2399 1845; x_wconf 89' lang='lat' dir='ltr'>oppida</span> <span class='ocrx_word' id='word_1_78' title='bbox 2433 1752 2733 1843; x_wconf 89' lang='lat' dir='ltr'>praeter</span> <span class='ocrx_word' id='word_1_79' title='bbox 2769 1767 3055 1820; x_wconf 87' lang='lat' dir='ltr'>muros</span> 
     </span>
     <span class='ocr_line' id='line_1_13' title="bbox 774 1870 3055 1965; baseline 0.004 -26"><span class='ocrx_word' id='word_1_80' title='bbox 774 1878 1107 1947; x_wconf 86' lang='lat' dir='ltr'>vetustos</span> <span class='ocrx_word' id='word_1_81' title='bbox 1179 1870 1453 1946; x_wconf 87' lang='lat' dir='ltr'>nullius</span> <span class='ocrx_word' id='word_1_82' title='bbox 1507 1872 1663 1946; x_wconf 82' lang='lat' dir='ltr'>fere</span> <span class='ocrx_word' id='word_1_83' title='bbox 1721 1872 2161 1965; x_wconf 89' lang='lat' dir='ltr'>munitionis,</span> <span class='ocrx_word' id='word_1_84' title='bbox 2200 1873 2397 1948; x_wconf 89' lang='lat' dir='ltr'>haud</span> <span class='ocrx_word' id='word_1_85' title='bbox 2471 1872 2772 1948; x_wconf 90' lang='lat' dir='ltr'>multum</span> <span class='ocrx_word' id='word_1_86' title='bbox 2851 1873 3055 1948; x_wconf 83' lang='lat' dir='ltr'>abe·</span> 
     </span>
     <span class='ocr_line' id='line_1_14' title="bbox 774 1994 3053 2098; baseline 0.001 -26"><span class='ocrx_word' id='word_1_87' title='bbox 774 2004 959 2072; x_wconf 86' lang='lat' dir='ltr'>rant.</span> <span class='ocrx_word' id='word_1_88' title='bbox 1036 1994 1320 2071; x_wconf 89' lang='lat' dir='ltr'>Eadem</span> <span class='ocrx_word' id='word_1_89' title='bbox 1379 1997 1850 2074; x_wconf 81' lang='lat' dir='ltr'>comitatuum</span> <span class='ocrx_word' id='word_1_90' title='bbox 1909 2022 2196 2098; x_wconf 88' lang='lat' dir='ltr'>quoque</span> <span class='ocrx_word' id='word_1_91' title='bbox 2261 2000 2714 2097; x_wconf 81' lang='lat' dir='ltr'>singulorum</span> <span class='ocrx_word' id='word_1_92' title='bbox 2772 1998 3053 2096; x_wconf 79' lang='lat' dir='ltr'>capita</span> 
     </span>
     <span class='ocr_line' id='line_1_15' title="bbox 779 2118 3048 2225; baseline 0.001 -28"><span class='ocrx_word' id='word_1_93' title='bbox 779 2118 1011 2215; x_wconf 63' lang='lat' dir='ltr'>erant,</span> <span class='ocrx_word' id='word_1_94' title='bbox 1052 2122 1158 2197; x_wconf 92' lang='lat' dir='ltr'>ita</span> <span class='ocrx_word' id='word_1_95' title='bbox 1193 2130 1274 2197; x_wconf 90' lang='lat' dir='ltr'>ut</span> <span class='ocrx_word' id='word_1_96' title='bbox 1310 2146 1405 2198; x_wconf 81' lang='lat' dir='ltr'>ex</span> <span class='ocrx_word' id='word_1_97' title='bbox 1440 2123 1556 2215; x_wconf 91' lang='lat' dir='ltr'>iis,</span> <span class='ocrx_word' id='word_1_98' title='bbox 1614 2148 1776 2203; x_wconf 90' lang='lat' dir='ltr'>cum</span> <span class='ocrx_word' id='word_1_99' title='bbox 1852 2134 2134 2225; x_wconf 88' lang='lat' dir='ltr'>septem</span> <span class='ocrx_word' id='word_1_100' title='bbox 2186 2125 2672 2220; x_wconf 87' lang='lat' dir='ltr'>comitatibus,</span> <span class='ocrx_word' id='word_1_101' title='bbox 2711 2134 2788 2200; x_wconf 89' lang='lat' dir='ltr'>et</span> <span class='ocrx_word' id='word_1_102' title='bbox 2824 2123 3048 2200; x_wconf 80' lang='lat' dir='ltr'>Ras-</span> 
     </span>
     <span class='ocr_line' id='line_1_16' title="bbox 774 2249 3046 2349; baseline 0.002 -26"><span class='ocrx_word' id='word_1_103' title='bbox 774 2249 1012 2325; x_wconf 85' lang='lat' dir='ltr'>cianis</span> <span class='ocrx_word' id='word_1_104' title='bbox 1054 2249 1614 2345; x_wconf 77' lang='lat' dir='ltr'>circumvicinis,</span> <span class='ocrx_word' id='word_1_105' title='bbox 1657 2251 2148 2349; x_wconf 86' lang='lat' dir='ltr'>quadraginta</span> <span class='ocrx_word' id='word_1_106' title='bbox 2196 2253 2427 2329; x_wconf 83' lang='lat' dir='ltr'>millia</span> <span class='ocrx_word' id='word_1_107' title='bbox 2479 2252 2848 2328; x_wconf 89' lang='lat' dir='ltr'>hominum</span> <span class='ocrx_word' id='word_1_108' title='bbox 2891 2253 3046 2327; x_wconf 88' lang='lat' dir='ltr'>mi·</span> 
     </span>
     <span class='ocr_line' id='line_1_17' title="bbox 764 2376 3043 2479; baseline 0.002 -29"><span class='ocrx_word' id='word_1_109' title='bbox 764 2376 1091 2452; x_wconf 85' lang='lat' dir='ltr'>litariter</span> <span class='ocrx_word' id='word_1_110' title='bbox 1129 2376 1651 2454; x_wconf 87' lang='lat' dir='ltr'>instructorum</span> <span class='ocrx_word' id='word_1_111' title='bbox 1728 2379 1981 2473; x_wconf 84' lang='lat' dir='ltr'>egredi</span> <span class='ocrx_word' id='word_1_112' title='bbox 2038 2383 2428 2479; x_wconf 89' lang='lat' dir='ltr'>potuerint.</span> <span class='ocrx_word' id='word_1_113' title='bbox 2503 2379 2608 2455; x_wconf 90' lang='lat' dir='ltr'>Hi</span> <span class='ocrx_word' id='word_1_114' title='bbox 2644 2400 2905 2453; x_wconf 86' lang='lat' dir='ltr'>omnes</span> <span class='ocrx_word' id='word_1_115' title='bbox 2955 2380 3043 2455; x_wconf 89' lang='lat' dir='ltr'>in</span> 
     </span>
     <span class='ocr_line' id='line_1_18' title="bbox 765 2500 3041 2604; baseline 0.001 -27"><span class='ocrx_word' id='word_1_116' title='bbox 765 2500 1358 2601; x_wconf 87' lang='lat' dir='ltr'>expeditionibus</span> <span class='ocrx_word' id='word_1_117' title='bbox 1398 2525 1531 2595; x_wconf 86' lang='lat' dir='ltr'>suo</span> <span class='ocrx_word' id='word_1_118' title='bbox 1572 2512 1812 2580; x_wconf 90' lang='lat' dir='ltr'>sumtu</span> <span class='ocrx_word' id='word_1_119' title='bbox 1870 2506 2184 2582; x_wconf 88' lang='lat' dir='ltr'>militare</span> <span class='ocrx_word' id='word_1_120' title='bbox 2225 2530 2318 2581; x_wconf 83' lang='lat' dir='ltr'>ex</span> <span class='ocrx_word' id='word_1_121' title='bbox 2369 2507 2674 2604; x_wconf 84' lang='lat' dir='ltr'>antiqua</span> <span class='ocrx_word' id='word_1_122' title='bbox 2709 2526 3041 2580; x_wconf 83' lang='lat' dir='ltr'>consve-</span> 
     </span>
     <span class='ocr_line' id='line_1_19' title="bbox 760 2626 3022 2733; baseline 0.004 -34"><span class='ocrx_word' id='word_1_123' title='bbox 760 2626 1010 2704; x_wconf 88' lang='lat' dir='ltr'>tudine</span> <span class='ocrx_word' id='word_1_124' title='bbox 1084 2629 1475 2723; x_wconf 89' lang='lat' dir='ltr'>debebant,</span> <span class='ocrx_word' id='word_1_125' title='bbox 1549 2639 1968 2731; x_wconf 87' lang='lat' dir='ltr'>propterea,</span> <span class='ocrx_word' id='word_1_126' title='bbox 2045 2634 2238 2730; x_wconf 90' lang='lat' dir='ltr'>quod</span> <span class='ocrx_word' id='word_1_127' title='bbox 2315 2643 2388 2710; x_wconf 90' lang='lat' dir='ltr'>et</span> <span class='ocrx_word' id='word_1_128' title='bbox 2439 2634 2582 2733; x_wconf 91' lang='lat' dir='ltr'>ipsi</span> <span class='ocrx_word' id='word_1_129' title='bbox 2659 2657 2704 2707; x_wconf 87' lang='lat' dir='ltr'>a</span> <span class='ocrx_word' id='word_1_130' title='bbox 2774 2636 3022 2709; x_wconf 89' lang='lat' dir='ltr'>vecti-</span> 
     </span>
     <span class='ocr_line' id='line_1_20' title="bbox 762 2754 3032 2861; baseline 0.004 -33"><span class='ocrx_word' id='word_1_131' title='bbox 762 2754 1058 2849; x_wconf 86' lang='lat' dir='ltr'>galibus</span> <span class='ocrx_word' id='word_1_132' title='bbox 1152 2756 1468 2855; x_wconf 90' lang='lat' dir='ltr'>publicis</span> <span class='ocrx_word' id='word_1_133' title='bbox 1554 2766 1775 2856; x_wconf 89' lang='lat' dir='ltr'>atque</span> <span class='ocrx_word' id='word_1_134' title='bbox 1858 2760 2316 2859; x_wconf 85' lang='lat' dir='ltr'>privatorum</span> <span class='ocrx_word' id='word_1_135' title='bbox 2388 2783 3032 2861; x_wconf 88' lang='lat' dir='ltr'>quorumcumque</span> 
     </span>
     <span class='ocr_line' id='line_1_21' title="bbox 759 2879 3029 2981; baseline 0.005 -27"><span class='ocrx_word' id='word_1_136' title='bbox 759 2879 975 2955; x_wconf 90' lang='lat' dir='ltr'>liberi</span> <span class='ocrx_word' id='word_1_137' title='bbox 1052 2890 1125 2957; x_wconf 90' lang='lat' dir='ltr'>et</span> <span class='ocrx_word' id='word_1_138' title='bbox 1199 2884 1466 2962; x_wconf 85' lang='lat' dir='ltr'>exemti</span> <span class='ocrx_word' id='word_1_139' title='bbox 1542 2886 1854 2961; x_wconf 80' lang='lat' dir='ltr'>fuerunt.</span> <span class='ocrx_word' id='word_1_140' title='bbox 1970 2886 2346 2965; x_wconf 88' lang='lat' dir='ltr'>Andream</span> <span class='ocrx_word' id='word_1_141' title='bbox 2421 2890 2859 2981; x_wconf 90' lang='lat' dir='ltr'>Bathorem,</span> <span class='ocrx_word' id='word_1_142' title='bbox 2944 2899 3029 2966; x_wconf 89' lang='lat' dir='ltr'>et</span> 
     </span>
     <span class='ocr_line' id='line_1_22' title="bbox 756 3003 3020 3115; baseline 0.005 -33"><span class='ocrx_word' id='word_1_143' title='bbox 756 3003 1186 3085; x_wconf 86' lang='lat' dir='ltr'>Castaldum</span> <span class='ocrx_word' id='word_1_144' title='bbox 1226 3011 1730 3087; x_wconf 88' lang='lat' dir='ltr'>sollicitabant</span> <span class='ocrx_word' id='word_1_145' title='bbox 1771 3011 1861 3087; x_wconf 91' lang='lat' dir='ltr'>de</span> <span class='ocrx_word' id='word_1_146' title='bbox 1888 3014 2249 3115; x_wconf 88' lang='lat' dir='ltr'>suppetiis</span> <span class='ocrx_word' id='word_1_147' title='bbox 2272 3015 2600 3091; x_wconf 88' lang='lat' dir='ltr'>ferendis</span> <span class='ocrx_word' id='word_1_148' title='bbox 2624 3041 2642 3108; x_wconf 78' lang='lat'>3</span> <span class='ocrx_word' id='word_1_149' title='bbox 2666 3013 2800 3090; x_wconf 91' lang='lat' dir='ltr'>sed</span> <span class='ocrx_word' id='word_1_150' title='bbox 2839 3038 3020 3094; x_wconf 89' lang='lat' dir='ltr'>cum</span> 
     </span>
     <span class='ocr_line' id='line_1_23' title="bbox 754 3134 3017 3243; baseline 0.007 -37"><span class='ocrx_word' id='word_1_151' title='bbox 754 3134 831 3207; x_wconf 89' lang='lat' dir='ltr'>id</span> <span class='ocrx_word' id='word_1_152' title='bbox 902 3136 1272 3234; x_wconf 84' lang='lat' dir='ltr'>praestari</span> <span class='ocrx_word' id='word_1_153' title='bbox 1337 3161 1486 3216; x_wconf 88' lang='lat' dir='ltr'>non</span> <span class='ocrx_word' id='word_1_154' title='bbox 1533 3148 1815 3237; x_wconf 85' lang='lat' dir='ltr'>posset,</span> <span class='ocrx_word' id='word_1_155' title='bbox 1888 3144 2399 3240; x_wconf 87' lang='lat' dir='ltr'>permiserunt,</span> <span class='ocrx_word' id='word_1_156' title='bbox 2457 3145 2562 3220; x_wconf 91' lang='lat' dir='ltr'>uti</span> <span class='ocrx_word' id='word_1_157' title='bbox 2599 3166 2734 3243; x_wconf 90' lang='lat' dir='ltr'>per</span> <span class='ocrx_word' id='word_1_158' title='bbox 2769 3143 3017 3221; x_wconf 88' lang='lat' dir='ltr'>tribu-</span> 
     </span>
     <span class='ocr_line' id='line_1_24' title="bbox 751 3258 3017 3362; baseline 0.008 -29"><span class='ocrx_word' id='word_1_159' title='bbox 751 3258 988 3335; x_wconf 85' lang='lat' dir='ltr'>tarias</span> <span class='ocrx_word' id='word_1_160' title='bbox 1062 3264 1459 3360; x_wconf 85' lang='lat' dir='ltr'>pensiones</span> <span class='ocrx_word' id='word_1_161' title='bbox 1532 3289 1614 3341; x_wconf 90' lang='lat' dir='ltr'>se</span> <span class='ocrx_word' id='word_1_162' title='bbox 1691 3269 1787 3346; x_wconf 90' lang='lat' dir='ltr'>ab</span> <span class='ocrx_word' id='word_1_163' title='bbox 1830 3270 2098 3346; x_wconf 85' lang='lat' dir='ltr'>Turcis</span> <span class='ocrx_word' id='word_1_164' title='bbox 2134 3272 2598 3348; x_wconf 87' lang='lat' dir='ltr'>redimerent.</span> <span class='ocrx_word' id='word_1_165' title='bbox 2673 3270 3017 3362; x_wconf 80' lang='lat' dir='ltr'>Quarum</span> 
     </span>
     <span class='ocr_line' id='line_1_25' title="bbox 752 3386 3014 3498; baseline 0.008 -39"><span class='ocrx_word' id='word_1_166' title='bbox 752 3386 1001 3461; x_wconf 87' lang='lat' dir='ltr'>missis</span> <span class='ocrx_word' id='word_1_167' title='bbox 1058 3388 1152 3462; x_wconf 86' lang='lat' dir='ltr'>ad</span> <span class='ocrx_word' id='word_1_168' title='bbox 1210 3387 1609 3467; x_wconf 88' lang='lat' dir='ltr'>Amhatum</span> <span class='ocrx_word' id='word_1_169' title='bbox 1648 3393 1945 3490; x_wconf 89' lang='lat' dir='ltr'>legatis,</span> <span class='ocrx_word' id='word_1_170' title='bbox 2018 3396 2095 3470; x_wconf 91' lang='lat' dir='ltr'>in</span> <span class='ocrx_word' id='word_1_171' title='bbox 2132 3397 2372 3473; x_wconf 90' lang='lat' dir='ltr'>tribus</span> <span class='ocrx_word' id='word_1_172' title='bbox 2409 3390 3014 3498; x_wconf 42' lang='lat' dir='ltr'>millibusss&#39;num-</span> 
     </span>
     <span class='ocr_line' id='line_1_26' title="bbox 749 3519 3010 3623; baseline 0.008 -36"><span class='ocrx_word' id='word_1_173' title='bbox 749 3536 940 3588; x_wconf 92' lang='lat' dir='ltr'>mum</span> <span class='ocrx_word' id='word_1_174' title='bbox 998 3539 1298 3592; x_wconf 89' lang='lat' dir='ltr'>aureum</span> <span class='ocrx_word' id='word_1_175' title='bbox 1361 3519 1613 3594; x_wconf 89' lang='lat' dir='ltr'>tributi</span> <span class='ocrx_word' id='word_1_176' title='bbox 1671 3522 1961 3597; x_wconf 90' lang='lat' dir='ltr'>nomine</span> <span class='ocrx_word' id='word_1_177' title='bbox 2018 3524 2530 3622; x_wconf 88' lang='lat' dir='ltr'>paciscuntur,</span> <span class='ocrx_word' id='word_1_178' title='bbox 2589 3524 2786 3623; x_wconf 90' lang='lat' dir='ltr'>quod</span> <span class='ocrx_word' id='word_1_179' title='bbox 2823 3522 3010 3604; x_wconf 89' lang='lat' dir='ltr'>Am-</span> 
     </span>
     <span class='ocr_line' id='line_1_27' title="bbox 748 3635 3002 3751; baseline 0.008 -40"><span class='ocrx_word' id='word_1_180' title='bbox 748 3635 922 3713; x_wconf 84' lang='lat' dir='ltr'>hato</span> <span class='ocrx_word' id='word_1_181' title='bbox 964 3647 1137 3714; x_wconf 89' lang='lat' dir='ltr'>tunc</span> <span class='ocrx_word' id='word_1_182' title='bbox 1171 3643 1720 3741; x_wconf 87' lang='lat' dir='ltr'>pependerunt;</span> <span class='ocrx_word' id='word_1_183' title='bbox 1778 3648 1913 3723; x_wconf 93' lang='lat' dir='ltr'>sed</span> <span class='ocrx_word' id='word_1_184' title='bbox 1950 3673 2140 3726; x_wconf 89' lang='lat' dir='ltr'>anno</span> <span class='ocrx_word' id='word_1_185' title='bbox 2190 3659 2364 3749; x_wconf 90' lang='lat' dir='ltr'>post</span> <span class='ocrx_word' id='word_1_186' title='bbox 2399 3653 2677 3751; x_wconf 86' lang='lat' dir='ltr'>elapso,</span> <span class='ocrx_word' id='word_1_187' title='bbox 2716 3675 2848 3728; x_wconf 87' lang='lat' dir='ltr'>eas</span> <span class='ocrx_word' id='word_1_188' title='bbox 2888 3653 3002 3729; x_wconf 80' lang='lat' dir='ltr'>di-</span> 
     </span>
    </p>

    <p class='ocr_par' dir='ltr' id='par_1_3' title="bbox 743 3763 3004 4003">
     <span class='ocr_line' id='line_1_28' title="bbox 748 3763 3004 3865; baseline 0.009 -29"><span class='ocrx_word' id='word_1_189' title='bbox 748 3764 993 3841; x_wconf 86' lang='lat' dir='ltr'>tiones</span> <span class='ocrx_word' id='word_1_190' title='bbox 1033 3763 1481 3865; x_wconf 81' lang='lat' dir='ltr'>Solymanus</span> <span class='ocrx_word' id='word_1_191' title='bbox 1540 3769 1764 3847; x_wconf 88' lang='lat' dir='ltr'>Petro</span> <span class='ocrx_word' id='word_1_192' title='bbox 1812 3772 2221 3852; x_wconf 87' lang='lat' dir='ltr'>Petrovitio</span> <span class='ocrx_word' id='word_1_193' title='bbox 2279 3784 2355 3852; x_wconf 91' lang='lat' dir='ltr'>et</span> <span class='ocrx_word' id='word_1_194' title='bbox 2408 3779 2463 3855; x_wconf 86' lang='lat' dir='ltr'><strong>J</strong></span> <span class='ocrx_word' id='word_1_195' title='bbox 2466 3778 2686 3854; x_wconf 88' lang='lat' dir='ltr'>oanni</span> <span class='ocrx_word' id='word_1_196' title='bbox 2724 3775 3004 3856; x_wconf 87' lang='lat' dir='ltr'>Secun-</span> 
     </span>
     <span class='ocr_line' id='line_1_29' title="bbox 743 3890 3000 4003; baseline 0.009 -39"><span class='ocrx_word' id='word_1_197' title='bbox 743 3890 857 3986; x_wconf 88' lang='lat' dir='ltr'>do,</span> <span class='ocrx_word' id='word_1_198' title='bbox 894 3899 975 3967; x_wconf 91' lang='lat' dir='ltr'>ut</span> <span class='ocrx_word' id='word_1_199' title='bbox 1010 3891 1209 3968; x_wconf 76' lang='lat' dir='ltr'>infra</span> <span class='ocrx_word' id='word_1_200' title='bbox 1249 3893 1551 3990; x_wconf 91' lang='lat' dir='ltr'>dicetur,</span> <span class='ocrx_word' id='word_1_201' title='bbox 1625 3901 1952 3988; x_wconf 82' lang='lat' dir='ltr'>restituit</span> <span class='ocrx_word' id='word_1_202' title='bbox 1990 3911 2213 4003; x_wconf 89' lang='lat' dir='ltr'>atque</span> <span class='ocrx_word' id='word_1_203' title='bbox 2290 3904 2613 3983; x_wconf 86' lang='lat' dir='ltr'>donavit.</span> <span class='ocrx_word' id='word_1_204' title='bbox 2652 3910 2744 3984; x_wconf 90' lang='lat' dir='ltr'>In</span> <span class='ocrx_word' id='word_1_205' title='bbox 2781 3914 3000 3984; x_wconf 86' lang='lat' dir='ltr'>tanta</span> 
     </span>
    </p>

    <p class='ocr_par' dir='ltr' id='par_1_4' title="bbox 741 4019 2997 4136">
     <span class='ocr_line' id='line_1_30' title="bbox 741 4019 2997 4136; baseline 0.011 -47"><span class='ocrx_word' id='word_1_206' title='bbox 741 4040 919 4093; x_wconf 86' lang='lat' dir='ltr'>vero</span> <span class='ocrx_word' id='word_1_207' title='bbox 996 4019 1208 4096; x_wconf 88' lang='lat' dir='ltr'>clade</span> <span class='ocrx_word' id='word_1_208' title='bbox 1266 4029 1339 4097; x_wconf 89' lang='lat' dir='ltr'>et</span> <span class='ocrx_word' id='word_1_209' title='bbox 1372 4024 1574 4100; x_wconf 92' lang='lat' dir='ltr'>luctu</span> <span class='ocrx_word' id='word_1_210' title='bbox 1630 4027 1947 4106; x_wconf 86' lang='lat' dir='ltr'>omnium</span> <span class='ocrx_word' id='word_1_211' title='bbox 2024 4027 2426 4108; x_wconf 80' lang='lat' dir='ltr'>Castaldus</span> <span class='ocrx_word' id='word_1_212' title='bbox 2501 4042 2575 4108; x_wconf 95' lang='lat' dir='ltr'>et</span> <span class='ocrx_word' id='word_1_213' title='bbox 2650 4035 2997 4136; x_wconf 81' lang='lat' dir='ltr'>Bathory</span> 
     </span>
    </p>

    <p class='ocr_par' dir='ltr' id='par_1_5' title="bbox 734 4143 2993 4254">
     <span class='ocr_line' id='line_1_31' title="bbox 734 4143 2993 4254; baseline 0.01 -37"><span class='ocrx_word' id='word_1_214' title='bbox 734 4143 1031 4238; x_wconf 89' lang='lat' dir='ltr'>nullum,</span> <span class='ocrx_word' id='word_1_215' title='bbox 1070 4169 1207 4222; x_wconf 89' lang='lat' dir='ltr'>nec</span> <span class='ocrx_word' id='word_1_216' title='bbox 1243 4147 1508 4242; x_wconf 88' lang='lat' dir='ltr'>animo,</span> <span class='ocrx_word' id='word_1_217' title='bbox 1547 4175 1684 4227; x_wconf 87' lang='lat' dir='ltr'>nec</span> <span class='ocrx_word' id='word_1_218' title='bbox 1720 4154 1942 4248; x_wconf 86' lang='lat' dir='ltr'>facto,</span> <span class='ocrx_word' id='word_1_219' title='bbox 1981 4159 2328 4254; x_wconf 82' lang='lat' dir='ltr'>generosi</span> <span class='ocrx_word' id='word_1_220' title='bbox 2366 4161 2587 4237; x_wconf 88' lang='lat' dir='ltr'>animi</span> <span class='ocrx_word' id='word_1_221' title='bbox 2643 4160 2993 4240; x_wconf 85' lang='lat' dir='ltr'>indicium</span> 
     </span>
    </p>

    <p class='ocr_par' dir='ltr' id='par_1_6' title="bbox 733 4268 2992 4388">
     <span class='ocr_line' id='line_1_32' title="bbox 733 4268 2992 4388; baseline 0.011 -46"><span class='ocrx_word' id='word_1_222' title='bbox 733 4268 1050 4346; x_wconf 88' lang='lat' dir='ltr'>edidere.</span> <span class='ocrx_word' id='word_1_223' title='bbox 1123 4272 1177 4349; x_wconf 86' lang='lat' dir='ltr'>J</span> <span class='ocrx_word' id='word_1_224' title='bbox 1179 4296 1296 4349; x_wconf 89' lang='lat' dir='ltr'>am</span> <span class='ocrx_word' id='word_1_225' title='bbox 1372 4273 1781 4377; x_wconf 82' lang='lat' dir='ltr'>Georgium</span> <span class='ocrx_word' id='word_1_226' title='bbox 1853 4283 1971 4358; x_wconf 84' lang='lat' dir='ltr'>his</span> <span class='ocrx_word' id='word_1_227' title='bbox 2048 4284 2358 4361; x_wconf 90' lang='lat' dir='ltr'>ducibus</span> <span class='ocrx_word' id='word_1_228' title='bbox 2415 4290 2992 4388; x_wconf 77' lang='lat' dir='ltr'>comparabant3</span> 
     </span>
    </p>

    <p class='ocr_par' dir='ltr' id='par_1_7' title="bbox 728 4396 2984 4504">
     <span class='ocr_line' id='line_1_33' title="bbox 728 4396 2984 4504; baseline 0.012 -35"><span class='ocrx_word' id='word_1_229' title='bbox 728 4396 987 4473; x_wconf 90' lang='lat' dir='ltr'>eadem</span> <span class='ocrx_word' id='word_1_230' title='bbox 1025 4409 1237 4476; x_wconf 85' lang='lat' dir='ltr'>erant</span> <span class='ocrx_word' id='word_1_231' title='bbox 1274 4425 1529 4500; x_wconf 83' lang='lat' dir='ltr'>regna,</span> <span class='ocrx_word' id='word_1_232' title='bbox 1583 4406 1805 4484; x_wconf 91' lang='lat' dir='ltr'>iidem</span> <span class='ocrx_word' id='word_1_233' title='bbox 1880 4410 2040 4504; x_wconf 84' lang='lat' dir='ltr'>viri,</span> <span class='ocrx_word' id='word_1_234' title='bbox 2081 4420 2161 4488; x_wconf 86' lang='lat' dir='ltr'>at</span> <span class='ocrx_word' id='word_1_235' title='bbox 2197 4412 2343 4490; x_wconf 83' lang='lat' dir='ltr'>dux</span> <span class='ocrx_word' id='word_1_236' title='bbox 2385 4414 2659 4491; x_wconf 89' lang='lat' dir='ltr'>deerat.</span> <span class='ocrx_word' id='word_1_237' title='bbox 2741 4414 2984 4495; x_wconf 82' lang='lat' dir='ltr'>Geor-</span> 
     </span>
    </p>

    <p class='ocr_par' dir='ltr' id='par_1_8' title="bbox 723 4519 2976 4626">
     <span class='ocr_line' id='line_1_34' title="bbox 723 4519 2976 4626; baseline 0.012 -29"><span class='ocrx_word' id='word_1_238' title='bbox 723 4519 922 4619; x_wconf 80' lang='lat' dir='ltr'>gium</span> <span class='ocrx_word' id='word_1_239' title='bbox 995 4544 1247 4602; x_wconf 89' lang='lat' dir='ltr'>omnes</span> <span class='ocrx_word' id='word_1_240' title='bbox 1323 4529 1780 4626; x_wconf 84' lang='lat' dir='ltr'>clamabant,</span> <span class='ocrx_word' id='word_1_241' title='bbox 1856 4545 1929 4611; x_wconf 88' lang='lat' dir='ltr'>et</span> <span class='ocrx_word' id='word_1_242' title='bbox 1983 4537 2242 4615; x_wconf 88' lang='lat' dir='ltr'>insano</span> <span class='ocrx_word' id='word_1_243' title='bbox 2317 4541 2515 4620; x_wconf 87' lang='lat' dir='ltr'>luctu</span> <span class='ocrx_word' id='word_1_244' title='bbox 2553 4545 2648 4619; x_wconf 91' lang='lat' dir='ltr'>ab</span> <span class='ocrx_word' id='word_1_245' title='bbox 2709 4543 2976 4624; x_wconf 85' lang='lat' dir='ltr'>inferis</span> 
     </span>
    </p>
   </div>
  </div>
 </body>
</html>
