3293 5219
758 290 915 366 112

759 528 845 580 se
908 503 1268 579 daturum.
1328 501 1611 578 Milites
1673 527 1872 602 ergo¹
1920 503 2248 579 destituti
2279 511 2353 579 et
2390 506 2726 602 pecunia,
2766 510 2841 578 et
2876 503 3008 580 ali-

754 631 1039 721 mentis,
1079 651 1330 705 omnes
1388 630 1607 706 simul
1662 631 1993 706 militiam
2051 631 2488 722 deseruere,
2528 629 2660 705 alii
2715 629 3001 706 domum

753 759 1134 850 abeuntes,
1176 758 1306 832 alii
1345 757 1442 831 ad
1498 780 1622 833 res
1676 781 1914 834 novas
1970 757 2285 833 animum
2338 756 2798 854 adjicientes.
2856 753 3005 831 Sed

749 885 830 959 ut
864 883 1248 982 imperium
1305 879 1846 960 Germanorum
1884 907 2019 982 per
2053 883 2282 960 hosce
2320 905 2559 959 annos
2596 882 2857 980 paucis
2896 906 3008 958 re-

752 1031 1207 1103 censeamus,
1296 1009 1609 1085 historia
1701 1009 2031 1107 requirit.
2104 1009 2448 1084 Diximus
2538 1008 3005 1106 quemadmo-

758 1137 926 1211 dum
964 1133 1309 1210 Andreas
1368 1135 1709 1232 Bathory
1748 1141 1824 1209 et
1867 1132 2272 1211 Castaldus
2297 1134 2544 1210 officio
2583 1132 3011 1209 valedixere

755 1271 830 1339 et
883 1262 991 1338 uti
1029 1260 1547 1338 Ferdinandus
1607 1261 1996 1337 Dobonem
2035 1269 2110 1336 et
2147 1261 2523 1337 Kendium
2560 1260 3008 1359 praefectos,

756 1397 831 1463 et
858 1388 1169 1466 Paulum
1204 1388 1765 1464 Bornemiszam
1789 1389 2218 1486 episcopum
2256 1388 2560 1463 creavit.
2586 1386 2734 1479 Qui
2757 1403 3011 1463 omnes

751 1515 1178 1612 provinciae
1252 1515 1793 1614 pulcherrimae
1902 1539 1992 1590 ac
2083 1514 2713 1613 locupletissimae
2802 1521 3007 1613 pote-

752 1645 1019 1715 statem
1040 1640 1310 1739 adepti,
1334 1664 1480 1716 non
1518 1648 1824 1731 tutores,
1848 1641 1980 1715 sed
2018 1649 2360 1738 raptores
2401 1663 2572 1716 sese
2620 1640 3003 1716 existima·

751 1772 1050 1858 verunt3
1087 1766 1391 1840 militem
1408 1767 1691 1864 passim
1729 1767 1804 1840 in
1823 1767 2023 1841 villis
2046 1767 2412 1861 vagando,
2435 1766 2663 1859 nuuc,
2704 1766 2993 1859 ordine,

751 1890 955 1964 nulla
1012 1890 1407 1988 disciplina
1482 1894 1820 1988 alebant3
1900 1893 2250 1967 alimenta
2309 1893 2548 1989 gratis
2607 1915 2797 1988 quae
2854 1915 2998 1966 non

752 2016 1138 2107 dabantur,
1233 2017 1717 2116 accipiebant.
1819 2018 2070 2094 Tanta
2166 2026 2330 2093 erat
2429 2017 2772 2092 militaris
2850 2039 3006 2091 cor-

749 2143 1073 2238 ruptela,
1131 2149 1210 2216 ut
1271 2140 1524 2235 miles,
1585 2144 1709 2239 qui
1776 2143 2027 2218 calceo
2085 2144 2497 2239 indigeret,
2558 2143 3004 2218 calcearium

746 2265 1115 2364 hospitem
1156 2272 1569 2362 quaereret,
1632 2267 1756 2362 qui
1817 2268 1962 2340 sibi
2018 2291 2108 2341 ac
2146 2268 2384 2341 servis
2418 2266 2715 2341 calceos
2755 2267 2998 2363 gratis

752 2392 1007 2484 daret3
1050 2391 1174 2487 qui
1231 2390 1518 2481 tunica,
1597 2392 1970 2488 hospitem
2027 2400 2388 2466 sartorem
2444 2393 2811 2490 deligeret
2869 2416 3006 2469 suo

750 2517 1136 2609 arbitratu,
1172 2541 1218 2590 a
1258 2539 1401 2614 quo
1441 2518 1883 2592 vestimenta
1939 2518 2299 2614 exigeret,
2342 2524 2417 2591 et
2455 2519 2679 2593 rebus
2719 2518 2794 2591 in
2835 2517 3006 2592 aliis

753 2643 1091 2717 omnibus
1131 2643 1280 2717 ista
1321 2652 1483 2717 erat
1503 2646 1699 2717 ratio
1720 2644 2083 2719 militaris.
2147 2642 2225 2718 Si
2251 2644 2540 2739 quidex
2570 2667 2811 2742 regno
2851 2644 3016 2719 auri

760 2766 883 2842 vel
908 2768 1219 2865 argenti,
1244 2769 1438 2866 quod
1479 2792 1570 2842 ex
1592 2770 1872 2845 tributo
1913 2778 2040 2844 aut
2070 2768 2459 2865 multiplici
2497 2769 2797 2844 metallo
2840 2790 3010 2867 pro-

756 2894 1064 2982 veniret,
1126 2895 1316 2969 inter
1373 2918 1543 2970 sese
1580 2896 2129 2993 partiebantur,
2187 2917 2426 2991 neque
2485 2901 2728 2968 tamen
2769 2894 3007 2987 unius,

749 3020 962 3114 regni
1037 3042 1219 3118 opes
1292 3021 1800 3119 amplissimae
1876 3022 2391 3120 suppetebant.
2459 3017 2542 3095 Si
2599 3019 2999 3117 aliquando

760 3144 1274 3221 Ferdinandus
1314 3148 1686 3244 stipendia
1725 3148 2071 3239 misisset,
2110 3147 2236 3219 vix
2271 3169 2491 3221 unum
2528 3145 2649 3218 vel
2688 3145 3004 3220 alterum

750 3270 962 3345 militi
1000 3276 1700 3368 repraesentabaut3
1757 3274 1865 3347 ita
1924 3272 2138 3369 quasi
2194 3271 2289 3344 ad
2347 3270 2814 3368 spoliandum
2853 3293 3001 3347 non

754 3396 848 3471 ad
919 3399 1498 3475 conservandum
1556 3423 1864 3496 regnum
1937 3398 2184 3489 missi,
2264 3398 2360 3471 ad
2433 3397 3001 3492 congregandas

754 3545 1037 3598 summa
1076 3525 1458 3599 celeritate
1515 3549 1698 3625 opes
1756 3523 2354 3615 consentiebant3
2416 3545 2605 3619 quae
2653 3546 2801 3596 una
2841 3532 3003 3598 erat

751 3648 941 3724 inter
1018 3650 1209 3724 alias
1265 3674 1532 3746 causa,
1642 3659 1721 3727 ut
1777 3650 2106 3726 universi
2182 3672 2317 3725 ceu
2409 3647 2708 3722 crudele
2773 3648 3001 3747 impe·

750 3774 937 3848 rium
973 3777 1224 3873 perosi
1263 3787 1712 3854 excuterent.
1769 3778 1990 3853 Dobo
2050 3801 2231 3872 ergo
2290 3775 2647 3851 militibus
2688 3775 2999 3851 destitu-

748 3906 867 3975 tus
907 3923 1070 3974 cum
1125 3905 1405 4000 paucis,
1445 3914 1518 3981 et
1573 3907 1670 3981 iis
1725 3906 1885 3980 fere
1943 3901 2378 4002 propinquis
2437 3902 2614 3993 suis,
2659 3897 3001 3997 Georgio

700 4008 705 4019 ’
749 4023 1114 4124 Bochkay
1173 4037 1245 4104 et
1306 4029 1541 4107 Paulo
1616 4031 1963 4126 Forgach
2048 4028 2414 4126 Ujvarum
2492 4048 2733 4100 arcem
2790 4035 2998 4103 tuen-

753 4151 920 4226 dam
976 4153 1121 4229 sibi
1179 4163 1386 4232 ratus
1466 4163 1618 4248 est,
1715 4181 1862 4232 non
1936 4156 2193 4253 copias
2252 4153 2765 4245 conscribere,
2839 4176 2991 4227 non

747 4301 1054 4374 regnum
1093 4305 1373 4372 curare,
1412 4303 1555 4356 non
1592 4281 1673 4356 iu
1711 4305 2042 4379 campum
2081 4280 2422 4379 prodire3
2463 4279 2596 4353 sed
2616 4286 2995 4377 tamquam

751 4404 1021 4501 aliquis
1095 4428 1186 4480 ex
1242 4429 1477 4506 grege
1534 4409 1841 4485 militum
1880 4417 1954 4483 et
1990 4430 2133 4481 non
2169 4407 2592 4507 praefectus
2630 4405 2845 4481 unius
2887 4427 3002 4479 re·

752 4530 918 4625 gni,
989 4529 1205 4629 parvi
1286 4536 1625 4611 momenti
1701 4534 2109 4627 castellum,
2170 4556 2258 4608 ac
2311 4532 2716 4631 pecuniam,
2773 4551 2998 4629 quam
