3293 5219
2412 364 2571 444 343

315 579 497 653 litos
535 579 849 676 principi
906 576 1292 676 assistere)
1334 581 1511 656 belli
1552 592 1625 656 et
1662 582 2121 657 turbidorum
2182 582 2574 681 inexperti,

316 731 407 782 ac
481 715 632 783 tum
687 709 992 783 invitam
1049 709 1383 785 militiam
1457 719 1792 806 agentes,
1870 735 2057 808 pace
2113 735 2255 786 non
2310 713 2573 811 inepti;

316 832 798 932 Perztenzky
847 835 1022 909 luxu
1121 834 1421 909 libidine
1498 860 1584 909 ac
1662 837 2132 936 prodigentia
2206 839 2302 912 ad
2342 845 2577 913 extre·

313 985 511 1037 mum
552 962 917 1048 redactus,
961 970 1034 1035 et
1073 963 1329 1037 fratris
1369 963 1572 1037 obitu
1611 965 2065 1055 sublevatus,
2103 987 2238 1063 per
2275 967 2575 1042 easdem

318 1101 545 1181 artes,
589 1112 679 1163 ea
722 1095 1163 1186 tempestate
1200 1090 1550 1186 potiores,
1574 1090 2022 1164 cancellario
2062 1088 2444 1167 bohemico
2485 1094 2575 1168 de

325 1217 550 1293 Nova
586 1214 850 1302 Domo,
891 1213 1114 1313 paulo
1156 1225 1343 1306 ante,
1385 1225 1463 1291 ut
1494 1217 1828 1305 diximus,
1880 1225 2162 1293 mortuo
2203 1220 2575 1299 suffectus.

296 1340 785 1420 ,Marescaleo
915 1342 1338 1422 Moraviae.
1459 1343 2001 1440 Raifenbergo,
2133 1341 2579 1426 Sebastiano

332 1468 623 1545 Senaeh
716 1468 1087 1565 ingenium
1180 1469 1559 1567 virtusque
1635 1470 1928 1545 minime
1999 1472 2196 1547 infra
2243 1478 2578 1571 gregari-

330 1620 470 1686 um,
513 1617 653 1670 nec
703 1593 987 1692 indigni
1023 1594 1165 1669 hoc
1202 1595 1424 1671 bello.
1485 1595 1588 1669 At
1628 1592 2003 1691 Georgius
2046 1597 2327 1673 Taiffel
2363 1609 2577 1678 vetus

335 1730 740 1822 quaestura
797 1740 885 1794 ac
959 1728 1243 1811 aetate,
1340 1722 1536 1796 bello
1618 1744 1886 1816 novus,
1964 1722 2255 1799 consilii
2331 1726 2582 1802 bellici

320 1848 743 1945 praesidem
792 1848 1083 1944 agebat.
1147 1847 1503 1922 Nicolaus
1564 1871 1809 1922 comes
1870 1875 1914 1924 a
1954 1845 2224 1924 Salmis
2264 1875 2497 1950 nuper
2537 1879 2578 1928 e

320 1975 588 2052 studiis
625 1973 997 2072 patavinis
1035 1995 1409 2063 reversus,
1434 1973 1885 2049 consiliariis
1944 1973 2235 2051 bellicis
2275 1977 2583 2055 ascitus.

322 2128 414 2179 ex
501 2102 712 2201 queis
805 2099 1240 2198 Ausperger
1333 2101 1528 2200 apud
1620 2097 1972 2176 Carolum
2049 2102 2139 2176 V.
2204 2103 2576 2201 stipendia

322 2226 857 2320 meruit,·nulla
912 2227 1219 2302 militiae
1276 2229 1586 2303 notabili
1637 2228 2016 2324 dignitate.
2077 2228 2196 2303 Ex
2237 2227 2582 2327 Ungaris

319 2359 529 2432 fuere
572 2384 588 2427 ε
630 2354 988 2429 Nicolaus
1028 2354 1322 2430 natione
1383 2356 1758 2448 valaehus,
1802 2363 2208 2431 ceterorum
2287 2356 2454 2433 odio
2497 2383 2586 2432 ae

323 2484 488 2561 sola
564 2480 1016 2556 obscuritate
1075 2477 1791 2579 archiepiscopatum
1831 2480 2169 2579 adeptus,
2210 2479 2579 2562 Antonius

327 2612 749 2690 Veraneius
845 2609 1243 2709 episcopus
1335 2612 1726 2707 agriensis,
1806 2607 2085 2686 Paulus
2142 2611 2588 2688 Bornemiza

325 2737 1020 2817 transsilvaniensis
1114 2762 1201 2814 ac
1314 2739 1695 2815 nitriensis
1790 2739 2263 2838 episcopatus
2359 2740 2583 2816 admi·
2653 2812 2658 2817 .

312 2868 700 2956 nistrator,
742 2863 1192 2939 Franciscus
1252 2865 1604 2963 Forgach
1655 2866 2196 2960 varadinensis3
2238 2865 2583 2942 Andreas

315 2994 694 3070 Batoreus
778 2991 1233 3067 discesserat
1308 2995 1400 3067 ob
1469 2994 2026 3089 aegritudinem,
2125 2993 2576 3069 Franciscus

314 3121 542 3219 Tahy
600 3117 958 3215 magister
1015 3140 1447 3213 agazonum‚
1530 3114 1952 3215 Stephanus
2012 3118 2282 3216 Banffy
2341 3121 2569 3216 magi-

315 3256 470 3323 ster
601 3245 1136 3345 dapiferorum,
1247 3244 1648 3320 Ladislaus
1758 3245 2027 3343 Banffy
2129 3245 2585 3342 janitorum,

319 3373 642 3449 Eochius
740 3393 984 3446 eomes
1077 3396 1123 3444 a
1179 3368 1472 3462 Salmis,
1587 3394 1677 3444 ac
1754 3392 1999 3445 comes
2094 3371 2579 3467 posoniensis

326 3495 747 3598 Stephanus
842 3498 1058 3573 Dobo
1154 3498 1325 3572 olim
1394 3496 2041 3589 =Transsilvaniae
2129 3496 2580 3595 praefectus,

322 3626 704 3702 Johannes
762 3623 996 3698 Peteo
1035 3624 1392 3721 magister
1432 3625 2066 3715 cubiculariorum,
2128 3647 2216 3697 ac
2254 3622 2577 3727 nazada·

322 3777 483 3828 rum
520 3753 967 3850 praefectus,
1024 3751 1345 3826 Micha'e'l
1384 3753 1645 3849 Merey
1704 3754 2203 3826 locumtenens
2261 3773 2421 3824 cum
2459 3774 2584 3848 po-

319 3886 591 3954 testate
648 3877 1073 3975 palatinali,
1148 3878 1262 3952 vir
1337 3878 1563 3975 prisci
1640 3877 1865 3952 moris
1978 3876 2438 3972 virtutisque,
2514 3882 2587 3951 et

316 4006 462 4081 alio
518 4004 875 4102 principe,
952 4002 1099 4079 alio
1177 4013 1506 4101 tempore
1567 4004 1853 4100 dignus,
1935 4002 2257 4077 Primum
2321 4024 2583 4078 caesar

322 4133 681 4231 scriptum
703 4130 1199 4228 Ungarorum,
1239 4139 1320 4207 ut
1359 4131 1693 4223 diximus,
1717 4132 2009 4206 recitari
2022 4132 2279 4228 jubet;
2320 4130 2587 4204 deinde

320 4258 763 4336 sententiam
806 4258 1206 4333 Ferrariae
1248 4257 1453 4332 ducis
1512 4283 1557 4331 a
1597 4280 1678 4330 se
1738 4258 2203 4354 exploratam
2265 4255 2571 4351 profert.

321 4382 853 4461 Consideranti
895 4384 1228 4458 nimirum
1270 4385 1433 4473 sibi,
1476 4383 1596 4479 qui
1639 4382 2020 4471 abiissent,
2063 4390 2135 4455 et
2174 4382 2298 4478 qui
2353 4382 2428 4454 in
2468 4404 2584 4455 ca·

324 4512 507 4587 stris
569 4517 855 4589 essent,
906 4533 1422 4607 numerumque
1501 4507 1958 4583 morientium
2033 4516 2182 4581 tam
2258 4505 2583 4587 militum,

327 4661 553 4735 quam
595 4662 968 4736 equorum,
1034 4638 1347 4735 amplius
1404 4639 1477 4710 in
1518 4634 1785 4710 castris
1858 4654 2347 4732 perseverare
2387 4633 2586 4729 peri-
