3293 5219
2356 365 2500 447 141

286 596 348 669 vi
381 598 601 696 ripam
640 594 1050 669 obversari.
1103 591 1461 690 Princeps
1502 614 1587 665 eo
1628 591 1878 666 audito
1918 601 2168 663 castra
2206 591 2501 687 profun-

281 724 362 798 da
393 725 591 797 fossa
645 720 964 817 undique
1023 692 1512 808 communivit,
1551 717 1928 812 militeque
2007 714 2352 790 universo
2412 740 2503 790 ex

278 850 517 924 castris
567 848 867 938 educto,
916 845 1367 942 aciebusque
1425 841 2045 940 explorandarnm
2122 840 2499 916 universa-

272 1000 409 1052 rum
444 976 814 1075 copiarum
853 996 1147 1049 suarum
1204 994 1431 1046 causa
1487 967 1867 1059 ordinatis,
1943 964 2303 1065 postridie
2362 988 2495 1064 per

273 1101 605 1177 tubicines
643 1102 820 1177 totis
859 1098 1126 1175 castris
1166 1095 1577 1184 denunciat,
1617 1115 1762 1192 quo
1822 1091 2133 1190 quisque
2188 1100 2496 1189 paratus

274 1232 372 1322 sit,
407 1253 485 1305 se
523 1229 714 1306 enim
754 1252 911 1304 cum
950 1228 1167 1302 hoste
1206 1248 1528 1324 pugnam
1568 1220 2003 1297 habiturum.

460 1358 764 1434 Interim
824 1356 1324 1453 beglerbegus
1395 1374 1683 1450 quoque
1740 1350 2185 1424 transmisso
2234 1350 2491 1425 Dravo

276 1508 411 1558 cum
484 1487 717 1561 bassa
789 1484 1099 1560 budensi
1159 1479 1670 1578 congreditur,
1765 1477 2140 1575 militeque
2195 1478 2491 1554 biduum

273 1611 549 1703 refecto,
588 1620 661 1686 et
698 1611 1007 1685 consilio
1039 1611 1128 1685 de
1167 1609 1454 1685 ratione
1485 1603 1953 1688 continuandi
1993 1605 2174 1684 belli
2217 1602 2488 1688 habito,

268 1736 353 1811 ad
384 1737 724 1836 oppidum
763 1735 1076 1811 Patham
1114 1746 1569 1834 promovent,
1627 1738 1872 1834 magis
1908 1746 1988 1812 ut
2022 1735 2490 1835 propinquio-

270 1887 342 1938 re
391 1886 713 1939 accessu‘
750 1871 1039 1956 metum,
1101 1872 1226 1939 aut
1281 1864 1348 1937 si
1402 1864 1562 1938 ficri
1603 1873 1882 1963 posset,
1922 1867 2172 1961 fugam
2210 1862 2484 1937 nostris

264 1988 648 2085 injicerent,
690 2012 906 2086 quam
949 1990 1143 2086 quod
1184 1991 1607 2066 decertandi
1649 2015 1807 2066 cum
1846 1990 2180 2089 principe
2217 2011 2484 2089 propo-

269 2115 467 2203 situm
506 2116 933 2210 habuerint,
992 2141 1282 2193 rumore
1320 2119 1657 2217 populari
1695 2142 2069 2194 numerum
2109 2118 2482 2216 copiarum

282 2240 721 2316 Ferdinandi
760 2244 983 2340 triplo
1024 2251 1098 2318 et
1136 2246 1329 2320 ultra
1367 2245 2048 2342 amplificante3nec
2083 2243 2352 2319 fefellit
2388 2266 2512 2318 no-

281 2374 467 2443 stros
522 2370 787 2468 opinio;
845 2371 1062 2446 novis
1119 2372 1389 2470 quippe
1443 2373 1520 2446 in
1579 2372 1739 2448 dies
1795 2372 2134 2473 profugis
2174 2371 2504 2466 adeoque

280 2499 857 2595 speculatoribus
896 2499 1383 2593 venientibus,
1407 2501 1822 2576 ‘immensae
1860 2501 2060 2575 vires
2097 2498 2509 2574 Turcarum

279 2647 435 2701 esse
512 2625 1034 2723 vulgabantur,
1110 2627 1185 2700 in
1261 2635 1686 2725 tantumque
1762 2628 2256 2704 voluntarium
2294 2649 2511 2725 prae·
2583 2728 2584 2733 Ἰ

274 2755 517 2828 sertim
573 2753 929 2851 principis
982 2753 1308 2841 militem,
1367 2753 1491 2850 qui
1545 2777 1700 2829 rem
1737 2755 2084 2830 bellicam
2122 2760 2342 2829 antea
2381 2749 2507 2823 mi-

276 2902 402 2954 nus
441 2880 926 2978 perpendens,
968 2880 1295 2976 regionis
1330 2881 1574 2979 potius
1612 2881 2203 2979 perlustrandae,
2242 2876 2507 2979 princi-

273 3007 548 3104 pisque,
569 3007 682 3082 cui
704 3007 1038 3082 addictus
1061 3015 1241 3101 erat,
1272 3008 1787 3105 prosequendi,
1812 3033 2029 3107 quam
2047 3008 2227 3083 belli
2245 3028 2474 3102 geren
2495 3052 2498 3054 -

276 3132 341 3206 di
375 3133 640 3225 studio,
698 3134 909 3211 domo
964 3133 1349 3233 splendide
1388 3135 1627 3232 magis
1668 3156 1885 3233 quam
1926 3144 2222 3212 strenue
2260 3134 2501 3233 profe-

275 3268 423 3336 ctus
462 3262 725 3354 fuerat,
765 3285 1113 3359 pavorem
1152 3264 1595 3358 conjecerat,
1634 3270 1714 3338 ut
1741 3265 1896 3359 jam
1936 3271 2087 3337 tum
2124 3284 2268 3337 non
2308 3261 2502 3335 defu·

275 3388 455 3463 erint
492 3387 850 3485 plerique,
890 3388 1015 3486 qui
1054 3389 1342 3462 subitae
1398 3389 1621 3485 fugae
1659 3388 1977 3490 principi
2015 3397 2357 3464 auctores
2397 3409 2508 3461 es-

274 3524 449 3607 sent,
501 3514 983 3613 confictisque
1057 3515 1470 3591 rumoribus
1526 3516 1819 3592 hostem
1886 3518 2195 3613 jamJam
2232 3515 2309 3588 in
2345 3532 2506 3613 pro-

272 3639 537 3739 pinquo
614 3641 1053 3736 adventare,
1098 3642 1511 3741 copiasque
1606 3642 1989 3741 tripartito
2047 3640 2375 3717 dividere
2432 3650 2506 3717 et

272 3778 659 3866 postquam
716 3777 967 3844 castra
1020 3769 1376 3871 principis
1428 3768 1588 3845 sine
1650 3770 2066 3846 discrimine
2108 3769 2297 3845 adiri
2362 3790 2506 3842 non

272 3915 489 3989 posse
526 3904 830 3994 propter
865 3896 1120 3971 fossae
1177 3896 1633 3972 altitudinem
1672 3903 2343 3993 tormentorumque
2381 3917 2499 3968 co-

273 4021 461 4117 piam
500 4019 972 4118 intelligeret,
990 4022 1229 4097 tribus
1268 4023 1344 4096 in
1379 4023 1564 4097 locis
1603 4023 1928 4098 adversa
1965 4030 2218 4098 castra
2255 4022 2507 4096 obten-

275 4146 439 4222 dere
474 4149 973 4237 constituisse,
1014 4157 1094 4222 ut
1130 4150 1430 4224 militem
1468 4156 1796 4223 nostrum
1838 4157 2214 4224 armatura
2253 4147 2500 4244 equis-

276 4295 403 4368 que
442 4297 772 4371 gravem,
813 4281 887 4349 et
924 4275 1230 4371 praeliis
1271 4274 1718 4372 quotidianis
1755 4274 2040 4371 fatiget,
2082 4282 2157 4349 et
2193 4295 2500 4348 comme-

277 4406 388 4474 atu
462 4400 893 4499 prohibeat,
954 4411 1027 4476 et
1082 4402 1146 4475 si
1220 4403 1413 4477 forte
1471 4403 1812 4480 moliatur
1869 4380 2508 4493 retrocessionem,

276 4537 619 4617 marceat,
675 4528 990 4626 denique
1043 4529 1142 4603 ad
1180 4539 1510 4606 extrema
1565 4531 1991 4633 perductum
2027 4530 2297 4604 ibidem
2336 4551 2502 4603 con-

278 4654 486 4729 ficiat.
546 4652 762 4746 Quod
851 4658 1090 4754 ipsum
1148 4658 1466 4734 alienum
1563 4684 1609 4731 a
1667 4682 1842 4734 vero
1900 4657 2171 4749 fuisse,
2250 4655 2505 4730 hostes
