3293 5219
2327 386 2475 463 113

225 613 440 678 antea
469 603 754 678 domum
779 624 939 676 cum
961 603 1329 677 universis
1350 604 1571 676 rebus
1587 604 2222 700 emiserat,regno,
2242 604 2472 700 digni-

223 732 380 821 tati,
420 730 685 812 officio,
728 728 1008 814 honori,
1031 738 1251 825 atque
1290 729 1816 804 existimationi
1845 732 2294 828 praeposuit.
2315 731 2465 806 Do-

227 857 534 933 minicus
573 879 751 932 vero
777 878 1120 931 reversus
1143 880 1276 952 per
1296 855 1567 931 rhedas
1590 879 1753 931 cum
1772 858 2051 954 paucis,
2091 860 2467 953 vagabun-

234 982 370 1060 dus
424 985 523 1057 ab
583 981 944 1058 Valachis
993 984 1149 1077 Jam
1205 1005 1509 1075 regnum
1588 982 1951 1079 ingressis
2024 984 2471 1082 interceptus

225 1121 295 1183 et
332 1111 429 1184 ad
506 1108 983 1207 Solymanum
1064 1108 1335 1183 missus
1375 1116 1507 1182 081.
1552 1107 1820 1183 Petrus
1854 1120 2095 1184 81110111
2133 1108 2465 1184 Petrovi-

224 1234 371 1311 tius
428 1257 681 1310 mense
775 1234 1043 1309 Martio
1125 1257 1214 1307 ex
1312 1234 1581 1309 ditione
1661 1235 2316 1311 karansebesiensi
2394 1244 2468 1311 01

226 1359 632 1457 lugosiensi
747 1360 820 1433 in
920 1360 1560 1435 Transsilvaniam
1638 1361 1859 1435 venit.
1921 1363 2076 1437 Eas
2151 1362 2465 1438 ditiones

230 1484 676 1586 Solymanus
744 1492 915 1584 post
991 1486 1610 1584 expugnationem
1688 1488 2127 1562 Temesvari
2238 1487 2462 1562 Petro

234 1613 667 1702 donaverat,
758 1620 1185 1709 partemque
1262 1612 1633 1708 copiarum
1711 1611 1807 1686 ad
1899 1612 2467 1712 expugnandam

238 1741 527 1815 Devam
605 1736 844 1828 misit,
920 1738 1082 1834 ipse
1142 1738 1486 1836 oppidum
1591 1738 1969 1813 Zazsebes
2063 1740 2472 1838 occupavit,

232 1867 672 1964 perantiquo
713 1887 942 1954 muro,
981 1872 1376 1962 praeterea
1414 1865 1620 1939 nulla
1666 1867 2084 1956 munitione,
2125 1889 2267 1942 uno
2305 1875 2461 1941 tan·

226 2005 370 2069 tum
428 1990 727 2067 milliari
785 1993 881 2066 ab
958 1989 1162 2065 Alba
1216 1992 1443 2068 Julia.
1519 1993 1697 2069 Jam
1753 1994 1978 2068 etiam
2035 2018 2127 2068 ex
2183 1994 2465 2070 Molda-

231 2120 385 2212 via,
467 2120 650 2195 duce
708 2119 1011 2194 Moczoc
1067 2126 1230 2194 octo
1289 2118 1565 2210 millia,
1624 2144 1717 2194 ex
1797 2121 2162 2219 cisalpina
2237 2122 2465 2197 Vala-

233 2247 397 2322 chia
437 2247 877 2337 duodecem,
936 2246 1256 2342 majores
1316 2246 1569 2344 copias
1619 2257 2211 2344 praecesserant,
2272 2270 2457 2345 quas

236 2374 373 2472 ipsi
410 2373 781 2471 vajvodae
839 2371 1225 2447 adducturi
1263 2378 1495 2446 erant„
1610 2372 1884 2447 Albam
1944 2371 2223 2448 Juliam
2279 2373 2464 2447 Mel-

238 2500 437 2577 chior
530 2500 855 2575 Balassa
931 2522 1092 2573 cum
1165 2496 1804 2573 Moldaviensibus
1895 2506 2294 2596 oppugnat,
2389 2500 2466 2574 in

240 2652 375 2725 qua
449 2626 732 2703 Paulus
805 2626 1285 2704 Bornemisza
1359 2626 1754 2725 episcopus
1812 2636 1993 2717 erat,
2069 2650 2163 2701 ex
2218 2625 2468 2702 infima

240 2755 450 2852 plebe
490 2763 729 2845 ortus,
774 2763 851 2829 et
887 2753 1219 2829 canonici
1280 2762 1500 2851 atque
1540 2756 1680 2828 viri
1719 2753 2209 2830 ecclesiastici
2245 2756 2465 2850 longe

240 2882 665 2981 amplissimi
721 2888 944 2981 atque
1013 2881 1549 2979 opulentissimi
1607 2882 1945 2978 collegii,
2004 2882 2142 2956 sed
2200 2882 2464 2979 quibus

250 3009 574 3084 omnibus
649 3007 1009 3083 avaritiae
1068 3015 1288 3104 atque
1345 3008 1669 3083 sordium
1723 3031 1941 3083 unum
2000 3029 2290 3104 semper
2326 3006 2476 3103 fuit·

246 3135 660 3211 institutum.
705 3134 899 3227 Quin
936 3132 1217 3209 Paulus
1278 3134 1782 3223 Bornemisza,
1821 3157 1914 3208 ne
1956 3134 2129 3230 quid
2164 3133 2471 3207 faculta-

245 3273 378 3337 tum
418 3264 875 3351 diminueret,
917 3270 991 3335 et
1027 3261 1101 3334 in
1131 3264 1432 3358 jactura
1450 3261 1664 3356 regni
1706 3261 1868 3358 ipse
1905 3268 2151 3334 tamen
2189 3260 2469 3336 lucrum

252 3387 543 3480 faceret,
622 3394 905 3462 mature
954 3385 1099 3460 sibi
1117 3386 1711 3484 prospiciendum
1751 3388 2054 3475 censuit,
2081 3408 2224 3460 non
2261 3386 2466 3481 igna-

245 3538 386 3607 rus,
424 3516 493 3589 si
513 3537 651 3611 per
674 3513 819 3585 vim
840 3511 935 3586 ad
959 3511 1401 3586 deditionem
1423 3513 1777 3603 venirent,
1804 3521 1929 3586 aut
1971 3511 2314 3610 oppidum
2352 3535 2473 3585 ex-

254 3648 663 3738 pugnarent
720 3661 954 3734 neque
1014 3662 1239 3737 opere
1298 3640 1483 3714 satis
1540 3639 1906 3730 munitum,
1971 3645 2044 3713 et
2100 3638 2472 3735 praesidio

254 3791 458 3864 quam
499 3766 834 3859 minimo,
885 3775 1035 3842 tum
1093 3766 1578 3841 conditionem
1619 3765 2104 3842 difficiliorem
2139 3765 2473 3841 futuram.

250 3894 498 3991 Itaque
554 3895 769 3969 brevi
826 3916 984 3969 cum
1039 3891 1255 3968 hoste
1308 3893 1747 3992 paciscitur3
1788 3895 1980 3990 quod
2036 3901 2111 3968 et
2163 3890 2291 3967 ille
2329 3916 2474 3969 non

251 4021 464 4096 invite
502 4020 820 4114 admisit,
858 4030 938 4094 ut
976 4020 1075 4094 ad
1113 4018 1440 4116 reliquas
1497 4044 1707 4095 arces
1745 4020 2292 4118 recuperandas
2328 4041 2473 4093 non

254 4169 462 4241 mora,
498 4173 650 4223 non
688 4147 1282 4245 impedimentum
1305 4150 1914 4244 esset,viresque,
1955 4154 2175 4242 atque
2214 4146 2466 4244 copias

259 4275 343 4348 ab
379 4275 693 4373 plurium
733 4275 1054 4350 locorum
1094 4275 1648 4373 oppugnatione
1704 4274 1777 4347 in
1831 4296 2051 4348 unum
2104 4280 2473 4369 tamquam

259 4423 509 4501 corpus
549 4403 984 4479 contrahere
1022 4411 1300 4501 posset.
1331 4404 1590 4500 Neque
1612 4404 1849 4477 solum
1885 4423 2009 4475 res
2049 4400 2361 4491 auferre,
2401 4407 2475 4474 et

257 4526 322 4602 in
357 4528 700 4606 ditionem
739 4527 1191 4604 Ferdinandi
1230 4528 1519 4605 salvum
1540 4526 1747 4602 abire
1787 4526 2293 4624 permiserunt,
2332 4523 2470 4599 sed

265 4657 463 4730 0118111
500 4656 960 4742 frumentum,
1017 4655 1261 4730 vinum
1319 4664 1394 4730 et
1448 4657 1523 4730 id
1561 4677 1794 4750 genus
1832 4654 2108 4749 fruges,
2149 4652 2342 4749 quod
2379 4672 2471 4727 ex

362 4822 562 4861 10101.
596 4824 761 4861 mo·
794 4826 932 4862 mfl‘r.
971 4824 1179 4860 soum.
1212 4822 1322 4859 XVI·
2105 4774 2154 4849 8
