3293 5219
2252 386 2406 464 115

205 593 588 689 perioribus
638 593 854 669 annis
912 595 1231 692 Toygon
1290 597 1591 671 bassam
1651 597 1906 673 Budae
1964 597 2408 698 Solymanus

199 723 654 814 praefecerat,
700 720 1064 795 hominem
1084 722 1310 795 armis
1348 746 1437 795 ac
1457 723 1764 796 consilio
1803 726 2222 824 pollentem,
2261 751 2407 802 mo-

200 844 453 921 destum
493 870 584 921 ac
619 846 829 945 pacis
886 853 1333 921 amatorem:
1388 856 1790 945 propterea
1829 851 2022 947 quod
2061 852 2157 926 ad
2192 876 2409 928 unam

195 974 531 1071 persicam
590 972 1129 1071 expeditionem
1189 974 1504 1048 animum
1561 984 1783 1072 atque
1824 978 2024 1052 vires
2079 979 2406 1055 intende-

194 1112 330 1185 rat‘,
365 1101 564 1176 illum
604 1124 787 1196 ergo
828 1109 1109 1191 evocat,
1166 1109 1239 1175 et
1297 1100 1445 1199 Aly
1503 1103 1808 1210 bassam
1845 1106 2081 1181 virum
2110 1106 2184 1181 in
2223 1108 2406 1182 mili-

191 1228 323 1303 tiae
354 1251 487 1303 usu
522 1228 917 1327 probatum
954 1233 1029 1302 et
1066 1250 1354 1320 acrem,
1396 1228 1520 1324 qui
1559 1228 1953 1307 Matthiam
2010 1231 2406 1309 Teifelium

193 1364 259 1429 et
306 1352 648 1430 Sfortiam
707 1351 1246 1429 Pallavicinum
1317 1378 1592 1453 magna
1649 1358 1862 1432 clade
1916 1358 2210 1434 fuderat
2283 1361 2408 1457 qui

193 1482 572 1557 exercitum
631 1481 729 1556 ad
780 1478 1225 1578 Segedinum
1264 1481 1448 1556 duce
1504 1481 1732 1558 Petro
1790 1484 2090 1561 Bakitio
2173 1487 2406 1563 conci-

188 1607 395 1699 derat,
431 1609 509 1683 in
548 1605 790 1682 locum
824 1607 1026 1682 illius
1066 1610 1449 1704 subrogat.

384 1735 523 1810 Hic
599 1735 738 1809 sub
794 1734 1076 1809 initium
1139 1737 1438 1811 solstitii
1512 1737 1781 1811 aestivi
1841 1736 2250 1836 Ungariam
2303 1739 2406 1813 in-

188 1883 475 1956 gressus
500 1919 516 1952 ,
574 1867 967 1959 postquam
1036 1860 1265 1935 multa
1342 1861 1431 1936 de
1490 1863 1942 1961 auspicando
2000 1866 2197 1940 bello
2253 1868 2404 1940 ani-

189 2009 291 2060 mo
328 1988 715 2085 agitasset,
755 1986 853 2059 ad
886 1994 1337 2083 postremum
1388 1990 1734 2087 oppidum
1803 2000 1876 2066 et
1914 2015 2158 2066 arcem
2199 1990 2413 2087 Zige-

187 2122 322 2188 tum
360 2114 430 2188 in
469 2111 1045 2208 infcrioriregni
1084 2137 1236 2205 ora,
1261 2137 1406 2210 qua
1425 2096 1726 2191 Dravus
1749 2116 2175 2192 inferiorem
2214 2116 2407 2191 Pan·
2489 2146 2494 2151 ·

178 2241 455 2315 uoniam
491 2261 837 2314 emensus
877 2236 1188 2314 Serviae
1226 2238 1412 2315 fines
1450 2263 1618 2315 mox
1658 2240 2027 2334 illabitur,
2065 2243 2140 2316 in
2179 2242 2404 2316 fauci-

180 2368 310 2441 bus
346 2366 660 2465 paludis,
736 2387 925 2464 quae
964 2388 1057 2439 ex
1098 2365 1404 2441 occultis
1461 2366 1793 2441 fontibus
1830 2389 2200 2465 perennes
2239 2368 2406 2466 ipsa

179 2493 317 2567 sibi
355 2516 588 2590 aquas
629 2491 1074 2591 suppeditat,
1129 2492 1295 2583 situ,
1335 2498 1621 2586 natura,
1662 2515 1910 2591 opere,
1950 2492 2241 2568 bellicis
2281 2519 2406 2592 ap-

178 2621 553 2718 paratibus
628 2619 938 2716 egregie
1033 2620 1382 2695 munitum
1477 2642 1911 2719 oppugnare
2005 2621 2403 2696 constituit.

181 2746 387 2838 Quod
442 2770 532 2822 eo
576 2745 885 2822 consilio
942 2746 1037 2820 ab
1097 2746 1568 2822 Ferdinando
1624 2770 1893 2842 magno
1943 2747 2184 2824 studio
2242 2770 2408 2823 con-

177 2883 524 2950 structum
604 2880 804 2964 erat,
881 2896 1026 2947 non
1079 2880 1160 2947 ut
1208 2895 1414 2947 oram
1469 2871 1674 2948 illam
1733 2873 2119 2969 Ungariae
2170 2873 2408 2948 solam

174 3010 513 3092 tueretur,
603 2999 739 3074 sed
792 2998 887 3073 ob
949 2999 1135 3073 situs
1191 2999 1581 3074 maximam
1638 3000 1735 3073 ad
1791 3009 1946 3074 tres
1984 3000 2406 3097 provincias

176 3128 781 3205 commoditatem.
840 3124 1032 3200 Nam
1087 3125 1163 3198 in
1202 3125 1522 3200 adversa
1574 3125 1742 3224 ripa
1805 3126 2065 3217 Dravi,
2107 3126 2406 3202 Sclavo-

176 3256 291 3330 nia
328 3254 748 3354 incipiebat,
789 3259 864 3326 et
916 3251 1325 3349 proximum
1379 3252 1454 3326 in
1512 3247 1911 3327 Sclavonia
1951 3252 2293 3350 oppidum
2333 3253 2408 3327 in

175 3389 541 3480 potestate
620 3376 1074 3454 Ferdinandi
1129 3373 1572 3475 Caproncza
1640 3387 1821 3452 erat.
1921 3377 2248 3475 Styriam
2312 3381 2405 3453 ab

172 3519 407 3586 tractu
496 3506 888 3604 sigetiensi
1019 3504 1095 3577 M
1101 3528 1234 3579 ura
1305 3505 1541 3579 amnis
1664 3505 1988 3602 antiquis
2065 3505 2407 3578 Savarba

174 3637 368 3712 haud
440 3636 664 3732 longe
741 3631 1328 3722 disterminabat,
1401 3633 1526 3728 qui
1598 3632 1674 3707 in
1714 3633 2047 3706 Dravum
2123 3632 2221 3706 ad
2281 3656 2405 3730 op-

172 3765 417 3862 pidum
456 3761 721 3840 Zakan
759 3759 1116 3836 illabitur.
1212 3757 1524 3833 Austria
1580 3781 1726 3833 non
1784 3759 2085 3832 multum
2124 3759 2404 3834 aberat.

169 3887 582 3966 Secundum
620 3889 976 3979 Dravum,
1049 3907 1192 3961 uno
1232 3893 1453 3984 atque
1491 3894 1695 3962 recto
1735 3891 1975 3959 tractu
2015 3905 2247 3979 usque
2291 3882 2401 3959 Si-

170 4027 452 4114 getum,
541 4014 728 4092 haec
800 4022 1016 4091 erant
1089 4037 1181 4089 ex
1277 4013 1533 4088 ordine
1626 4012 1900 4111 oppida
1992 4016 2213 4106 atque
2291 4036 2404 4087 ar-

171 4168 298 4222 ces
350 4173 367 4217 ε
436 4146 724 4237 Zacan,
784 4140 1124 4239 ChorgO,
1203 4141 1615 4231 Berzence,
1710 4138 2153 4214 Belovarum
2176 4196 2192 4229 ,
2264 4138 2406 4212 Ba-

174 4270 439 4362 bocha,
482 4269 818 4370 Sigetum
872 4291 1054 4367 ergo
1095 4267 1374 4343 decimo
1413 4275 1624 4342 sexto
1667 4263 1971 4341 Calend.
2011 4265 2217 4342 Junii
2278 4287 2405 4363 op·

174 4397 493 4499 pugnari
514 4406 851 4495 coeptum
871 4403 1005 4471 est.
1049 4394 1333 4486 Quibus
1357 4395 1446 4468 de
1467 4394 1714 4469 causis
1736 4391 2250 4467 Ferdinandus
2273 4392 2402 4466 ali-

172 4535 351 4624 quot
368 4524 745 4623 copiarum
765 4521 1191 4621 praefectos
1208 4521 1287 4594 in
1308 4521 1674 4620 superiori
1697 4517 2127 4608 Germania,
2150 4540 2239 4592 ac
2278 4517 2390 4592 de-

170 4677 332 4730 cem
365 4652 664 4728 circiter
683 4650 917 4726 millia
952 4648 1298 4750 peditum,
1319 4648 1443 4745 qui
1474 4647 1744 4746 partim
1782 4646 1919 4721 sub
1959 4645 2404 4744 imperatore

1995 4768 2088 4846 8*
