3293 5219
2389 320 2545 395 513

278 537 745 638 potissimum
843 538 920 611 in
1021 537 1378 635 petitione
1491 537 1708 633 regni
1769 551 1779 557 ·
1819 537 2194 634 repulsam
2286 545 2554 635 postea

287 665 474 747 tulit.

499 788 655 866 Sub
696 791 892 866 idem
959 797 1250 889 tempus
1311 788 1615 865 duorum
1673 811 2066 886 regnorum
2121 787 2548 866 Moldaviae

280 926 355 993 et
394 917 754 995 Poloniae
809 919 1254 994 mutationes
1317 918 1566 993 factae
1622 928 1812 994 sunt.
1865 917 2017 994 Sed
2070 926 2149 993 ut
2185 918 2548 993 Moldavi-

286 1069 451 1121 cum
492 1046 873 1142 negotium
928 1046 1369 1145 praecessit,
1408 1046 1515 1120 ita
1572 1046 1816 1121 etiam·
1853 1047 2085 1145 priori
2122 1048 2289 1123 loco
2329 1069 2550 1145 expe-

290 1172 599 1250 diemus.
664 1172 1022 1273 Superius
1101 1175 1590 1267 narravimus,
1666 1174 1770 1249 uti
1848 1173 2206 1273 despotes
2262 1173 2553 1250 occisus

278 1300 400 1394 sit,
441 1309 516 1376 et
551 1301 984 1377 Alexander
1038 1301 1116 1375 in
1153 1302 1470 1397 gratiam
1510 1301 1562 1379 J
1565 1301 1880 1376 ohannis
1919 1303 2021 1377 II.
2067 1304 2164 1378 ab
2205 1300 2545 1400 Solyma·

280 1450 376 1502 no
415 1429 797 1505 remissus.
842 1429 1005 1521 Quo
1045 1453 1327 1528 paucos
1362 1437 1538 1530 post
1576 1452 1811 1506 annos
1850 1430 2006 1506 fato
2044 1431 2317 1522 functo,
2353 1431 2547 1506 filios

283 1555 470 1632 duos
510 1557 830 1655 reliquit,
868 1580 1016 1632 una
1055 1581 1217 1633 cum
1265 1565 1521 1648 matre,
1558 1558 1856 1650 femina,
1914 1565 1992 1634 ut
2049 1557 2242 1633 inter
2279 1559 2547 1634 barba-

280 1705 431 1775 ros,
469 1684 766 1781 ingenio
806 1693 879 1760 et
914 1685 1315 1782 prudentia
1371 1708 1518 1761 non
1561 1685 2132 1783 contemnenda3
2173 1708 2333 1760 cum
2372 1686 2544 1761 ado·

278 1812 652 1886 lescentes
690 1810 885 1885 filios
945 1810 1132 1885 satis
1189 1810 1542 1886 fiorentes
1598 1812 1673 1886 in
1711 1811 2114 1909 tranquillo
2155 1820 2374 1907 statu,
2413 1834 2548 1888 suo

280 1936 590 2012 consilio
610 1937 1063 2034 reliquisset.
1081 1937 1292 2029 Quae
1312 1939 1440 2014 ubi
1462 1939 1804 2031 decessit,
1827 1947 1902 2015 et
1922 1939 2329 2037 Bogdanus
2348 1938 2546 2015 filius

277 2089 591 2162 regnum
630 2066 944 2163 adeptus
976 2074 1112 2160 est,
1151 2065 1512 2141 luxuriari
1534 2068 1800 2165 coepit,
1841 2067 2311 2143 consiliarios
2351 2076 2549 2143 vete-

277 2216 405 2269 res
447 2216 826 2289 spernere,
853 2216 942 2269 ac
968 2216 1205 2269 novos
1228 2195 1512 2292 pariter
1535 2194 2080 2283 adolescentes,
2122 2220 2212 2270 ac
2251 2217 2382 2270 eos
2406 2194 2545 2270 Po-
2645 2238 2653 2248 ·

279 2320 516 2413 Ionos,
557 2319 683 2417 qui
721 2344 815 2394 ex
855 2319 1075 2396 solito
1117 2319 1554 2395 commercio
1614 2321 2144 2412 commeabant,
2185 2321 2543 2419 recipere.

282 2453 399 2526 Ita
436 2448 691 2540 fiebat,
730 2457 810 2523 ut
847 2455 922 2522 ct
963 2447 1494 2523 consuetudine
1515 2469 1916 2545 pravorum
1954 2448 2546 2522 consiliariorum

282 2586 354 2654 et
429 2584 737 2653 naturae
814 2576 1117 2651 feritate
1210 2574 1737 2669 insolesceret;
1848 2574 2142 2673 aliquos
2228 2576 2546 2668 Turcas‚

280 2705 404 2802 qui
443 2711 796 2803 parentes
844 2705 940 2778 ab
1000 2703 1267 2778 exsilio
1330 2703 1659 2778 comitati
1713 2704 2030 2796 fuerant,
2071 2701 2376 2799 occidit;
2419 2703 2545 2777 de-

280 2833 504 2929 nique
581 2852 762 2904 suae
807 2829 1057 2925 gentis
1096 2828 1435 2903 homines
1511 2826 1716 2904 nullo
1756 2829 2034 2904 honore
2073 2829 2332 2920 habito
2370 2851 2545 2904 con-

285 2959 682 3036 temnebat.
745 2956 905 3033 Soli
943 2957 1208 3032 Poloni
1247 2956 1665 3032 custodiam
1722 2957 2083 3055 corporis,
2140 2957 2283 3032 soli
2321 2979 2549 3053 nego-

281 3090 387 3164 tia
426 3088 643 3185 regni
681 3086 1323 3161 administrabant.
1421 3082 1557 3159 Ad'
1593 3085 1780 3159 haec
1853 3085 2169 3183 ipsemet
2242 3086 2547 3184 saepius

282 3215 584 3310 Hotin0,
640 3238 832 3313 quae
869 3237 1004 3290 arx
1042 3213 1264 3289 fluvio
1305 3211 1740 3287 intermedio
1777 3219 2058 3287 tantum
2097 3212 2193 3288 ab
2232 3210 2549 3298 Polonia

284 3345 524 3436 abest,
584 3341 803 3417 luxus
863 3341 1113 3439 gratia
1170 3340 1247 3414 in
1322 3338 1711 3415 Poloniam
1766 3338 2020 3414 rhedis
2077 3339 2543 3414 excurrebat.

286 3470 674 3545 Postremo
713 3469 811 3542 ad
850 3466 1207 3544 Poloniae
1247 3490 1504 3564 regem
1542 3466 1771 3541 misso
1812 3472 2134 3556 oratore,
2173 3487 2257 3539 se
2297 3473 2371 3540 et
2433 3488 2547 3540 re-

288 3622 514 3696 gnum
551 3597 620 3671 ei
660 3595 1218 3684 commendavit,
1257 3603 1337 3669 ut
1372 3593 1756 3693 imperium
1793 3594 2043 3691 palam
2082 3592 2180 3667 ad
2218 3591 2546 3667 Polonos

284 3724 763 3803 transtulisse
819 3723 1228 3814 videretur,
1287 3722 1596 3818 ignarus
1652 3720 2095 3796 adolescens
2152 3743 2246 3794 ex
2319 3720 2548 3794 insita

287 3852 637 3930 barbaris
673 3849 973 3940 ferocia,
1011 3871 1323 3945 regnum
1359 3846 1672 3922 internis
1729 3852 1804 3920 et
1844 3843 2270 3922 domesticis
2310 3845 2541 3920 consi-

287 3982 414 4057 liis
453 3979 694 4075 magis
751 3975 1095 4068 stabiliri,
1152 3998 1371 4073 quam
1426 3972 1830 4049 ambitione
1886 3971 2252 4046 amicitiae
2309 3978 2546 4047 exter-

292 4131 554 4186 norum
592 4129 875 4202 regum.
936 4100 1231 4176 Deinde
1272 4101 1459 4175 duas
1498 4121 1802 4176 sorores
1858 4099 1935 4172 in
1973 4097 2359 4172 Poloniam
2400 4097 2546 4188 dat,

292 4244 368 4313 et
405 4236 569 4334 ipse
607 4254 913 4310 uxorem
954 4255 1049 4306 ex
1099 4229 1405 4304 Polonis
1451 4229 1875 4326 desponsat.
1939 4226 2105 4301 Has
2144 4227 2241 4301 ob
2280 4247 2550 4300 causas

293 4372 370 4440 et
408 4363 565 4438 suis
603 4367 679 4436 et
716 4359 989 4434 Turcis
1026 4357 1308 4431 invisus
1364 4377 1535 4430 esse
1592 4353 1856 4452 coepit.
1896 4354 2163 4449 Itaque
2204 4347 2545 4436 Selimus,

291 4488 532 4588 primo
572 4494 654 4563 ut
713 4492 1063 4561 externae
1118 4481 1441 4558 nationis
1499 4488 1573 4555 et
1626 4481 1771 4556 sibi
1827 4484 2223 4578 suspectae
2261 4500 2546 4552 omnem

293 4616 692 4693 amicitiam
767 4622 840 4690 et
895 4610 1403 4688 commercium
1461 4608 1754 4699 vitaret,
1811 4603 2200 4698 mandare3
2278 4611 2546 4702 postea

408 4784 605 4822 nomm.
647 4781 806 4816 HUNG.
842 4779 982 4819 ms‘r.
1016 4778 1212 4812 scnn‘r.
1249 4776 1358 4811 XVI·
2121 4726 2224 4804 33
