3293 5219
873 287 1024 363 506

867 531 1023 582 mus
1098 510 1656 605 protestantium
1732 508 1903 584 alba
1958 533 2169 585 cruce
2237 520 2608 604 notantur;
2693 512 2789 586 ibi
2829 533 3052 587 omnes

859 635 1018 708 sine
1109 657 1332 709 sexus
1409 635 1843 728 discrimine,
1937 635 2074 708 viri
2149 644 2222 710 et
2294 638 2659 725 mulieres,
2710 661 2875 712 nece
2941 640 3053 711 mi-

866 760 1170 835 serabili
1283 761 1838 852 interimuntur,
1970 762 2303 859 bonaque
2432 763 2874 861 diripiuntur.
2972 767 3049 839 In

865 889 1049 962 vicis
1087 897 1161 962 et
1215 891 1644 985 regionibus
1705 891 2038 965 omnibus
2091 890 2411 965 civitatis
2467 892 2661 965 idem
2707 892 2806 965 fit.
2843 888 3056 966 Cada-

867 1039 1046 1090 vera
1099 1017 1505 1092 occisorum
1559 1018 1631 1092 in
1689 1015 2167 1115 profluentem
2221 1017 2529 1093 deformi
2586 1026 2663 1092 et
2716 1017 3052 1092 horrendo

865 1145 1288 1241 spectaculo
1340 1144 1750 1219 trahuntur.
1792 1143 1954 1217 Rex
2013 1144 2398 1219 Navarrae
2460 1151 2533 1217 et
2573 1138 2951 1219 Condaeus
2984 1143 3053 1215 in

867 1270 1239 1345 custodias
1293 1270 1704 1365 traduntur,
1761 1278 1835 1344 et
1871 1256 1961 1345 de
2017 1272 2110 1344 iis
2164 1271 2389 1366 vulgo
2446 1269 2543 1345 ad
2596 1270 2894 1343 missam
2940 1266 3043 1343 vel

865 1395 959 1470 ad
997 1419 1264 1493 aquam
1301 1397 1886 1491 praedicabatur.
1948 1393 2192 1493 Supra
2227 1395 2461 1470 millia
2499 1395 2865 1471 hominum
2912 1395 3049 1470 XII

860 1545 946 1598 eo
992 1520 1300 1596 tumultu
1334 1523 1717 1620 utriusque
1754 1545 1978 1596 sexus
2014 1522 2468 1620 interempta.
2528 1522 2737 1598 Idem
2790 1544 3046 1619 quoque

864 1649 1299 1747 supplicium
1335 1649 1410 1723 in
1449 1672 1732 1724 omnem
1770 1672 2047 1741 sexum,
2087 1657 2160 1724 et
2189 1649 2360 1724 aliis
2397 1651 2472 1724 in
2509 1648 2923 1724 civitatibus
2957 1646 3057 1721 de-

870 1776 1180 1859 saeviit3
1218 1784 1297 1851 ut
1332 1776 1428 1849 ad
1466 1776 1609 1850 XL
1639 1773 2005 1851 hominum
2042 1777 2271 1851 millia
2308 1800 2440 1874 per
2477 1774 2806 1850 Galliam
2840 1776 3065 1849 eodem

865 1909 1217 1999 tempore,
1240 1909 1314 1975 et
1349 1904 1788 1999 praestituto
1827 1902 1944 1983 die
1999 1903 2330 1977 delendis
2369 1903 2466 1977 ad
2501 1926 2724 1977 unum
2760 1901 3058 1978 omnibus

864 2030 1446 2128 protestantibus
1502 2051 1727 2104 caesa
1782 2029 2136 2105 dicantur.
2212 2029 2378 2105 Hoc
2433 2037 2551 2104 est
2606 2030 2796 2105 inter
2850 2027 3061 2105 omnia

867 2156 1321 2230 crudelitatis
1392 2157 1732 2253 exempla
1802 2166 2172 2232 rarumet
2207 2158 2611 2253 singulare,
2676 2163 2757 2232 ut
2830 2156 2891 2230 si
2955 2178 3059 2229 an·

861 2282 1068 2380 tiqua
1142 2284 1788 2380 persequutionum
1881 2284 2220 2382 exempla
2311 2285 2476 2382 quis
2572 2283 2879 2358 miratus
2960 2280 3058 2367 sit,

858 2412 1012 2505 jam
1093 2411 1344 2485 mirari
1419 2410 1729 2499 desinat,
1822 2434 1983 2486 cum
2037 2409 2422 2507 religionis
2475 2433 2659 2507 ergo
2713 2433 2855 2485 non
2903 2409 3063 2483 alias

866 2558 1008 2611 uno
1045 2538 1119 2612 in
1155 2560 1387 2633 regno
1444 2545 1552 2614 tot
1588 2560 1823 2628 neces,
1845 2545 2189 2636 patratae
2246 2536 2416 2612 sint.
2475 2536 2595 2613 Ab
2632 2535 2777 2612 hoc
2827 2534 3065 2611 facino·

866 2687 949 2736 re
986 2687 1122 2738 rex
1160 2663 1475 2738 edictum
1514 2664 1886 2761 divulgat:
1924 2665 2119 2738 velle
2156 2686 2239 2738 se
2261 2663 2600 2737 omnibus
2622 2670 2873 2736 notum
2907 2682 3067 2746 esse,

868 2785 1298 2862 Amiralium
1353 2796 1425 2863 et
1461 2789 1704 2863 socios
1744 2791 1905 2885 eJus
1944 2813 2037 2863 ex
2074 2788 2417 2863 mandato
2475 2810 2609 2861 suo
2649 2788 2931 2863 occisos
2966 2806 3062 2858 es·

863 2938 948 2990 se
968 2972 985 3002 ,
1024 2938 1170 2990 non
1205 2922 1447 2991 tamen
1484 2917 1868 3012 religionis
1924 2939 2174 3008 causa,
2234 2938 2472 3013 neque
2529 2915 2729 3011 quod
2764 2912 3071 3012 pacifica·

867 3040 1091 3116 tionis
1128 3040 1549 3115 foederibus
1589 3041 2099 3117 contravenire
2138 3040 2386 3130 vellet,
2461 3063 2718 3115 verum
2765 3049 2845 3114 ut
2896 3037 3071 3112 nefa·

875 3167 1061 3242 riam
1099 3168 1718 3265 conspirationem
1755 3167 2051 3244 illorum
2087 3168 2166 3242 in
2200 3191 2452 3242 necem
2491 3191 2701 3242 suam
2742 3174 2817 3241 et
2852 3163 3078 3240 fratris

872 3301 946 3367 et
1005 3294 1309 3389 reginae
1362 3296 1619 3370 matris
1677 3305 1752 3369 et
1822 3295 2025 3391 regis
2100 3295 2511 3386 Navarrae,
2569 3303 2646 3369 et
2699 3301 3078 3368 ceterorum
3179 3271 3185 3278 ⁶

878 3421 1250 3517 regiorum
1286 3421 1879 3497 administrorum
1938 3428 2463 3497 anteverteret.
2556 3422 2823 3518 Itaque
2875 3417 3079 3493 refor-

871 3554 1112 3620 matae
1148 3545 1530 3641 religionis
1567 3547 1898 3623 homines
1948 3547 2328 3622 indemnes
2366 3555 2589 3643 atque
2626 3546 2927 3620 illaesos
2961 3543 3081 3617 sub

864 3670 1318 3768 protectione
1355 3671 1569 3767 regia
1603 3695 1687 3747 se
1725 3674 1885 3748 fore
1921 3674 2180 3748 sciant.
2217 3672 2317 3747 Et
2351 3672 2707 3746 mandare
2762 3694 2845 3746 se
2879 3668 3082 3744 omni·

866 3795 1006 3870 bus
1042 3795 1275 3890 regiis
1312 3795 1785 3888 administris,
1834 3822 1926 3873 ne
1964 3797 2115 3873 illis
2162 3797 2239 3872 in
2275 3799 2713 3897 corporibus
2768 3796 3085 3872 fortunis-

874 3944 966 3994 ve
1034 3921 1148 3995 vis
1243 3922 1605 4018 injuriave
1679 3923 1832 3999 ulla
1905 3925 2284 3999 inferatur.
2395 3926 2920 4000 Verumtamen
2939 3981 2956 4014 ‚
3020 3929 3088 3997 ut

873 4047 1106 4121 omnis
1164 4048 1259 4120 ad
1295 4049 1727 4126 seditionem
1778 4061 1852 4127 et
1922 4051 2307 4126 tumultum
2344 4071 2575 4125 causa
2608 4050 3079 4147 praecidatur,

875 4172 1206 4248 inhibere
1281 4198 1362 4250 se
1439 4178 1827 4253 conciones
1902 4186 2449 4275 conventusque
2520 4185 2673 4250 tam
2741 4177 3082 4273 publicos,

883 4321 1098 4396 quam
1135 4299 1468 4396 privatos
1509 4326 1786 4394 omnes,
1841 4327 2165 4402 eousque
2204 4303 2437 4380 donec
2475 4302 2736 4377 melius
2775 4324 2910 4397 per
2948 4323 3086 4376 eum

881 4423 1403 4519 providebitur.
1499 4429 1600 4503 Et
1655 4432 1779 4527 qui
1835 4439 2099 4505 contra
2166 4430 2484 4506 fecerit:
2541 4427 2869 4526 capitale
2909 4435 3084 4518 esto3

885 4549 1076 4626 bona
1132 4553 1641 4630 confiscentur.
1738 4559 2072 4635 Alterum
2128 4559 2440 4635 edictum
2496 4553 2953 4653 publicatur,
3023 4561 3086 4628 ut
