3293 5219
791 262 950 340 444

790 482 1109 560 Primum
1129 483 1445 558 omnium
1463 490 1632 579 post
1652 484 1948 559 multam
1971 482 2541 572 altercationem,
2571 482 2867 559 tandem
2893 485 2946 561 J
2948 510 3031 560 o-

787 609 1070 685 hannes
1086 610 1497 707 insignibus
1507 608 1890 705 regalibus
1913 610 2321 707 cedit‚quod
2333 632 2548 684 unum
2559 631 2695 706 per
2716 619 3030 706 quatuor

787 744 861 812 et
880 735 1371 834 quadraginta
1389 757 1620 810 annos
1642 757 1907 829 magno
1929 742 2003 810 et
2021 735 2234 810 nobis
2254 741 2327 810 et
2346 733 2497 810 illis
2518 743 2591 810 et
2626 735 2787 811 orbi
2829 736 3025 813 deni-

787 887 926 962 que
954 860 1514 939 christianitatis
1543 862 1888 938 constitit:
1927 870 2037 937 tot
2064 864 2497 961 populorum
2517 863 2894 956 servitute,
2912 872 3019 940 tot

782 1013 1176 1087 regnorum
1195 986 1991 1081 amissione‚Croatiae,
2016 986 2480 1082 Sclavoniae,
2503 987 2833 1083 Serviae,
2849 991 3016 1065 utri-

786 1139 1019 1214 usque
1039 1115 1466 1208 Valachiae‚
1485 1116 1981 1213 Budae,atque
2017 1116 2250 1213 ipsius
2283 1115 2690 1212 Ungariae,
2724 1123 2834 1191 tot
2868 1116 3011 1190 bel·
3052 1168 3073 1178 -

784 1245 880 1318 lis
916 1242 1464 1319 infelicissimis.
1503 1239 2056 1318 Maximilianus
2093 1249 2336 1319 tamen
2373 1243 2660 1317 titulum
2699 1244 3004 1318 serenis-

785 1369 988 1461 simi,
1046 1392 1188 1467 quo
1225 1369 1331 1444 uti
1370 1376 1444 1444 et
1483 1392 1575 1445 ex
1613 1369 1917 1465 regibus
1959 1376 2187 1462 ortus,
2230 1377 2301 1445 et
2336 1369 2545 1467 regia
2582 1369 3007 1445 auctoritate

781 1498 856 1572 in
892 1518 1126 1593 regno
1165 1519 1298 1572 suo
1333 1497 1653 1593 fungens
1693 1503 2039 1587 uteretur,
2076 1496 2447 1595 permisit:
2506 1503 2585 1570 ut
2622 1497 2675 1573 J
2680 1497 3001 1572 ohannes

785 1621 1453 1715 Transsilvaniam,
1509 1623 1585 1697 in
1626 1622 1967 1719 Ungaria
2002 1647 2178 1699 vero
2217 1623 2598 1699 comitatus
2653 1623 3010 1699 biharien-

785 1775 962 1846 sem,
1036 1775 1182 1826 una
1219 1775 1382 1827 cum
1456 1749 1860 1842 Varadino,
1898 1752 2327 1842 Zolnocum,
2405 1749 2809 1843 Crasnam,
2843 1751 3008 1825 item

781 1876 1230 1975 provinciam
1283 1878 1748 1954 Marmatiam
1809 1901 1966 1954 cum
2022 1877 2268 1954 Huzto
2311 1902 2481 1954 arce
2575 1900 2663 1954 ac
2720 1877 3007 1953 mineris

781 2003 1041 2079 salinis
1095 2011 1453 2103 perpetuo
1510 2003 1950 2101 possideret,
2008 2013 2082 2079 et
2135 2005 2334 2080 intra
2387 2005 2526 2079 hos
2571 2005 2759 2080 fines
2796 2011 3004 2101 atque

775 2128 1127 2204 terminos
1163 2130 1454 2227 utrique
1491 2137 1819 2223 starent3
1879 2150 2069 2227 quae
2108 2137 2319 2205 extra
2355 2130 2495 2204 hos
2531 2131 2872 2227 utrinque
2908 2137 3000 2203 te-

776 2264 1142 2349 nerentur,
1217 2256 1567 2355 legitimis
1629 2256 1944 2331 dominis
1998 2256 2577 2350 remitterentur3
2654 2265 2879 2355 utque
2930 2257 2999 2330 in

776 2382 930 2457 suis
985 2383 1322 2459 dominiis
1379 2384 1613 2458 omnis
1671 2383 2074 2458 auctoritas
2113 2382 2372 2473 libera,
2411 2382 2776 2474 absoluta,
2811 2383 2993 2457 inde·

779 2508 1129 2607 pendens,
1171 2533 1260 2584 ac
1314 2507 1476 2584 solo
1515 2509 1806 2583 nomine
1844 2507 2052 2605 regio
2091 2515 2420 2604 excepto,
2457 2516 2529 2584 et
2565 2509 2827 2605 quovis
2862 2508 2995 2583 alio

774 2636 1133 2713 arbitratu
1187 2659 1320 2712 suo
1341 2636 1486 2712 sibi
1524 2636 1832 2725 delecto,
1875 2635 2278 2711 auctoritas
2315 2635 2527 2728 regia
2573 2635 2867 2731 integra
2900 2641 2993 2709 at-

764 2783 918 2864 que
948 2761 1426 2859 amplissima,
1451 2762 1672 2836 nullis
1695 2762 2250 2859 circumscripta
2269 2760 2829 2852 conditionibus,
2846 2784 2990 2856 per-

778 2895 1125 2962 maneret.
1177 2887 1282 2963 Ut
1317 2888 1369 2964 J
1373 2887 1701 2964 ohannes
1736 2888 2065 2963 vicissim
2100 2885 2681 2963 Maximilianum
2719 2911 2854 2985 pro
2887 2908 2986 2960 re-

776 3036 871 3109 ge
910 3012 1290 3110 Ungariae
1330 3011 1661 3108 haberet,
1700 3022 1918 3112 atque
1958 3023 2421 3109 agnosceret.
2444 3013 2563 3088 Ad
2582 3013 2771 3088 haec
2793 3033 2987 3110 quas-

772 3162 1054 3237 cunque
1089 3147 1328 3215 terras
1350 3140 1447 3216 ad
1485 3142 1860 3232 orientem,
1898 3148 2190 3216 veteres
2229 3141 2511 3245 scilicet
2537 3140 2733 3238 juris
2771 3161 2977 3238 popu-

771 3266 970 3364 lique
1007 3267 1358 3363 ungarici,
1381 3267 1539 3343 sive
1560 3289 1814 3361 novas,
1853 3289 2283 3365 quocunque
2322 3266 2674 3364 temporis
2713 3285 2981 3340 succes·

774 3416 881 3482 su,
939 3394 1167 3468 armis
1225 3417 1313 3468 ac
1367 3394 1635 3469 virtute
1692 3393 2293 3489 adipiscerentur,
2372 3379 2643 3467 sibiet
2680 3393 2834 3468 suis
2869 3413 2974 3465 ac-

774 3518 1169 3615 quirerent.
1228 3519 1511 3612 Quodsi
1586 3497 2229 3595 Transsilvaniam
2267 3541 2401 3616 per
2437 3519 2583 3592 vim
2621 3528 2842 3617 atque
2874 3519 2985 3594 im-

772 3645 1228 3740 pressionem
1266 3647 1616 3723 turcicam
1654 3646 1816 3744 ipse
1856 3653 1983 3721 aut
2017 3645 2131 3720 sui
2169 3645 2605 3736 amitterent,
2624 3644 2701 3718 in
2734 3643 2986 3721 Silesia

772 3767 1275 3867 oppoliensem
1354 3772 1695 3846 ducatum
1754 3794 1913 3846 cum
1970 3770 2229 3846 iisdem
2291 3770 2688 3846 ditionibus
2741 3781 2815 3846 et
2847 3772 2986 3845 fini-

772 3896 932 3985 bus,
973 3896 1238 3994 quibus
1295 3885 1514 3974 antea
1550 3898 1787 3974 tenuit
1825 3921 1982 3973 cum
2022 3898 2355 3973 Isabella
2396 3906 2650 3989 matre,
2672 3897 2987 3972 Maximi·

770 4022 1014 4096 lianus
1054 4029 1179 4097 aut
1214 4023 1348 4113 sui,
1386 4023 1438 4099 J
1442 4022 1716 4098 ohanni
1752 4024 2071 4120 suisque,
2111 4024 2498 4120 assignent
2543 4025 2987 4121 tradantque.

769 4146 890 4222 Ad
907 4145 1112 4239 haec,
1159 4154 1241 4222 ut
1276 4147 1492 4222 iidem
1530 4147 1785 4222 hostes
1826 4148 1974 4222 sint
2012 4155 2231 4246 atque
2270 4148 2506 4241 amici,
2543 4150 2824 4226 auxilia
2858 4173 2989 4225 mu·

776 4281 921 4366 tua,
962 4280 1037 4348 et
1072 4274 1490 4371 cumprimis
1530 4272 2080 4350 Maximilianus
2118 4276 2170 4352 J
2175 4277 2443 4351 ohanni
2482 4277 2659 4351 totis
2699 4277 2986 4367 viribus,

773 4397 838 4473 si
895 4421 1078 4496 opus
1118 4398 1233 4491 sit,
1255 4399 1636 4497 suppetias
1675 4399 1889 4474 ferat.
1946 4400 2333 4477 ,Iohannes
2371 4409 2614 4476 tamen
2655 4401 2983 4491 Turcam‚

767 4524 1243 4621 quoadusque
1259 4525 1420 4601 fieri
1482 4526 1774 4625 poterit,
1834 4527 2171 4624 quietum,
2229 4548 2426 4601 more
2483 4536 2859 4620 consveto,
2916 4533 2980 4602 et
